2502 4186
960 271 1028 307 mi
1073 267 1397 309 sAcmmcm.
2072 248 2190 307 269

83 426 316 475 tantum
343 414 405 472 in
437 413 546 472 hac
566 412 855 472 sententia
878 411 1257 492 requiruntur
1291 421 1352 469 et
1381 404 1676 467 sufficiunt
1695 451 1711 480 .,
1755 417 1821 465 ut
1854 406 2193 468 adstruatur

83 510 296 571 veritas
335 508 603 567 Sacrificii
637 498 858 583 Missaess,
910 504 1079 565 realis
1121 503 1334 563 scilicet
1371 499 1582 560 Christi
1617 503 1926 582 praesentia
1963 503 2025 562 in
2073 504 2182 562 Eu·

82 604 348 663 charistia
369 649 384 678 ,
410 624 587 684 quam
613 601 875 684 superius
901 593 1305 660 constituimus
1331 640 1347 670 .,
1374 606 1432 655 et
1455 597 1894 676 repraesentatio
1919 598 2191 658 Sacrificii

83 701 264 759 crucis
286 744 302 773 ,
342 719 518 780 quam
554 719 662 756 nec
693 698 803 779 ipsi
846 693 1158 757 adversarii
1197 691 1438 751 inficiari
1475 702 1719 771 possunt
1762 691 1950 751 inesse
1983 693 2045 751 in
2084 694 2191 752 Eu-

81 794 362 853 charistiae
383 791 790 851 celebratione.
817 792 1068 850 Tantum
1088 808 1262 868 porro
1297 785 1497 860 abest,
1532 796 1599 843 ut
1625 786 1884 866 exposita
1915 786 2183 847 doctrina

81 889 215 948 fidei
243 897 453 946 nostrae
481 887 672 968 aliqua
707 887 929 946 ratione
959 883 1297 945 adversetur
1315 926 1330 956 ,
1361 891 1427 940 ut
1461 902 1583 939 non
1606 880 1774 961 pauci
1814 880 2090 961 Theologi
2116 883 2180 941 in

46 986 53 992 “
83 980 335 1041 Concilio
368 981 710 1041 Tridentino
738 1002 866 1041 eam
889 976 1302 1062 proposuerint
1323 975 1398 1036 ad
1431 974 1964 1036 constabiliendam
1997 978 2190 1038 catho-

77 1076 248 1135 licam
294 1077 601 1136 veritatem
626 1068 799 1155 hujus
832 1073 1099 1133 Sacrificii
1127 1072 1236 1154 (2).

157 1171 297 1229 251.
346 1173 417 1230 Et
449 1171 566 1230 haec
594 1170 784 1252 quoad
818 1169 1122 1228 notionem
1164 1166 1468 1241 Sacrificii3
1515 1166 1674 1248 quod
1709 1166 1919 1226 'attinet
1951 1166 2025 1227 ad
2057 1173 2181 1247 ejus

76 1265 421 1327 divisionem
447 1316 463 1346 ‚
512 1265 819 1346 multiplex
862 1275 969 1324 est.
1018 1263 1318 1346 Siquidem
1371 1264 1434 1323 1ο
1476 1264 1702 1323 ratione
1751 1265 2033 1346 temporis
2079 1264 2192 1324 alia

77 1362 347 1420 sacrificia
385 1356 698 1421 dictasunt
738 1362 878 1440 lng's
909 1370 1150 1419 naturae
1164 1402 1185 1432 ,
1221 1359 1332 1418 alia
1370 1360 1513 1438 leyis
1549 1361 1791 1439 scriptoe
1810 1384 1831 1426 ;
1861 1360 1930 1417 2⁰
1963 1360 2193 1420 ratione

76 1457 370 1530 materiae,
410 1476 536 1538 quae
568 1453 921 1515 offerebatur
943 1501 959 1529 ‚
1005 1454 1115 1514 alia
1150 1453 1496 1513 dicebantur
1531 1454 1733 1513 hostz'oe
1766 1454 1862 1516 vel
1894 1459 2190 1528 victimae,

77 1550 187 1609 alia
229 1554 661 1611 immolationes
684 1596 700 1626 ,
732 1549 840 1609 alia
879 1551 1224 1615 libamina;
1264 1549 1329 1607 30
1363 1548 1588 1608 ratione
1619 1549 1816 1623 modi,
1855 1571 1970 1629 quo
2007 1552 2188 1631 perfi-

76 1644 381 1705 ciebantur
408 1692 424 1721 ‚
455 1657 556 1705 aut
594 1647 974 1717 holocausta,
1006 1657 1108 1704 aut
1142 1646 1344 1704 hostica
1358 1644 1630 1723 pacz‘fi'cae
1648 1687 1670 1716 ,
1710 1654 1811 1702 aut
1847 1645 2051 1703 hostz‘oe
2072 1666 2192 1725 pro

63 1751 304 1819 peccato
339 1751 675 1823 nuncupata
707 1726 880 1814 sunt,
918 1739 991 1799 de
1029 1738 1242 1821 quibus
1281 1739 1404 1799 fuse
1441 1740 1503 1798 in
1543 1739 1834 1813 Levitico;
1869 1739 1935 1798 30
1963 1740 2192 1800 ratione

76 1834 208 1892 finis
227 1834 510 1893 nonnulla
527 1834 819 1916 appellata
835 1845 974 1893 sunt
994 1836 1312 1894 latreutz'ca
1325 1878 1344 1906 ,
1376 1856 1482 1916 per
1512 1856 1640 1916 quae
1660 1836 1781 1893 Deo
1805 1833 2192 1894 exhibebatur

72 1927 414 2010 obsequium
439 1927 812 2007 subjectionis
833 1941 892 1989 et
917 1928 1212 1992 servitutis
1236 1955 1252 2004 ς
1292 1929 1575 1988 nonnulla
1599 1930 2034 2001 eucharistica,
2065 1950 2192 2012 quae

75 2024 284 2085 scilicet
326 2025 389 2084 in
422 2025 739 2105 gratiarum
775 2027 1067 2087 actionem
1100 2047 1209 2107 pro
1246 2026 1493 2107 acceptis
1528 2024 1860 2099 beneficiis;
1898 2025 2191 2085 nonnulla

73 2123 489 2197 impetratoria
509 2162 529 2191 ,
569 2141 699 2201 quae
745 2120 819 2179 ad
867 2119 1146 2180 beneficia
1188 2119 1546 2194 obtinendag
1602 2119 1887 2179 nonnulla
1933 2121 2191 2203 denique

66 2217 503 2292 propitiatoria
521 2260 536 2288 ,
572 2236 698 2295 quae
732 2214 806 2273 ad
838 2215 1191 2296 placandum
1221 2217 1408 2275 Deum
1434 2216 1725 2275 offensum
1763 2214 1837 2274 ob
1863 2215 2062 2298 culpas
2091 2215 2192 2277 ad-

76 2307 279 2365 missas
295 2308 745 2389 peragebantur.
774 2311 891 2368 Has
914 2331 1116 2370 omnes
1138 2311 1554 2392 proprietateS,
1583 2331 1710 2392 quae
1727 2310 2037 2392 multiplici
2056 2311 2191 2370 huic

76 2402 482 2462 sacrificiorum
500 2403 767 2465 divisioni
782 2404 973 2464 locum
988 2405 1280 2466 dederunt
1292 2407 1356 2464 in
1376 2406 1568 2465 Veteri
1584 2407 1730 2486 Lege
1750 2451 1765 2480 ,
1785 2416 1846 2465 et
1861 2405 1968 2464 hos
1999 2406 2190 2467 varies

76 2497 221 2555 fines
259 2519 460 2559 omnes
497 2500 558 2558 in
596 2521 657 2559 se
700 2500 1104 2583 complectitur
1135 2501 1375 2560 unicum
1409 2522 1578 2564 novae
1614 2500 1753 2581 legis
1792 2500 2142 2560 Sacrificium
2169 2545 2186 2575 ,

77 2589 150 2650 de
186 2614 302 2674 quo
344 2616 511 2675 agere
545 2596 924 2656 instituimus

965 2813 1204 2874 CAPUT
1247 2816 1291 2875 Ι.

258 3009 326 3044 DE
372 3008 643 3066 VERITATE
686 3012 983 3053 SACRIFICII
1024 3016 1416 3055 EUCHARISTICI
1460 3017 1709 3069 EJUSQUE
1751 3017 2007 3054 NATURA.

161 3186 302 3245 252.
353 3189 484 3246 Non
509 3188 696 3247 solum
716 3234 732 3265 .,
753 3202 1039 3273 quotquot
1068 3214 1100 3252 e
1126 3192 1517 3255 Novatoribus
1549 3194 1769 3256 realem
1795 3198 2007 3258 Christi
2034 3220 2189 3282 prae-

82 3282 330 3341 sentiam
386 3283 449 3340 in
497 3283 851 3345 Eucharistia
906 3288 1173 3365 rejiciunt
1197 3334 1212 3364 ,
1270 3301 1338 3348 ut
1389 3289 1724 3352 Calvinistae
1745 3339 1760 3368 .,
1807 3294 2151 3377 Zwingliani
2171 3340 2187 3368 .,

150 3487 218 3551 (l)
258 3488 379 3538 Hinc
436 3493 597 3540 merito
648 3490 882 3542 Vei-onius
907 3527 922 3554 ‚
984 3497 1087 3543 Re·
1171 3497 1323 3546 solum
1349 3507 1510 3547 tamen
1533 3502 1943 3549 commemorativo
1959 3540 1977 3561 ,
2003 3516 2102 3548 non
2117 3499 2191 3548 ab·

81 3568 326 3634 qulafidei
343 3611 359 3631 ‚
385 3589 484 3637 cap.
511 3589 559 3634 2,
586 3572 612 3639 ὃ
637 3572 693 3637 14
717 3612 731 3635 ,
759 3578 963 3639 exposita
978 3575 1089 3624 doc·
1172 3579 1323 3629 soluto
1344 3617 1358 3642 ,
1392 3582 1463 3629 sic
1490 3581 1725 3647 explicato
1741 3585 1766 3628 ?

85 3652 200 3699 trina
217 3652 465 3719 Vasquezii
484 3691 497 3713 ,
520 3656 707 3704 subdit:
735 3656 874 3723 Quid
889 3657 1092 3721 facilius
1245 3662 1311 3726 (2)
1348 3661 1444 3711 cfr.
1467 3661 1754 3722 Pallavicini‚
1774 3659 1954 3711 [storia
1971 3661 2048 3711 del
2063 3661 2189 3711 Con-

84 3730 295 3795 creditu,
333 3734 583 3801 Sacrificio
624 3754 732 3787 vero
775 3748 821 3787 et
844 3741 1043 3806 proprio
1076 3776 1090 3803 ,
1176 3740 1288 3792 cilio
1318 3743 1373 3792 di
1406 3743 1587 3794 Tremo
1606 3781 1619 3808 ‚
1645 3743 1731 3794 lib.
1760 3760 1873 3794 xvm
1890 3779 1908 3808 ,
1939 3761 2043 3811 cap.
2080 3760 2133 3796 2.
