<?xml version="1.0" encoding="UTF-8"?>
<!DOCTYPE html PUBLIC "-//W3C//DTD XHTML 1.0 Transitional//EN"
    "http://www.w3.org/TR/xhtml1/DTD/xhtml1-transitional.dtd">
<html xmlns="http://www.w3.org/1999/xhtml" xml:lang="en" lang="en">
 <head>
  <title>
</title>
<meta http-equiv="Content-Type" content="text/html;charset=utf-8" />
  <meta name='ocr-system' content='tesseract 3.04.00' />
  <meta name='ocr-capabilities' content='ocr_page ocr_carea ocr_par ocr_line ocrx_word'/>
</head>
<body>
  <div class='ocr_page' id='page_1' title='image "a603693806perruoft_0069.png"; bbox 0 0 2502 4186; ppageno 0'>
   <div class='ocr_carea' id='block_1_1' title="bbox 663 215 2230 284">
    <p class='ocr_par' dir='ltr' id='par_1_1' title="bbox 663 215 2230 284">
     <span class='ocr_line' id='line_1_1' title="bbox 663 215 2230 284; baseline -0.002 -8"><span class='ocrx_word' id='word_1_1' title='bbox 663 236 790 284; x_wconf 71' lang='lat' dir='ltr'>cu».v</span> <span class='ocrx_word' id='word_1_2' title='bbox 826 233 882 277; x_wconf 84' lang='lat' dir='ltr'>v.</span> <span class='ocrx_word' id='word_1_3' title='bbox 927 235 995 272; x_wconf 66' lang='lat' dir='ltr'>mi</span> <span class='ocrx_word' id='word_1_4' title='bbox 1037 232 1402 274; x_wconf 63' lang='lat' dir='ltr'>nncnssrrau</span> <span class='ocrx_word' id='word_1_5' title='bbox 1443 233 1715 271; x_wconf 71' lang='lat' dir='ltr'>numm.</span> <span class='ocrx_word' id='word_1_6' title='bbox 2158 215 2230 273; x_wconf 89' lang='grc'>61</span> 
     </span>
    </p>
   </div>
   <div class='ocr_carea' id='block_1_2' title="bbox 165 372 2233 552">
    <p class='ocr_par' dir='ltr' id='par_1_2' title="bbox 165 372 2233 552">
     <span class='ocr_line' id='line_1_2' title="bbox 166 372 2233 462; baseline -0.003 -20"><span class='ocrx_word' id='word_1_7' title='bbox 166 403 300 462; x_wconf 85' lang='lat' dir='ltr'>ergo</span> <span class='ocrx_word' id='word_1_8' title='bbox 332 389 391 440; x_wconf 90' lang='lat' dir='ltr'>et</span> <span class='ocrx_word' id='word_1_9' title='bbox 415 378 700 460; x_wconf 86' lang='lat' dir='ltr'>Baptisma</span> <span class='ocrx_word' id='word_1_10' title='bbox 735 374 999 436; x_wconf 90' lang='lat' dir='ltr'>omnibus</span> <span class='ocrx_word' id='word_1_11' title='bbox 1030 385 1091 435; x_wconf 90' lang='lat' dir='ltr'>et</span> <span class='ocrx_word' id='word_1_12' title='bbox 1117 375 1317 454; x_wconf 90' lang='lat' dir='ltr'>quovis</span> <span class='ocrx_word' id='word_1_13' title='bbox 1345 385 1605 454; x_wconf 84' lang='lat' dir='ltr'>tempore</span> <span class='ocrx_word' id='word_1_14' title='bbox 1632 372 2013 432; x_wconf 89' lang='lat' dir='ltr'>necessarium</span> <span class='ocrx_word' id='word_1_15' title='bbox 2047 384 2134 433; x_wconf 91' lang='lat' dir='ltr'>est</span> <span class='ocrx_word' id='word_1_16' title='bbox 2156 374 2233 435; x_wconf 88' lang='lat' dir='ltr'>ad</span> 
     </span>
     <span class='ocr_line' id='line_1_3' title="bbox 165 467 2232 552; baseline -0.003 -18"><span class='ocrx_word' id='word_1_17' title='bbox 165 475 408 534; x_wconf 90' lang='lat' dir='ltr'>salutem</span> <span class='ocrx_word' id='word_1_18' title='bbox 429 518 446 547; x_wconf 91' lang='lat'>‚</span> <span class='ocrx_word' id='word_1_19' title='bbox 484 493 589 532; x_wconf 91' lang='lat' dir='ltr'>nec</span> <span class='ocrx_word' id='word_1_20' title='bbox 633 471 1045 552; x_wconf 80' lang='lat' dir='ltr'>temporarium</span> <span class='ocrx_word' id='word_1_21' title='bbox 1074 468 1317 548; x_wconf 84' lang='lat' dir='ltr'>proinde</span> <span class='ocrx_word' id='word_1_22' title='bbox 1352 479 1438 526; x_wconf 89' lang='lat' dir='ltr'>est</span> <span class='ocrx_word' id='word_1_23' title='bbox 1474 467 1582 526; x_wconf 90' lang='lat' dir='ltr'>hoc</span> <span class='ocrx_word' id='word_1_24' title='bbox 1610 478 1962 548; x_wconf 88' lang='lat' dir='ltr'>praeceptum</span> <span class='ocrx_word' id='word_1_25' title='bbox 1982 512 1999 542; x_wconf 90' lang='lat'>.,</span> <span class='ocrx_word' id='word_1_26' title='bbox 2039 489 2232 550; x_wconf 88' lang='lat' dir='ltr'>neque</span> 
     </span>
    </p>
   </div>
   <div class='ocr_carea' id='block_1_3' title="bbox 164 559 2231 736">
    <p class='ocr_par' dir='ltr' id='par_1_3' title="bbox 164 559 2231 736">
     <span class='ocr_line' id='line_1_4' title="bbox 164 559 1468 628; baseline -0.008 -1"><span class='ocrx_word' id='word_1_27' title='bbox 164 569 310 628; x_wconf 92' lang='lat' dir='ltr'>solos</span> <span class='ocrx_word' id='word_1_28' title='bbox 337 569 507 627; x_wconf 88' lang='lat' dir='ltr'>afficit</span> <span class='ocrx_word' id='word_1_29' title='bbox 540 565 796 624; x_wconf 89' lang='lat' dir='ltr'>infideles</span> <span class='ocrx_word' id='word_1_30' title='bbox 829 564 923 625; x_wconf 87' lang='lat' dir='ltr'>vel</span> <span class='ocrx_word' id='word_1_31' title='bbox 948 560 1267 622; x_wconf 88' lang='lat' dir='ltr'>infidelium</span> <span class='ocrx_word' id='word_1_32' title='bbox 1303 559 1468 618; x_wconf 89' lang='lat' dir='ltr'>filios.</span> 
     </span>
     <span class='ocr_line' id='line_1_5' title="bbox 246 654 2231 736; baseline -0.007 -15"><span class='ocrx_word' id='word_1_33' title='bbox 246 663 380 721; x_wconf 84' lang='lat'>137.</span> <span class='ocrx_word' id='word_1_34' title='bbox 428 664 674 719; x_wconf 86' lang='lat' dir='ltr'><strong>Rursum</strong></span> <span class='ocrx_word' id='word_1_35' title='bbox 711 682 724 716; x_wconf 88' lang='lat'>:</span> <span class='ocrx_word' id='word_1_36' title='bbox 770 658 929 717; x_wconf 87' lang='lat' dir='ltr'><strong>Idem</strong></span> <span class='ocrx_word' id='word_1_37' title='bbox 973 656 1226 715; x_wconf 88' lang='lat' dir='ltr'>Christus</span> <span class='ocrx_word' id='word_1_38' title='bbox 1259 654 1372 727; x_wconf 69' lang='lat' dir='ltr'>ait,</span> <span class='ocrx_word' id='word_1_39' title='bbox 1410 656 1576 712; x_wconf 86' lang='lat' dir='ltr'>Joan.</span> <span class='ocrx_word' id='word_1_40' title='bbox 1613 654 1728 727; x_wconf 68' lang='grc' dir='ltr'>ΙΙΙ.)</span> <span class='ocrx_word' id='word_1_41' title='bbox 1762 655 1799 712; x_wconf 84' lang='grc'>5</span> <span class='ocrx_word' id='word_1_42' title='bbox 1843 677 1857 711; x_wconf 87' lang='lat'>:</span> <span class='ocrx_word' id='word_1_43' title='bbox 1908 656 2056 715; x_wconf 76' lang='lat' dir='ltr'>Nisi-</span> <span class='ocrx_word' id='word_1_44' title='bbox 2092 661 2231 736; x_wconf 68' lang='lat' dir='ltr'>quis</span> 
     </span>
    </p>
   </div>
   <div class='ocr_carea' id='block_1_4' title="bbox 149 749 2265 3092">
    <p class='ocr_par' dir='ltr' id='par_1_4' title="bbox 151 749 2265 2054">
     <span class='ocr_line' id='line_1_6' title="bbox 162 749 2232 832; baseline -0.002 -18"><span class='ocrx_word' id='word_1_45' title='bbox 162 766 404 814; x_wconf 76' lang='lat' dir='ltr'>renatus</span> <span class='ocrx_word' id='word_1_46' title='bbox 429 757 624 832; x_wconf 72' lang='lat' dir='ltr'>fuerit</span> <span class='ocrx_word' id='word_1_47' title='bbox 645 775 713 811; x_wconf 70' lang='lat' dir='ltr'>em</span> <span class='ocrx_word' id='word_1_48' title='bbox 739 774 897 831; x_wconf 80' lang='lat' dir='ltr'>aqua</span> <span class='ocrx_word' id='word_1_49' title='bbox 923 761 978 809; x_wconf 75' lang='lat' dir='ltr'>ec</span> <span class='ocrx_word' id='word_1_50' title='bbox 1011 751 1244 828; x_wconf 77' lang='lat' dir='ltr'><em>Spiritu</em></span> <span class='ocrx_word' id='word_1_51' title='bbox 1269 749 1481 806; x_wconf 77' lang='lat' dir='ltr'>Sancto</span> <span class='ocrx_word' id='word_1_52' title='bbox 1517 769 1634 806; x_wconf 79' lang='lat' dir='ltr'>non</span> <span class='ocrx_word' id='word_1_53' title='bbox 1657 759 1843 826; x_wconf 76' lang='lat' dir='ltr'>potest</span> <span class='ocrx_word' id='word_1_54' title='bbox 1877 753 2126 809; x_wconf 76' lang='lat' dir='ltr'>introire</span> <span class='ocrx_word' id='word_1_55' title='bbox 2159 756 2232 811; x_wconf 76' lang='lat' dir='ltr'>in</span> 
     </span>
     <span class='ocr_line' id='line_1_7' title="bbox 162 841 2229 929; baseline -0.002 -21"><span class='ocrx_word' id='word_1_56' title='bbox 162 870 414 929; x_wconf 61' lang='lat' dir='ltr'>regnum</span> <span class='ocrx_word' id='word_1_57' title='bbox 444 850 577 907; x_wconf 83' lang='lat' dir='ltr'>Dei.</span> <span class='ocrx_word' id='word_1_58' title='bbox 616 850 753 919; x_wconf 85' lang='lat' dir='ltr'>Quae</span> <span class='ocrx_word' id='word_1_59' title='bbox 781 845 951 905; x_wconf 85' lang='lat' dir='ltr'>verba</span> <span class='ocrx_word' id='word_1_60' title='bbox 980 843 1194 923; x_wconf 88' lang='lat' dir='ltr'>pariter</span> <span class='ocrx_word' id='word_1_61' title='bbox 1221 841 1640 920; x_wconf 84' lang='lat' dir='ltr'>generalissima</span> <span class='ocrx_word' id='word_1_62' title='bbox 1667 853 1803 900; x_wconf 93' lang='lat' dir='ltr'>sunt</span> <span class='ocrx_word' id='word_1_63' title='bbox 1822 886 1837 915; x_wconf 86' lang='lat'><strong>‚</strong></span> <span class='ocrx_word' id='word_1_64' title='bbox 1869 863 1976 901; x_wconf 89' lang='lat' dir='ltr'>nec</span> <span class='ocrx_word' id='word_1_65' title='bbox 2002 847 2036 902; x_wconf 91' lang='lat' dir='ltr'><strong>J</strong></span> <span class='ocrx_word' id='word_1_66' title='bbox 2042 845 2229 904; x_wconf 86' lang='lat' dir='ltr'>udaeos</span> 
     </span>
     <span class='ocr_line' id='line_1_8' title="bbox 160 936 2231 1018; baseline -0.002 -17"><span class='ocrx_word' id='word_1_67' title='bbox 160 954 389 1001; x_wconf 89' lang='lat' dir='ltr'>tantum</span> <span class='ocrx_word' id='word_1_68' title='bbox 419 954 517 1000; x_wconf 89' lang='lat' dir='ltr'>aut</span> <span class='ocrx_word' id='word_1_69' title='bbox 552 941 806 1001; x_wconf 90' lang='lat' dir='ltr'>ethnicos</span> <span class='ocrx_word' id='word_1_70' title='bbox 841 936 1150 1015; x_wconf 87' lang='lat' dir='ltr'>respiciunt</span> <span class='ocrx_word' id='word_1_71' title='bbox 1169 980 1184 1008; x_wconf 79' lang='lat'>‚</span> <span class='ocrx_word' id='word_1_72' title='bbox 1222 936 1323 994; x_wconf 90' lang='lat' dir='ltr'>sed</span> <span class='ocrx_word' id='word_1_73' title='bbox 1346 957 1544 995; x_wconf 90' lang='lat' dir='ltr'>omnes</span> <span class='ocrx_word' id='word_1_74' title='bbox 1573 956 1804 1016; x_wconf 89' lang='lat' dir='ltr'>prorsus</span> <span class='ocrx_word' id='word_1_75' title='bbox 1834 948 1954 994; x_wconf 88' lang='lat' dir='ltr'>tam</span> <span class='ocrx_word' id='word_1_76' title='bbox 1986 958 2231 1018; x_wconf 86' lang='lat' dir='ltr'>praesen-</span> 
     </span>
     <span class='ocr_line' id='line_1_9' title="bbox 158 1027 2265 1117; baseline -0.001 -22"><span class='ocrx_word' id='word_1_77' title='bbox 158 1049 248 1096; x_wconf 89' lang='lat' dir='ltr'>tes</span> <span class='ocrx_word' id='word_1_78' title='bbox 282 1058 456 1117; x_wconf 85' lang='lat' dir='ltr'>quam</span> <span class='ocrx_word' id='word_1_79' title='bbox 485 1036 706 1094; x_wconf 89' lang='lat' dir='ltr'>futuros</span> <span class='ocrx_word' id='word_1_80' title='bbox 734 1031 990 1092; x_wconf 90' lang='lat' dir='ltr'>homines</span> <span class='ocrx_word' id='word_1_81' title='bbox 1019 1032 1426 1110; x_wconf 85' lang='lat' dir='ltr'>cujuscumque</span> <span class='ocrx_word' id='word_1_82' title='bbox 1461 1051 1627 1089; x_wconf 80' lang='lat' dir='ltr'>sexus</span> <span class='ocrx_word' id='word_1_83' title='bbox 1648 1075 1664 1104; x_wconf 66' lang='lat'><em>7</em></span> <span class='ocrx_word' id='word_1_84' title='bbox 1694 1029 2035 1089; x_wconf 89' lang='lat' dir='ltr'>conditionis</span> <span class='ocrx_word' id='word_1_85' title='bbox 2056 1078 2072 1106; x_wconf 63' lang='lat'>7</span> <span class='ocrx_word' id='word_1_86' title='bbox 2101 1033 2231 1092; x_wconf 90' lang='lat' dir='ltr'>reli·</span> <span class='ocrx_word' id='word_1_87' title='bbox 2263 1027 2265 1029; x_wconf 29' lang='lat'><strong><em>¹</em></strong></span> 
     </span>
     <span class='ocr_line' id='line_1_10' title="bbox 160 1121 2230 1210; baseline -0.002 -21"><span class='ocrx_word' id='word_1_88' title='bbox 160 1131 340 1210; x_wconf 88' lang='lat' dir='ltr'>gionis</span> <span class='ocrx_word' id='word_1_89' title='bbox 366 1142 424 1189; x_wconf 91' lang='lat' dir='ltr'>et</span> <span class='ocrx_word' id='word_1_90' title='bbox 446 1130 664 1209; x_wconf 89' lang='lat' dir='ltr'>generis</span> <span class='ocrx_word' id='word_1_91' title='bbox 685 1172 700 1200; x_wconf 81' lang='lat'>.,</span> <span class='ocrx_word' id='word_1_92' title='bbox 718 1121 856 1184; x_wconf 61' lang='lat' dir='ltr'>³cum</span> <span class='ocrx_word' id='word_1_93' title='bbox 879 1134 1001 1181; x_wconf 89' lang='lat' dir='ltr'>tam</span> <span class='ocrx_word' id='word_1_94' title='bbox 1027 1122 1140 1182; x_wconf 92' lang='lat' dir='ltr'>late</span> <span class='ocrx_word' id='word_1_95' title='bbox 1167 1135 1363 1204; x_wconf 88' lang='lat' dir='ltr'>patere</span> <span class='ocrx_word' id='word_1_96' title='bbox 1393 1123 1599 1182; x_wconf 88' lang='lat' dir='ltr'>debeat</span> <span class='ocrx_word' id='word_1_97' title='bbox 1624 1124 1902 1202; x_wconf 87' lang='lat' dir='ltr'>ejusmodi</span> <span class='ocrx_word' id='word_1_98' title='bbox 1929 1147 2230 1185; x_wconf 74' lang='lat' dir='ltr'>renascen-</span> 
     </span>
     <span class='ocr_line' id='line_1_11' title="bbox 159 1219 2229 1302; baseline -0.001 -19"><span class='ocrx_word' id='word_1_99' title='bbox 159 1231 248 1283; x_wconf 79' lang='lat' dir='ltr'>tia</span> <span class='ocrx_word' id='word_1_100' title='bbox 308 1245 407 1282; x_wconf 91' lang='lat' dir='ltr'>seu</span> <span class='ocrx_word' id='word_1_101' title='bbox 465 1219 812 1302; x_wconf 79' lang='lat' dir='ltr'>regeneratio</span> <span class='ocrx_word' id='word_1_102' title='bbox 873 1238 1047 1298; x_wconf 90' lang='lat' dir='ltr'>quam</span> <span class='ocrx_word' id='word_1_103' title='bbox 1105 1229 1262 1276; x_wconf 91' lang='lat' dir='ltr'>ortus</span> <span class='ocrx_word' id='word_1_104' title='bbox 1318 1229 1376 1276; x_wconf 93' lang='lat' dir='ltr'>et</span> <span class='ocrx_word' id='word_1_105' title='bbox 1413 1220 1719 1297; x_wconf 86' lang='lat' dir='ltr'>generatio.</span> <span class='ocrx_word' id='word_1_106' title='bbox 1772 1220 1957 1290; x_wconf 83' lang='lat' dir='ltr'>Quare</span> <span class='ocrx_word' id='word_1_107' title='bbox 2003 1242 2071 1280; x_wconf 82' lang='lat' dir='ltr'>ex</span> <span class='ocrx_word' id='word_1_108' title='bbox 2119 1221 2229 1280; x_wconf 91' lang='lat' dir='ltr'>hoc</span> 
     </span>
     <span class='ocr_line' id='line_1_12' title="bbox 159 1311 2225 1393; baseline -0.001 -16"><span class='ocrx_word' id='word_1_109' title='bbox 159 1319 523 1389; x_wconf 81' lang='lat' dir='ltr'>testimonio,</span> <span class='ocrx_word' id='word_1_110' title='bbox 572 1313 619 1372; x_wconf 92' lang='lat' dir='ltr'>si</span> <span class='ocrx_word' id='word_1_111' title='bbox 660 1333 870 1393; x_wconf 89' lang='lat' dir='ltr'>paucos</span> <span class='ocrx_word' id='word_1_112' title='bbox 912 1312 1129 1392; x_wconf 79' lang='lat' dir='ltr'>aliquot</span> <span class='ocrx_word' id='word_1_113' title='bbox 1183 1311 1568 1371; x_wconf 87' lang='lat' dir='ltr'>obscurissimi</span> <span class='ocrx_word' id='word_1_114' title='bbox 1616 1314 1868 1371; x_wconf 91' lang='lat' dir='ltr'>nominis</span> <span class='ocrx_word' id='word_1_115' title='bbox 1922 1313 2225 1374; x_wconf 81' lang='lat' dir='ltr'>haereticos</span> 
     </span>
     <span class='ocr_line' id='line_1_13' title="bbox 158 1405 2227 1492; baseline -0.001 -22"><span class='ocrx_word' id='word_1_116' title='bbox 158 1412 436 1492; x_wconf 78' lang='lat' dir='ltr'>excipiaS‚</span> <span class='ocrx_word' id='word_1_117' title='bbox 478 1407 729 1467; x_wconf 90' lang='lat' dir='ltr'>universi</span> <span class='ocrx_word' id='word_1_118' title='bbox 762 1428 881 1464; x_wconf 91' lang='lat' dir='ltr'>non</span> <span class='ocrx_word' id='word_1_119' title='bbox 909 1405 1082 1464; x_wconf 88' lang='lat' dir='ltr'>modo</span> <span class='ocrx_word' id='word_1_120' title='bbox 1114 1406 1447 1481; x_wconf 80' lang='lat' dir='ltr'>orthodoxi,</span> <span class='ocrx_word' id='word_1_121' title='bbox 1493 1428 1696 1467; x_wconf 86' lang='lat' dir='ltr'>verum</span> <span class='ocrx_word' id='word_1_122' title='bbox 1731 1408 1904 1466; x_wconf 89' lang='lat' dir='ltr'>etiam</span> <span class='ocrx_word' id='word_1_123' title='bbox 1942 1409 2227 1470; x_wconf 86' lang='lat' dir='ltr'>universae</span> 
     </span>
     <span class='ocr_line' id='line_1_14' title="bbox 156 1500 2223 1581; baseline -0.001 -17"><span class='ocrx_word' id='word_1_124' title='bbox 156 1503 634 1564; x_wconf 83' lang='lat' dir='ltr'>heterodoxorum</span> <span class='ocrx_word' id='word_1_125' title='bbox 659 1512 853 1577; x_wconf 87' lang='lat' dir='ltr'>sectae‚</span> <span class='ocrx_word' id='word_1_126' title='bbox 890 1511 1237 1574; x_wconf 74' lang='lat' dir='ltr'>tenuerunt,</span> <span class='ocrx_word' id='word_1_127' title='bbox 1269 1501 1626 1581; x_wconf 89' lang='lat' dir='ltr'>Baptismum</span> <span class='ocrx_word' id='word_1_128' title='bbox 1656 1500 1730 1559; x_wconf 88' lang='lat' dir='ltr'>ad</span> <span class='ocrx_word' id='word_1_129' title='bbox 1762 1500 2051 1579; x_wconf 78' lang='lat' dir='ltr'>religionis</span> <span class='ocrx_word' id='word_1_130' title='bbox 2078 1503 2223 1561; x_wconf 88' lang='lat' dir='ltr'>chri-</span> 
     </span>
     <span class='ocr_line' id='line_1_15' title="bbox 160 1593 2228 1676; baseline 0 -21"><span class='ocrx_word' id='word_1_131' title='bbox 160 1599 353 1656; x_wconf 88' lang='lat' dir='ltr'>stianae</span> <span class='ocrx_word' id='word_1_132' title='bbox 385 1595 798 1676; x_wconf 88' lang='lat' dir='ltr'>professionem</span> <span class='ocrx_word' id='word_1_133' title='bbox 831 1616 991 1676; x_wconf 84' lang='lat' dir='ltr'>aeque</span> <span class='ocrx_word' id='word_1_134' title='bbox 1027 1615 1090 1652; x_wconf 92' lang='lat' dir='ltr'>ac</span> <span class='ocrx_word' id='word_1_135' title='bbox 1126 1594 1200 1652; x_wconf 91' lang='lat' dir='ltr'>ad</span> <span class='ocrx_word' id='word_1_136' title='bbox 1241 1594 1486 1652; x_wconf 89' lang='lat' dir='ltr'>salutem</span> <span class='ocrx_word' id='word_1_137' title='bbox 1536 1593 1794 1657; x_wconf 89' lang='lat' dir='ltr'>absolute</span> <span class='ocrx_word' id='word_1_138' title='bbox 1841 1596 2228 1655; x_wconf 85' lang='lat' dir='ltr'>necessarium</span> 
     </span>
     <span class='ocr_line' id='line_1_16' title="bbox 155 1687 2227 1769; baseline 0.001 -20"><span class='ocrx_word' id='word_1_139' title='bbox 155 1711 294 1749; x_wconf 89' lang='lat' dir='ltr'>esse.</span> <span class='ocrx_word' id='word_1_140' title='bbox 323 1691 571 1747; x_wconf 85' lang='lat' dir='ltr'>Tantum</span> <span class='ocrx_word' id='word_1_141' title='bbox 594 1711 764 1769; x_wconf 88' lang='lat' dir='ltr'>porro</span> <span class='ocrx_word' id='word_1_142' title='bbox 787 1688 998 1762; x_wconf 85' lang='lat' dir='ltr'>abfuit,</span> <span class='ocrx_word' id='word_1_143' title='bbox 1026 1699 1093 1747; x_wconf 94' lang='lat' dir='ltr'>ut</span> <span class='ocrx_word' id='word_1_144' title='bbox 1121 1687 1216 1749; x_wconf 86' lang='lat' dir='ltr'>vel</span> <span class='ocrx_word' id='word_1_145' title='bbox 1240 1709 1476 1750; x_wconf 89' lang='lat' dir='ltr'>suorum</span> <span class='ocrx_word' id='word_1_146' title='bbox 1501 1689 1760 1746; x_wconf 91' lang='lat' dir='ltr'>omnium</span> <span class='ocrx_word' id='word_1_147' title='bbox 1786 1689 2227 1751; x_wconf 86' lang='lat' dir='ltr'>consensionem</span> 
     </span>
     <span class='ocr_line' id='line_1_17' title="bbox 153 1782 2228 1863; baseline 0.001 -21"><span class='ocrx_word' id='word_1_148' title='bbox 153 1782 467 1842; x_wconf 86' lang='lat' dir='ltr'>obtinuerit</span> <span class='ocrx_word' id='word_1_149' title='bbox 506 1784 771 1859; x_wconf 79' lang='lat' dir='ltr'>SocinUS,</span> <span class='ocrx_word' id='word_1_150' title='bbox 813 1783 954 1841; x_wconf 90' lang='lat' dir='ltr'>dum</span> <span class='ocrx_word' id='word_1_151' title='bbox 991 1782 1268 1863; x_wconf 84' lang='lat' dir='ltr'>Baptismi</span> <span class='ocrx_word' id='word_1_152' title='bbox 1295 1783 1692 1841; x_wconf 89' lang='lat' dir='ltr'>necessitatem</span> <span class='ocrx_word' id='word_1_153' title='bbox 1720 1783 2125 1862; x_wconf 73' lang='lat' dir='ltr'>impugnavit,</span> <span class='ocrx_word' id='word_1_154' title='bbox 2161 1795 2228 1844; x_wconf 92' lang='lat' dir='ltr'>ut</span> 
     </span>
     <span class='ocr_line' id='line_1_18' title="bbox 152 1876 2224 1960; baseline 0.001 -23"><span class='ocrx_word' id='word_1_155' title='bbox 152 1899 222 1937; x_wconf 80' lang='lat' dir='ltr'>ex</span> <span class='ocrx_word' id='word_1_156' title='bbox 247 1879 420 1960; x_wconf 91' lang='lat' dir='ltr'>ipsius</span> <span class='ocrx_word' id='word_1_157' title='bbox 445 1878 694 1939; x_wconf 85' lang='lat' dir='ltr'>sectariis</span> <span class='ocrx_word' id='word_1_158' title='bbox 724 1878 1044 1959; x_wconf 87' lang='lat' dir='ltr'>complures</span> <span class='ocrx_word' id='word_1_159' title='bbox 1081 1877 1376 1935; x_wconf 79' lang='lat' dir='ltr'>extiterint</span> <span class='ocrx_word' id='word_1_160' title='bbox 1403 1876 1572 1937; x_wconf 88' lang='lat' dir='ltr'>valde</span> <span class='ocrx_word' id='word_1_161' title='bbox 1611 1876 1683 1935; x_wconf 87' lang='lat' dir='ltr'>ab</span> <span class='ocrx_word' id='word_1_162' title='bbox 1714 1877 1993 1953; x_wconf 88' lang='lat' dir='ltr'>ejusmodi</span> <span class='ocrx_word' id='word_1_163' title='bbox 2027 1899 2224 1940; x_wconf 85' lang='lat' dir='ltr'>errore</span> 
     </span>
     <span class='ocr_line' id='line_1_19' title="bbox 151 1971 2223 2054; baseline 0 -23"><span class='ocrx_word' id='word_1_164' title='bbox 151 1971 559 2048; x_wconf 76' lang='lat' dir='ltr'>abliorrenteS.,</span> <span class='ocrx_word' id='word_1_165' title='bbox 609 1974 705 2050; x_wconf 91' lang='lat' dir='ltr'>qui</span> <span class='ocrx_word' id='word_1_166' title='bbox 751 1975 923 2031; x_wconf 91' lang='lat' dir='ltr'>etiam</span> <span class='ocrx_word' id='word_1_167' title='bbox 964 1971 1130 2031; x_wconf 89' lang='lat' dir='ltr'>editis</span> <span class='ocrx_word' id='word_1_168' title='bbox 1178 1972 1400 2053; x_wconf 88' lang='lat' dir='ltr'>scriptis</span> <span class='ocrx_word' id='word_1_169' title='bbox 1449 1993 1582 2030; x_wconf 90' lang='lat' dir='ltr'>eum</span> <span class='ocrx_word' id='word_1_170' title='bbox 1623 1971 2069 2031; x_wconf 84' lang='lat' dir='ltr'>confutaverunt</span> <span class='ocrx_word' id='word_1_171' title='bbox 2115 1974 2223 2054; x_wconf 90' lang='grc'>(1).</span> 
     </span>
    </p>

    <p class='ocr_par' dir='ltr' id='par_1_5' title="bbox 149 2065 2238 2709">
     <span class='ocr_line' id='line_1_20' title="bbox 235 2065 2238 2148; baseline 0.001 -23"><span class='ocrx_word' id='word_1_172' title='bbox 235 2067 368 2126; x_wconf 87' lang='grc'><strong>138.</strong></span> <span class='ocrx_word' id='word_1_173' title='bbox 416 2071 495 2126; x_wconf 82' lang='lat' dir='ltr'>Ex</span> <span class='ocrx_word' id='word_1_174' title='bbox 527 2068 617 2126; x_wconf 89' lang='lat' dir='ltr'>his</span> <span class='ocrx_word' id='word_1_175' title='bbox 646 2090 818 2148; x_wconf 92' lang='lat' dir='ltr'>porro</span> <span class='ocrx_word' id='word_1_176' title='bbox 855 2067 1065 2125; x_wconf 88' lang='lat' dir='ltr'>Christi</span> <span class='ocrx_word' id='word_1_177' title='bbox 1092 2066 1280 2125; x_wconf 88' lang='lat' dir='ltr'>verbis</span> <span class='ocrx_word' id='word_1_178' title='bbox 1304 2112 1319 2141; x_wconf 79' lang='grc'><em>,</em></span> <span class='ocrx_word' id='word_1_179' title='bbox 1347 2087 1474 2147; x_wconf 89' lang='lat' dir='ltr'>quae</span> <span class='ocrx_word' id='word_1_180' title='bbox 1501 2077 1793 2147; x_wconf 89' lang='lat' dir='ltr'>postremo</span> <span class='ocrx_word' id='word_1_181' title='bbox 1821 2065 1946 2124; x_wconf 88' lang='lat' dir='ltr'>loco</span> <span class='ocrx_word' id='word_1_182' title='bbox 1976 2067 2238 2127; x_wconf 63' lang='lat' dir='ltr'>adduxi--v</span> 
     </span>
     <span class='ocr_line' id='line_1_21' title="bbox 150 2160 2231 2241; baseline 0.001 -22"><span class='ocrx_word' id='word_1_183' title='bbox 150 2183 310 2234; x_wconf 68' lang='lat' dir='ltr'>mus,</span> <span class='ocrx_word' id='word_1_184' title='bbox 350 2163 555 2220; x_wconf 87' lang='lat' dir='ltr'>merito</span> <span class='ocrx_word' id='word_1_185' title='bbox 593 2161 889 2240; x_wconf 83' lang='lat' dir='ltr'>colligebat</span> <span class='ocrx_word' id='word_1_186' title='bbox 927 2163 981 2220; x_wconf 89' lang='lat' dir='ltr'>S.</span> <span class='ocrx_word' id='word_1_187' title='bbox 1019 2160 1351 2221; x_wconf 90' lang='lat' dir='ltr'>Ambrosius</span> <span class='ocrx_word' id='word_1_188' title='bbox 1393 2183 1406 2219; x_wconf 74' lang='grc' dir='ltr'>ε</span> <span class='ocrx_word' id='word_1_189' title='bbox 1470 2162 1680 2239; x_wconf 78' lang='lat' dir='ltr'>Utique</span> <span class='ocrx_word' id='word_1_190' title='bbox 1727 2162 1967 2219; x_wconf 76' lang='lat' dir='ltr'>nullum</span> <span class='ocrx_word' id='word_1_191' title='bbox 2008 2168 2231 2241; x_wconf 68' lang='lat' dir='ltr'>eccm‘pit</span> 
     </span>
     <span class='ocr_line' id='line_1_22' title="bbox 152 2255 2225 2337; baseline 0.001 -25"><span class='ocrx_word' id='word_1_192' title='bbox 152 2255 479 2336; x_wconf 69' lang='lat' dir='ltr'>(Christus),</span> <span class='ocrx_word' id='word_1_193' title='bbox 507 2276 624 2312; x_wconf 76' lang='lat' dir='ltr'>non</span> <span class='ocrx_word' id='word_1_194' title='bbox 648 2259 980 2332; x_wconf 72' lang='lat' dir='ltr'>infantem,</span> <span class='ocrx_word' id='word_1_195' title='bbox 1009 2276 1127 2312; x_wconf 78' lang='lat' dir='ltr'>non</span> <span class='ocrx_word' id='word_1_196' title='bbox 1155 2257 1362 2331; x_wconf 82' lang='lat' dir='ltr'>aliqua</span> <span class='ocrx_word' id='word_1_197' title='bbox 1370 2266 1744 2333; x_wconf 76' lang='lat' dir='ltr'>praeventum</span> <span class='ocrx_word' id='word_1_198' title='bbox 1772 2260 2099 2314; x_wconf 73' lang='lat' dir='ltr'>necessitate</span> <span class='ocrx_word' id='word_1_199' title='bbox 2116 2258 2225 2337; x_wconf 79' lang='lat'>(2)3</span> 
     </span>
     <span class='ocr_line' id='line_1_23' title="bbox 150 2346 2223 2429; baseline 0 -21"><span class='ocrx_word' id='word_1_200' title='bbox 150 2361 208 2409; x_wconf 90' lang='lat' dir='ltr'>et</span> <span class='ocrx_word' id='word_1_201' title='bbox 234 2349 563 2407; x_wconf 88' lang='lat' dir='ltr'>Gennadius</span> <span class='ocrx_word' id='word_1_202' title='bbox 586 2350 738 2406; x_wconf 87' lang='lat' dir='ltr'>inter</span> <span class='ocrx_word' id='word_1_203' title='bbox 763 2348 1085 2406; x_wconf 88' lang='lat' dir='ltr'>firmissima</span> <span class='ocrx_word' id='word_1_204' title='bbox 1109 2346 1644 2429; x_wconf 25' lang='lat' dir='ltr'>Ecclesiae&#39;dogmata</span> <span class='ocrx_word' id='word_1_205' title='bbox 1662 2359 1718 2405; x_wconf 91' lang='lat' dir='ltr'>et</span> <span class='ocrx_word' id='word_1_206' title='bbox 1743 2348 1902 2406; x_wconf 90' lang='lat' dir='ltr'>istud</span> <span class='ocrx_word' id='word_1_207' title='bbox 1928 2362 2186 2409; x_wconf 85' lang='lat' dir='ltr'>recenset</span> <span class='ocrx_word' id='word_1_208' title='bbox 2206 2395 2223 2425; x_wconf 73' lang='grc'><em>,</em></span> 
     </span>
     <span class='ocr_line' id='line_1_24' title="bbox 149 2443 2225 2524; baseline 0 -21"><span class='ocrx_word' id='word_1_209' title='bbox 149 2444 340 2503; x_wconf 90' lang='lat' dir='ltr'>dicens</span> <span class='ocrx_word' id='word_1_210' title='bbox 382 2466 395 2501; x_wconf 91' lang='lat'>:</span> <span class='ocrx_word' id='word_1_211' title='bbox 435 2446 769 2522; x_wconf 74' lang='lat' dir='ltr'>Baptizatis</span> <span class='ocrx_word' id='word_1_212' title='bbox 812 2453 1048 2500; x_wconf 76' lang='lat' dir='ltr'>tantum</span> <span class='ocrx_word' id='word_1_213' title='bbox 1084 2447 1198 2499; x_wconf 77' lang='lat' dir='ltr'>iter</span> <span class='ocrx_word' id='word_1_214' title='bbox 1229 2444 1439 2499; x_wconf 77' lang='lat' dir='ltr'>salutis</span> <span class='ocrx_word' id='word_1_215' title='bbox 1478 2463 1590 2512; x_wconf 73' lang='lat' dir='ltr'>esse</span> <span class='ocrx_word' id='word_1_216' title='bbox 1635 2443 1933 2502; x_wconf 75' lang='lat' dir='ltr'>oredimus</span> <span class='ocrx_word' id='word_1_217' title='bbox 1976 2444 2084 2524; x_wconf 84' lang='grc'>(3).</span> <span class='ocrx_word' id='word_1_218' title='bbox 2136 2446 2225 2505; x_wconf 85' lang='lat' dir='ltr'>Sic</span> 
     </span>
     <span class='ocr_line' id='line_1_25' title="bbox 150 2536 2226 2620; baseline 0.002 -24"><span class='ocrx_word' id='word_1_219' title='bbox 150 2538 355 2619; x_wconf 92' lang='lat' dir='ltr'>reliqui</span> <span class='ocrx_word' id='word_1_220' title='bbox 392 2559 590 2596; x_wconf 85' lang='lat' dir='ltr'>omnes</span> <span class='ocrx_word' id='word_1_221' title='bbox 629 2536 885 2596; x_wconf 79' lang='lat' dir='ltr'>Ecclesiae</span> <span class='ocrx_word' id='word_1_222' title='bbox 922 2540 1117 2595; x_wconf 82' lang='lat' dir='ltr'>Patres</span> <span class='ocrx_word' id='word_1_223' title='bbox 1143 2537 1262 2597; x_wconf 87' lang='lat' dir='ltr'>sive</span> <span class='ocrx_word' id='word_1_224' title='bbox 1302 2536 1482 2596; x_wconf 89' lang='lat' dir='ltr'>Graeci</span> <span class='ocrx_word' id='word_1_225' title='bbox 1523 2538 1643 2597; x_wconf 86' lang='lat' dir='ltr'>sive</span> <span class='ocrx_word' id='word_1_226' title='bbox 1677 2538 1897 2611; x_wconf 87' lang='lat' dir='ltr'>Latini,</span> <span class='ocrx_word' id='word_1_227' title='bbox 1948 2539 2085 2620; x_wconf 91' lang='lat' dir='ltr'>ipsis</span> <span class='ocrx_word' id='word_1_228' title='bbox 2128 2539 2226 2600; x_wconf 90' lang='lat' dir='ltr'>ad-</span> 
     </span>
     <span class='ocr_line' id='line_1_26' title="bbox 149 2629 1221 2709; baseline -0.006 -16"><span class='ocrx_word' id='word_1_229' title='bbox 149 2633 408 2694; x_wconf 86' lang='lat' dir='ltr'>versariis</span> <span class='ocrx_word' id='word_1_230' title='bbox 437 2632 675 2690; x_wconf 89' lang='lat' dir='ltr'>minime</span> <span class='ocrx_word' id='word_1_231' title='bbox 711 2629 1087 2689; x_wconf 88' lang='lat' dir='ltr'>diffitentibus</span> <span class='ocrx_word' id='word_1_232' title='bbox 1117 2631 1221 2709; x_wconf 75' lang='lat'>(4).</span> 
     </span>
    </p>

    <p class='ocr_par' dir='ltr' id='par_1_6' title="bbox 151 2724 2224 3092">
     <span class='ocr_line' id='line_1_27' title="bbox 231 2724 2224 2807; baseline 0.002 -22"><span class='ocrx_word' id='word_1_233' title='bbox 231 2727 362 2785; x_wconf 83' lang='lat'>139.</span> <span class='ocrx_word' id='word_1_234' title='bbox 407 2726 520 2786; x_wconf 87' lang='lat' dir='ltr'>Sed</span> <span class='ocrx_word' id='word_1_235' title='bbox 562 2726 766 2785; x_wconf 91' lang='lat' dir='ltr'>melius</span> <span class='ocrx_word' id='word_1_236' title='bbox 806 2724 990 2805; x_wconf 85' lang='lat' dir='ltr'>colligi</span> <span class='ocrx_word' id='word_1_237' title='bbox 1022 2747 1141 2784; x_wconf 90' lang='lat' dir='ltr'>non</span> <span class='ocrx_word' id='word_1_238' title='bbox 1174 2736 1366 2807; x_wconf 87' lang='lat' dir='ltr'>potest</span> <span class='ocrx_word' id='word_1_239' title='bbox 1394 2726 1693 2806; x_wconf 88' lang='lat' dir='ltr'>utriusque</span> <span class='ocrx_word' id='word_1_240' title='bbox 1742 2725 1998 2785; x_wconf 76' lang='lat' dir='ltr'>Ecclesiae</span> <span class='ocrx_word' id='word_1_241' title='bbox 2027 2730 2224 2789; x_wconf 89' lang='lat' dir='ltr'>orien—</span> 
     </span>
     <span class='ocr_line' id='line_1_28' title="bbox 152 2818 2220 2902; baseline 0.004 -26"><span class='ocrx_word' id='word_1_242' title='bbox 152 2818 281 2878; x_wconf 86' lang='lat' dir='ltr'>talis</span> <span class='ocrx_word' id='word_1_243' title='bbox 314 2832 482 2902; x_wconf 84' lang='lat' dir='ltr'>atque</span> <span class='ocrx_word' id='word_1_244' title='bbox 523 2820 884 2881; x_wconf 86' lang='lat' dir='ltr'>occidentalis</span> <span class='ocrx_word' id='word_1_245' title='bbox 914 2841 1112 2879; x_wconf 90' lang='lat' dir='ltr'>sensus</span> <span class='ocrx_word' id='word_1_246' title='bbox 1134 2866 1150 2895; x_wconf 76' lang='lat'>,</span> <span class='ocrx_word' id='word_1_247' title='bbox 1193 2842 1368 2902; x_wconf 86' lang='lat' dir='ltr'>quam</span> <span class='ocrx_word' id='word_1_248' title='bbox 1404 2841 1474 2879; x_wconf 83' lang='lat' dir='ltr'>ex</span> <span class='ocrx_word' id='word_1_249' title='bbox 1513 2831 1791 2902; x_wconf 90' lang='lat' dir='ltr'>perpetua</span> <span class='ocrx_word' id='word_1_250' title='bbox 1832 2821 2220 2886; x_wconf 89' lang='lat' dir='ltr'>sollicitudine</span> 
     </span>
     <span class='ocr_line' id='line_1_29' title="bbox 155 2912 2219 2997; baseline 0.004 -27"><span class='ocrx_word' id='word_1_251' title='bbox 155 2912 411 2992; x_wconf 88' lang='lat' dir='ltr'>tingendi</span> <span class='ocrx_word' id='word_1_252' title='bbox 436 2936 529 2975; x_wconf 90' lang='lat' dir='ltr'>eos</span> <span class='ocrx_word' id='word_1_253' title='bbox 568 2938 766 2975; x_wconf 90' lang='lat' dir='ltr'>omnes</span> <span class='ocrx_word' id='word_1_254' title='bbox 789 2960 804 2988; x_wconf 78' lang='lat'>‚</span> <span class='ocrx_word' id='word_1_255' title='bbox 844 2915 942 2997; x_wconf 90' lang='lat' dir='ltr'>qui</span> <span class='ocrx_word' id='word_1_256' title='bbox 986 2916 1049 2972; x_wconf 91' lang='lat' dir='ltr'>in</span> <span class='ocrx_word' id='word_1_257' title='bbox 1098 2915 1227 2975; x_wconf 84' lang='lat' dir='ltr'>vitae</span> <span class='ocrx_word' id='word_1_258' title='bbox 1273 2915 1600 2975; x_wconf 89' lang='lat' dir='ltr'>discrimine</span> <span class='ocrx_word' id='word_1_259' title='bbox 1636 2917 1932 2975; x_wconf 88' lang='lat' dir='ltr'>constituti</span> <span class='ocrx_word' id='word_1_260' title='bbox 1980 2932 2172 2978; x_wconf 88' lang='lat' dir='ltr'>essent</span> <span class='ocrx_word' id='word_1_261' title='bbox 2202 2966 2219 2996; x_wconf 85' lang='lat'>,</span> 
     </span>
     <span class='ocr_line' id='line_1_30' title="bbox 151 3008 2209 3092; baseline 0.005 -28"><span class='ocrx_word' id='word_1_262' title='bbox 151 3008 339 3065; x_wconf 90' lang='lat' dir='ltr'>missis</span> <span class='ocrx_word' id='word_1_263' title='bbox 369 3010 631 3069; x_wconf 89' lang='lat' dir='ltr'>omnibus</span> <span class='ocrx_word' id='word_1_264' title='bbox 659 3010 1154 3086; x_wconf 77' lang='lat' dir='ltr'>solemnitatibu3‚</span> <span class='ocrx_word' id='word_1_265' title='bbox 1190 3033 1222 3070; x_wconf 91' lang='lat' dir='ltr'>a</span> <span class='ocrx_word' id='word_1_266' title='bbox 1256 3009 1549 3092; x_wconf 90' lang='lat' dir='ltr'>quibusvis</span> <span class='ocrx_word' id='word_1_267' title='bbox 1579 3012 1699 3072; x_wconf 90' lang='lat' dir='ltr'>sive</span> <span class='ocrx_word' id='word_1_268' title='bbox 1725 3012 1859 3074; x_wconf 90' lang='lat' dir='ltr'>viris</span> <span class='ocrx_word' id='word_1_269' title='bbox 1889 3012 2009 3073; x_wconf 90' lang='lat' dir='ltr'>sive</span> <span class='ocrx_word' id='word_1_270' title='bbox 2045 3014 2209 3074; x_wconf 91' lang='lat' dir='ltr'>femi-</span> 
     </span>
    </p>
   </div>
   <div class='ocr_carea' id='block_1_5' title="bbox 148 3197 2232 3757">
    <p class='ocr_par' dir='ltr' id='par_1_7' title="bbox 148 3197 2232 3757">
     <span class='ocr_line' id='line_1_31' title="bbox 219 3197 2218 3268; baseline 0.006 -25"><span class='ocrx_word' id='word_1_271' title='bbox 219 3198 285 3261; x_wconf 89' lang='lat'>(1)</span> <span class='ocrx_word' id='word_1_272' title='bbox 321 3197 426 3244; x_wconf 80' lang='lat' dir='ltr'>Haec</span> <span class='ocrx_word' id='word_1_273' title='bbox 478 3214 638 3262; x_wconf 79' lang='lat' dir='ltr'>magna</span> <span class='ocrx_word' id='word_1_274' title='bbox 688 3199 881 3248; x_wconf 85' lang='lat' dir='ltr'>sollertia</span> <span class='ocrx_word' id='word_1_275' title='bbox 937 3210 1136 3248; x_wconf 85' lang='lat' dir='ltr'>recenset</span> <span class='ocrx_word' id='word_1_276' title='bbox 1216 3201 1273 3247; x_wconf 78' lang='lat' dir='ltr'>in</span> <span class='ocrx_word' id='word_1_277' title='bbox 1313 3202 1512 3265; x_wconf 72' lang='lat' dir='ltr'>reqnum</span> <span class='ocrx_word' id='word_1_278' title='bbox 1543 3198 1761 3248; x_wconf 79' lang='lat' dir='ltr'>coelorum</span> <span class='ocrx_word' id='word_1_279' title='bbox 1796 3203 1898 3248; x_wconf 78' lang='lat' dir='ltr'>nisi</span> <span class='ocrx_word' id='word_1_280' title='bbox 1921 3219 2013 3268; x_wconf 80' lang='lat' dir='ltr'>per</span> <span class='ocrx_word' id='word_1_281' title='bbox 2041 3201 2218 3254; x_wconf 77' lang='lat' dir='ltr'>Sacra-</span> 
     </span>
     <span class='ocr_line' id='line_1_32' title="bbox 151 3278 1780 3347; baseline 0.002 -21"><span class='ocrx_word' id='word_1_282' title='bbox 151 3279 428 3327; x_wconf 84' lang='lat' dir='ltr'>Reimannus</span> <span class='ocrx_word' id='word_1_283' title='bbox 455 3281 503 3325; x_wconf 88' lang='lat' dir='ltr'>in</span> <span class='ocrx_word' id='word_1_284' title='bbox 533 3296 612 3326; x_wconf 86' lang='lat' dir='ltr'>sua</span> <span class='ocrx_word' id='word_1_285' title='bbox 648 3278 939 3328; x_wconf 76' lang='lat' dir='ltr'>Bibliotheca</span> <span class='ocrx_word' id='word_1_286' title='bbox 964 3281 1134 3329; x_wconf 81' lang='lat' dir='ltr'>theolo-</span> <span class='ocrx_word' id='word_1_287' title='bbox 1216 3291 1425 3330; x_wconf 79' lang='lat' dir='ltr'>mentum</span> <span class='ocrx_word' id='word_1_288' title='bbox 1447 3283 1780 3347; x_wconf 69' lang='lat' dir='ltr'>Baptismatia.</span> 
     </span>
     <span class='ocr_line' id='line_1_33' title="bbox 148 3340 2214 3431; baseline 0.003 -24"><span class='ocrx_word' id='word_1_289' title='bbox 148 3362 287 3424; x_wconf 64' lang='lat' dir='ltr'>fica,</span> <span class='ocrx_word' id='word_1_290' title='bbox 332 3369 439 3407; x_wconf 77' lang='lat' dir='ltr'>sect.</span> <span class='ocrx_word' id='word_1_291' title='bbox 467 3376 532 3419; x_wconf 83' lang='lat'>11,</span> <span class='ocrx_word' id='word_1_292' title='bbox 567 3340 668 3423; x_wconf 60' lang='lat' dir='ltr'>cap:</span> <span class='ocrx_word' id='word_1_293' title='bbox 698 3377 802 3407; x_wconf 84' lang='lat' dir='ltr'>xm.</span> <span class='ocrx_word' id='word_1_294' title='bbox 1287 3364 1351 3426; x_wconf 88' lang='lat'>(3)</span> <span class='ocrx_word' id='word_1_295' title='bbox 1390 3365 1493 3412; x_wconf 87' lang='lat' dir='ltr'>Lib.</span> <span class='ocrx_word' id='word_1_296' title='bbox 1522 3363 1603 3410; x_wconf 86' lang='lat' dir='ltr'>De</span> <span class='ocrx_word' id='word_1_297' title='bbox 1636 3350 1993 3413; x_wconf 55' lang='lat' dir='ltr'>Ecclesiasticis</span> <span class='ocrx_word' id='word_1_298' title='bbox 2021 3366 2214 3431; x_wconf 79' lang='lat' dir='ltr'>doqma-</span> 
     </span>
     <span class='ocr_line' id='line_1_34' title="bbox 219 3440 2217 3511; baseline 0.004 -23"><span class='ocrx_word' id='word_1_299' title='bbox 219 3442 281 3504; x_wconf 53' lang='grc' dir='ltr'>(ᾖ)</span> <span class='ocrx_word' id='word_1_300' title='bbox 320 3441 397 3488; x_wconf 86' lang='lat' dir='ltr'>De</span> <span class='ocrx_word' id='word_1_301' title='bbox 426 3440 673 3489; x_wconf 78' lang='lat' dir='ltr'>Abraham</span> <span class='ocrx_word' id='word_1_302' title='bbox 694 3477 707 3499; x_wconf 92' lang='lat'><strong><em>‚</em></strong></span> <span class='ocrx_word' id='word_1_303' title='bbox 737 3441 820 3489; x_wconf 90' lang='lat' dir='ltr'>lib.</span> <span class='ocrx_word' id='word_1_304' title='bbox 850 3458 910 3501; x_wconf 85' lang='lat'>11,</span> <span class='ocrx_word' id='word_1_305' title='bbox 938 3459 1037 3508; x_wconf 91' lang='lat' dir='ltr'>cap.</span> <span class='ocrx_word' id='word_1_306' title='bbox 1069 3461 1136 3504; x_wconf 75' lang='lat' dir='ltr'>xi,</span> <span class='ocrx_word' id='word_1_307' title='bbox 1219 3445 1374 3503; x_wconf 81' lang='lat' dir='ltr'>tibus,</span> <span class='ocrx_word' id='word_1_308' title='bbox 1401 3463 1500 3510; x_wconf 86' lang='lat' dir='ltr'>cap.</span> <span class='ocrx_word' id='word_1_309' title='bbox 1536 3462 1628 3494; x_wconf 81' lang='lat' dir='ltr'>xu.</span> <span class='ocrx_word' id='word_1_310' title='bbox 1662 3445 1716 3493; x_wconf 90' lang='lat' dir='ltr'>In</span> <span class='ocrx_word' id='word_1_311' title='bbox 1747 3447 1946 3511; x_wconf 86' lang='lat' dir='ltr'>append.</span> <span class='ocrx_word' id='word_1_312' title='bbox 1987 3457 2100 3496; x_wconf 87' lang='lat' dir='ltr'>tom.</span> <span class='ocrx_word' id='word_1_313' title='bbox 2135 3464 2217 3497; x_wconf 86' lang='lat' dir='ltr'>vm</span> 
     </span>
     <span class='ocr_line' id='line_1_35' title="bbox 150 3521 1965 3593; baseline 0.004 -23"><span class='ocrx_word' id='word_1_314' title='bbox 150 3540 200 3570; x_wconf 88' lang='lat' dir='ltr'>n.</span> <span class='ocrx_word' id='word_1_315' title='bbox 222 3521 310 3585; x_wconf 68' lang='lat'>843</span> <span class='ocrx_word' id='word_1_316' title='bbox 334 3526 383 3570; x_wconf 87' lang='lat' dir='ltr'>in</span> <span class='ocrx_word' id='word_1_317' title='bbox 401 3541 538 3588; x_wconf 84' lang='lat' dir='ltr'>quem</span> <span class='ocrx_word' id='word_1_318' title='bbox 554 3523 705 3570; x_wconf 89' lang='lat' dir='ltr'>locum</span> <span class='ocrx_word' id='word_1_319' title='bbox 736 3522 818 3570; x_wconf 86' lang='lat' dir='ltr'>cfr.</span> <span class='ocrx_word' id='word_1_320' title='bbox 848 3522 1002 3571; x_wconf 86' lang='lat' dir='ltr'>adnot.</span> <span class='ocrx_word' id='word_1_321' title='bbox 1033 3524 1140 3573; x_wconf 83' lang='lat' dir='ltr'>edit.</span> <span class='ocrx_word' id='word_1_322' title='bbox 1223 3543 1328 3591; x_wconf 91' lang='lat' dir='ltr'>opp.</span> <span class='ocrx_word' id='word_1_323' title='bbox 1365 3525 1413 3575; x_wconf 93' lang='lat' dir='ltr'>S.</span> <span class='ocrx_word' id='word_1_324' title='bbox 1442 3529 1637 3593; x_wconf 82' lang='lat' dir='ltr'>August.</span> <span class='ocrx_word' id='word_1_325' title='bbox 1675 3527 1785 3576; x_wconf 83' lang='lat' dir='ltr'>edit.</span> <span class='ocrx_word' id='word_1_326' title='bbox 1817 3529 1965 3577; x_wconf 86' lang='lat' dir='ltr'>Maur.</span> 
     </span>
     <span class='ocr_line' id='line_1_36' title="bbox 150 3607 2214 3674; baseline 0.001 -19"><span class='ocrx_word' id='word_1_327' title='bbox 150 3607 296 3656; x_wconf 82' lang='lat' dir='ltr'>Maur.</span> <span class='ocrx_word' id='word_1_328' title='bbox 348 3607 473 3657; x_wconf 87' lang='lat' dir='ltr'>ldem</span> <span class='ocrx_word' id='word_1_329' title='bbox 514 3608 562 3656; x_wconf 89' lang='lat' dir='ltr'>S.</span> <span class='ocrx_word' id='word_1_330' title='bbox 600 3608 767 3655; x_wconf 83' lang='lat' dir='ltr'>Doctor</span> <span class='ocrx_word' id='word_1_331' title='bbox 796 3607 910 3654; x_wconf 89' lang='lat' dir='ltr'>ibid.</span> <span class='ocrx_word' id='word_1_332' title='bbox 957 3625 1005 3654; x_wconf 89' lang='lat' dir='ltr'>n.</span> <span class='ocrx_word' id='word_1_333' title='bbox 1052 3623 1144 3673; x_wconf 84' lang='lat'>79,</span> <span class='ocrx_word' id='word_1_334' title='bbox 1293 3608 1362 3674; x_wconf 65' lang='lat' dir='ltr'>(h)</span> <span class='ocrx_word' id='word_1_335' title='bbox 1394 3609 1490 3657; x_wconf 88' lang='lat' dir='ltr'>Hos</span> <span class='ocrx_word' id='word_1_336' title='bbox 1516 3608 1698 3674; x_wconf 85' lang='lat' dir='ltr'>collegit</span> <span class='ocrx_word' id='word_1_337' title='bbox 1720 3609 1854 3658; x_wconf 86' lang='lat' dir='ltr'>Joan.</span> <span class='ocrx_word' id='word_1_338' title='bbox 1886 3609 2070 3674; x_wconf 84' lang='lat' dir='ltr'>Gerard.</span> <span class='ocrx_word' id='word_1_339' title='bbox 2098 3608 2214 3658; x_wconf 89' lang='lat' dir='ltr'>Vos-</span> 
     </span>
     <span class='ocr_line' id='line_1_37' title="bbox 148 3685 2232 3757; baseline 0.002 -20"><span class='ocrx_word' id='word_1_340' title='bbox 148 3685 242 3752; x_wconf 80' lang='lat' dir='ltr'>jam</span> <span class='ocrx_word' id='word_1_341' title='bbox 273 3691 507 3755; x_wconf 81' lang='lat' dir='ltr'>scripserat</span> <span class='ocrx_word' id='word_1_342' title='bbox 537 3707 551 3737; x_wconf 76' lang='grc' dir='ltr'><em>τ</em></span> <span class='ocrx_word' id='word_1_343' title='bbox 584 3689 719 3755; x_wconf 79' lang='lat' dir='ltr'>Quia</span> <span class='ocrx_word' id='word_1_344' title='bbox 758 3705 871 3737; x_wconf 71' lang='grc' dir='ltr'>ιιιιιιο</span> <span class='ocrx_word' id='word_1_345' title='bbox 903 3687 1148 3737; x_wconf 76' lang='lat' dir='ltr'>adscendit</span> <span class='ocrx_word' id='word_1_346' title='bbox 1226 3692 1345 3753; x_wconf 78' lang='lat' dir='ltr'>sius,</span> <span class='ocrx_word' id='word_1_347' title='bbox 1371 3691 1539 3756; x_wconf 82' lang='lat' dir='ltr'>disput.</span> <span class='ocrx_word' id='word_1_348' title='bbox 1566 3707 1632 3741; x_wconf 83' lang='lat' dir='ltr'>vn</span> <span class='ocrx_word' id='word_1_349' title='bbox 1650 3727 1664 3754; x_wconf 86' lang='lat'>‚</span> <span class='ocrx_word' id='word_1_350' title='bbox 1703 3693 1780 3742; x_wconf 80' lang='lat' dir='ltr'>De</span> <span class='ocrx_word' id='word_1_351' title='bbox 1797 3692 1946 3757; x_wconf 76' lang='lat' dir='ltr'>Bapt.</span> <span class='ocrx_word' id='word_1_352' title='bbox 1973 3691 2232 3741; x_wconf 62' lang='lat' dir='ltr'>thesixxn-</span> 
     </span>
    </p>
   </div>
  </div>
 </body>
</html>
