2502 4186
328 205 406 264 50

1002 222 1313 262 'rRAc'rA'rus
1355 221 1423 257 lm
1465 221 1750 261 BAPTISMO.

320 365 656 428 ,eversivum
687 373 774 421 est
795 406 810 435 7
848 382 919 420 ex
949 381 1062 440 quo
1088 358 1284 417 nullus
1308 357 1450 418 alius
1480 359 1796 440 percipitur
1824 362 2039 422 fructus
2070 384 2245 444 quam
2276 360 2410 425 fidei

330 460 571 523 eversio.
627 455 763 515 Tale
816 465 1009 513 autem
1047 464 1134 513 est
1171 454 1454 531 ejusmodi
1501 475 1764 513 examen.
1814 456 2041 516 Etenim
2077 479 2181 538 per
2221 460 2414 540 ipsum

328 554 612 614 deberent
651 569 853 608 omnes
886 559 946 608 et
982 547 1191 628 singuli
1230 548 1451 606 articuli
1482 547 1768 629 perpendi
1794 594 1809 623 7
1851 570 1994 631 opus
2022 562 2172 609 esset
2203 552 2417 632 inquiri

331 651 395 708 in
422 649 681 728 ipsorum
709 642 1088 702 fundamenta
1107 688 1122 717 7
1154 642 1401 725 expendi
1430 642 1514 701 illi
1538 643 1964 725 Scripturarum
1993 655 2183 704 textus
2212 647 2418 726 quibus

329 742 505 802 inniti
570 739 878 814 dicuntur,
917 738 1166 797 conferri
1215 739 1368 797 inter
1419 759 1512 814 se,
1557 738 1816 818 ipsorum
1863 761 2171 820 germanus
2222 762 2421 799 sensus

333 835 538 915 attingi
565 880 581 910 7
618 845 680 894 et
705 833 938 915 quidem
977 833 1184 914 spiritu
1218 833 1662 914 uniuscujusque
1687 834 1914 914 privato
1954 856 2017 893 ac
2039 844 2212 915 prout
2238 855 2421 892 unus-

333 932 576 1015 quisque
622 928 858 998 affectus
897 938 1016 1000 est3
1059 926 1179 987 haec
1221 948 1393 1008 porro
1433 928 1525 988 via
1571 927 1906 988 universum
1940 927 2246 988 labefactat
2287 928 2424 988 fidei

333 1037 602 1107 systema.
649 1025 779 1082 Non
820 1021 929 1080 alia
973 1022 1232 1096 ratione,
1279 1042 1387 1080 nec
1427 1021 1536 1080 alia
1574 1020 1646 1080 de
1681 1042 1848 1081 causa
1889 1021 2130 1082 haereses
2180 1034 2321 1082 ortae
2359 1043 2424 1081 ac

331 1118 726 1200 multiplicatae
762 1127 898 1175 sunt
927 1115 1033 1195 (l).
1077 1117 1198 1174 Hoc
1241 1114 1421 1177 veluti
1451 1115 1802 1197 principium
1836 1125 1953 1188 est,
1990 1116 2144 1197 quod
2174 1116 2426 1177 corrodit

336 1235 402 1274 ac
435 1210 734 1284 dissolvit,
788 1220 854 1267 ut
894 1210 973 1268 ita
1011 1203 1247 1290 loquar,
1288 1231 1467 1267 unam
1508 1220 1640 1290 post
1672 1210 1845 1269 aliam
1880 1212 2182 1286 veritates,
2238 1211 2423 1271 donec

332 1305 570 1367 tandem
603 1323 805 1362 omnes
843 1312 1201 1381 consumptae
1243 1301 1491 1375 fuerint3
1530 1315 1597 1361 ut
1628 1315 1793 1384 patet
1832 1324 1904 1382 ex
1939 1304 2089 1363 facto
2131 1305 2256 1386 ipso
2292 1307 2430 1364 Pro-

339 1399 691 1475 testantismi
709 1442 726 1471 7
750 1395 906 1477 apud
930 1416 1107 1476 quem
1130 1406 1300 1453 tanta.
1318 1407 1516 1454 exorta
1541 1408 1627 1456 est
1651 1399 1992 1479 opinionum
2017 1398 2427 1481 discrepantia,

343 1507 411 1555 ut
442 1493 707 1576 plerique
739 1490 1004 1564 illorum,
1054 1489 1153 1570 qui
1191 1488 1301 1549 sibi
1344 1489 1696 1550 cohaerentes
1735 1492 2005 1568 fuerunt7
2049 1494 2113 1553 in
2159 1495 2431 1576 despera-

334 1591 556 1649 tionem
593 1587 704 1646 acti
732 1607 968 1645 omnem
997 1583 1311 1662 abjecerint
1338 1583 1541 1658 fidem,
1583 1597 1643 1644 et
1671 1587 1736 1645 in
1778 1586 2065 1647 deismum
2091 1611 2154 1649 ac
2182 1591 2427 1648 rationa-

337 1685 573 1745 lismum
605 1680 1055 1753 declinaverint,
1091 1690 1158 1737 ut
1196 1700 1299 1738 suo
1329 1678 1454 1738 loco
1498 1680 1852 1740 ostendimus
1875 1681 1991 1761 (2).

425 1777 560 1837 115.
610 1776 674 1836 30
705 1775 856 1835 Illud
884 1795 1128 1835 examen
1165 1795 1285 1832 non
1311 1786 1502 1856 potest
1529 1796 1651 1835 esse
1677 1776 1909 1836 illorum
1932 1778 2083 1836 aetati
2119 1797 2436 1835 accommo-

337 1874 563 1933 datum.
578 1870 741 1948 ‚Illud
763 1870 920 1929 enim
940 1868 1148 1951 puerili
1171 1869 1320 1928 aetati
1343 1870 1841 1931 accommodatum
1868 1894 1988 1932 esse
2010 1872 2212 1952 nequit
2231 1916 2248 1945 7
2279 1869 2437 1952 quod

342 1968 521 2029 talem
552 1966 940 2046 cognitionum
958 1964 1132 2043 exigit
1155 1975 1496 2045 apparatum
1518 2010 1534 2038 7
1558 1966 1649 2024 cui
1681 1966 1778 2027 vix
1803 1968 1969 2047 pauci
1992 1966 2085 2027 vel
2110 1967 2263 2025 inter
2284 1966 2436 2046 ipsos

342 2063 542 2122 doctos
564 2059 830 2120 homines
871 2080 1038 2140 pares
1076 2070 1233 2117 sunt.
1274 2058 1568 2139 Siquidem
1603 2060 1678 2118 ad
1723 2060 2005 2139 ejusmodi
2046 2081 2285 2120 examen
2327 2060 2437 2117 rite

343 2155 770 2216 instituendum
806 2153 1116 2234 requiritur
1145 2165 1454 2234 apparatus
1494 2154 1861 2214 scientiarum
1892 2155 2277 2228 naturalium,
2322 2152 2438 2210 lin-

338 2273 586 2331 guarum
606 2295 623 2323 7
661 2269 959 2328 exegeseos
984 2292 999 2321 7
1036 2247 1513 2321 hermeneuticae,
1546 2249 1754 2308 criticae
1774 2294 1790 2323 7
1824 2249 2110 2324 historiae,
2155 2259 2302 2320 etc.3
2344 2268 2439 2305 re-

341 2345 595 2426 quiritur
616 2341 903 2425 profunda
938 2363 1002 2399 ac
1025 2340 1297 2399 diuturna
1321 2341 1617 2401 meditatio
1634 2388 1650 2417 7
1683 2344 2032 2425 comparatio
2049 2388 2065 2418 ·›
2093 2354 2199 2403 etc.
2232 2339 2439 2422 quibus

345 2438 605 2521 profecto
652 2458 833 2519 puer,
875 2457 973 2494 seu
1027 2434 1357 2495 adolescens
1392 2438 1476 2510 X,
1518 2439 1617 2496 XV
1659 2449 1759 2497 aut
1798 2439 1901 2497 XX
1942 2439 2116 2498 etiam
2152 2457 2440 2496 annorum

345 2535 536 2615 impar
573 2534 812 2592 omnino
841 2542 947 2590 est.
981 2531 1049 2589 In
1071 2529 1378 2611 hypothesi
1406 2543 1714 2617 propterea
1733 2577 1750 2607 7
1784 2554 1959 2614 quam
1993 2534 2399 2614 impugnamus
2418 2574 2435 2605 ,

421 2721 485 2784 (l)
521 2720 590 2770 De
612 2721 788 2785 origine
813 2719 1017 2786 priorum
1043 2718 1357 2766 haereticorum

347 2805 576 2853 disserens
605 2801 885 2865 Hegesippus
913 2799 1035 2863 apud
1072 2798 1323 2846 Eusebium
1341 2834 1356 2857 7

356 2884 594 2933 Historia?
645 2881 802 2930 eccles.
837 2881 921 2929 lib.
959 2898 1039 2940 iv,
1086 2897 1187 2944 cap.
1224 2895 1357 2941 xxit,

355 2967 464 3014 inde
484 2983 583 3014 eam
613 2965 773 3028 repetit
791 2998 805 3022 ,
839 2962 964 3027 quod
993 2964 1172 3026 propria
1200 2962 1361 3026 placita

355 3066 439 3096 seu
463 3048 664 3112 proprias
699 3045 933 3109 opiniones
967 3045 1221 3091 invexerint
1254 3060 1361 3090 con-

349 3139 428 3176 *tra
478 3127 713 3192 publicum
770 3125 978 3174 Ecclesiae
1031 3127 1355 3189 magisterium.

359 3208 438 3258 Sic
469 3211 592 3257 enim
624 3208 899 3256 enumeratis
918 3216 1088 3270 septem
1116 3205 1363 3253 haeresibus

360 3291 815 3345 Menandrianomm,
837 3287 1254 3345 marcionistarum,
1278 3296 1363 3334 etc.

361 3374 511 3437 pergit
534 3372 612 3419 hic
634 3371 980 3435 antiquissimus
994 3377 1154 3416 auctor
1188 3385 1203 3416 :
1227 3364 1366 3416 “Enoe-

365 3475 470 3506 στος
498 3450 619 3505 ἰδίως
644 3447 722 3500 καὶ
743 3448 891 3517 ἑτέρως
915 3447 1030 3498 ι’δίὀιν
1050 3447 1184 3510 ,δέξειν
1217 3469 1368 3515 παρει-

356 3532 581 3595 «σ-»ἷγαγεν
598 3530 688 3582 οἶσι-3
704 3530 862 3582 πότων
889 3528 1233 3596 ψευὸὅχριστω·
1254 3530 1369 3593 ψευ-

358 3615 658 3682 δοπροφῆται·
713 3611 1099 3677 wawarie-rozoc-
1161 3615 1202 3660 οἵ
1258 3633 1368 3665 τινες

362 3698 572 3764 inipso-on
595 3695 670 3755 viv
698 3693 838 3748 ’ἕνωσιν
869 3700 951 3752 ‘ciis-
984 3692 1227 3752 ἐκκλησίαις
1252 3697 1368 3757 φθο-

1438 2717 1625 2786 ριμοιιόις
1649 2718 1802 2780 λέγοις
1835 2719 1954 2772 κατ-οὲ
1981 2728 2058 2772 τοῦ·
2084 2727 2196 2772 Θεοῦ·
2219 2719 2295 2771 mai
2320 2718 2441 2771 κοιταέ

1438 2807 1514 2850 τοῦ
1535 2808 1720 2867 Χριστοῦ
1745 2807 1890 2854 κᾶτοό.
1920 2805 1975 2852 Id
2005 2815 2097 2864 est,
2124 2804 2208 2852 Ex
2234 2804 2310 2851 his
2338 2819 2442 2850 ma·-

1439 2897 1623 2934 narum
1664 2888 1750 2951 qui
1783 2889 1974 2935 seorsim
2010 2887 2195 2950 sinqnli
2215 2886 2442 2952 proprias

1441 2971 1688 3034 opiniones
1736 2969 2046 3016 induxerunt.
2107 2966 2190 3014 Eat·
2237 2966 2312 3013 his
2354 2965 2446 3013 orti

1440 3061 1554 3098 sunt
1567 3050 1971 3117 pseudo-Christi,
1980 3047 2437 3115 pseudo-prophetae,

1435 3133 1835 3200 pseudo-apostoli
1853 3170 1866 3195 7
1901 3135 1987 3197 qui
2017 3132 2334 3180 adulterinam
2366 3130 2441 3176 in·

1444 3215 1657 3263 vehentes
1686 3215 1951 3263 doctrinam
1972 3215 2195 3263 adversus
2221 3210 2375 3260 Deum
2401 3216 2447 3256 et

1446 3296 1669 3344 adversus
1722 3295 1967 3343 Christum
2029 3298 2130 3362 ejus
2151 3329 2166 3354 ,
2213 3293 2444 3339 unitatem

1447 3378 1499 3426 Ε
1500 3378 1638 3427 cclesi
1641 3395 1680 3426 ae
1717 3378 2027 3426 disciderunt.
2035 3411 2048 3425 .
2057 3411 2070 3425 .
2081 3410 2094 3424 .

1517 3462 1576 3524 (ᾖ)
1612 3461 1669 3508 In
1710 3471 1840 3509 tract.
1889 3458 1967 3507 De
2013 3471 2124 3506 vera
2166 3453 2444 3518 Relae'qione,

1449 3554 1565 3609 part.
1598 3559 1664 3603 11,
1702 3561 1755 3593 n.
1795 3558 1881 3609 177
1921 3550 1966 3589 et
2006 3555 2131 3604 seqq.
2164 3556 2209 3603 p.
2240 3534 2372 3598 2803
2402 3543 2447 3584 et

1449 3645 1496 3675 n.
1518 3641 1613 3674 222
1634 3635 1818 3691 etseqq.
1845 3640 1949 3689 pag.
1969 3620 2063 3669 302
2083 3655 2098 3684 7
2114 3630 2226 3668 tom.
2261 3635 2297 3667 1.
