2502 4186
350 233 469 292 122
914 252 1227 292 'rnmuws
1270 253 1337 291 nn
1378 253 1843 295 commum-rmus.

354 392 504 454 Cum
548 394 792 451 venisset
803 432 825 461 ,
853 391 1045 451 Extra.
1074 392 1167 451 De
1190 411 1364 452 saera
1387 394 1659 453 unctione
1685 413 1705 450 :
1733 392 1854 453 Per
1876 395 2095 468 frontis
2123 396 2415 454 chrisma‘

345 489 564 549 tionem
605 502 826 543 manus
867 485 1164 563 impositio
1201 487 1576 565 desiqnatur‚
1614 507 1743 564 qum
1765 487 1883 546 alio
1917 492 2154 547 nomine
2187 490 2414 547 dicitur

353 579 735 656 Confirmatio
760 577 867 656 (1).
898 579 1183 659 Eugenius
1210 599 1347 641 vero
1370 581 1468 653 IV,
1496 580 1558 639 in
1587 578 1814 640 decreto
1840 601 1946 660 pro
1980 581 2193 640 unione
2221 584 2410 642 Arme-

343 693 555 731 norum
577 671 697 730 haec
711 670 887 733 habet
915 694 928 730 ε
962 674 1107 732 Loco
1126 695 1425 733 manuum
1441 677 1839 752 impositionis
1860 676 2047 733 datur
2065 678 2134 732 in
2150 675 2415 734 Ecclesia

348 766 733 843 Confirmatio
782 766 888 847 (2).
921 767 1024 826 His
1073 766 1304 829 additur
1337 768 1672 847 Moguntina
1713 767 1971 847 Synodus
2005 813 2020 843 .,
2067 789 2220 826 anno
2262 767 2414 826 1549

342 859 658 934 celebrata,
702 882 829 941 quae
858 882 983 942 cap.
1012 863 1192 920 XVIII
1229 862 1393 922 docet
1425 884 1438 920 ε
1467 863 1595 921 Hoc
1617 863 2107 935 Sacramentum,
2136 863 2215 920 ab
2243 866 2419 919 initio

341 961 464 1017 sola
482 976 776 1013 manuum
800 959 1171 1034 impositione
1195 959 1525 1018 eoehihitum
1539 999 1560 1027 ,
1598 977 1726 1014 mox
1751 957 1860 1014 sub
1884 959 2032 1034 ipsis
2059 958 2418 1035 temporibus

259 1104 262 1106 ,
343 1049 767 1127 ,Apostolorum-
790 1071 860 1106 em
899 1052 1233 1112 eorumdem
1259 1052 1576 1111 traditione
1588 1092 1610 1120 ,
1644 1050 1918 1109 adhibita
1943 1050 2282 1109 chrismatis
2306 1071 2417 1108 un-

339 1147 526 1203 ctione
548 1186 564 1216 7
601 1147 834 1220 coepisse
870 1147 1138 1221 conferri
1159 1144 1271 1223 (3).

422 1238 519 1295 70.
565 1237 675 1307 Qui
743 1238 973 1295 tertiam
1021 1238 1366 1295 sententiam
1414 1249 1688 1312 tuentur,
1748 1236 2097 1316 argumentis
2152 1249 2414 1318 pugnant

347 1331 646 1410 utriusque
675 1330 961 1409 opinionis
1000 1331 1239 1388 seorsim
1271 1331 1514 1411 sumptis
1542 1353 1648 1412 pro
1676 1342 2006 1412 temporum
2038 1330 2388 1391 diversitate.

422 1424 519 1483 71.
570 1424 678 1496 Qui
715 1422 951 1483 demum
994 1435 1260 1504 quartam
1300 1424 1551 1505 amplexi
1578 1436 1750 1500 sunt,
1786 1427 1845 1485 in
1889 1425 2144 1484 medium
2173 1424 2421 1484 afferunt

343 1519 537 1580 omnia
579 1519 924 1578 documenta
957 1518 1257 1577 Sacrarum
1287 1520 1710 1599 scripturarum
1729 1565 1746 1594 7
1775 1521 2116 1580 Sanctorum
2147 1521 2380 1577 Patr-um
2401 1562 2418 1593 ,

342 1634 452 1675 nec
484 1635 604 1673 non
631 1611 943 1671 Ritualium
971 1624 1031 1672 et
1062 1612 1535 1692 Euchologiorum
1566 1659 1582 1689 ,
1619 1613 1826 1695 quibus
1863 1636 1922 1673 se
1946 1615 2218 1672 muniunt
2245 1613 2424 1672 Theo-

342 1707 490 1787 Iogi,
527 1707 624 1788 qui
652 1706 819 1765 alteri
859 1727 929 1765 ex
961 1707 1254 1765 recensitis
1290 1708 1589 1784 sententiis
1618 1707 2076 1789 adstipulantur3
2114 1707 2424 1767 observant

343 1813 656 1885 praeterea,
708 1803 902 1862 Patres
945 1812 1004 1859 et
1059 1801 1396 1881 Euchologia
1446 1803 1768 1883 promiscue
1811 1806 2266 1863 'commemorare
2327 1811 2427 1858 aut

342 1918 624 1956 manuum
648 1897 1077 1978 impositionem
1103 1894 1203 1954 aut
1225 1896 1546 1955 chrismatis
1579 1897 1910 1956 unctionem
1932 1942 1948 1972 ‚
1979 1899 2096 1956 imo
2119 1895 2424 1955 interdum

343 2014 409 2052 ac
446 1994 659 2073 passim
697 2004 1005 2073 utramque
1029 1996 1375 2071 conjungere
1404 2037 1420 2065 ,
1479 2004 1545 2050 ut
1583 1993 1966 2052 Tertullianus
2000 2038 2015 2067 ‚
2059 1993 2373 2074 Cyprianus
2404 2034 2422 2063 .‚

342 2088 703 2146 Firmilianus
726 2132 743 2163 ,
783 2086 990 2167 aliique
1022 2108 1053 2145 a
1090 2086 1254 2147 nobis
1304 2087 1607 2161 recensiti,
1652 2107 1782 2146 cum
1822 2108 2116 2167 ageremus
2154 2086 2225 2144 de
2258 2085 2426 2160 hujus

340 2183 696 2259 Sacramenti
729 2182 974 2242 veritate
1001 2180 1109 2260 (4).

422 2278 523 2335 72.
575 2279 640 2336 In
685 2276 791 2334 hac
839 2298 1010 2356 porro
1042 2277 1384 2357 opinionum
1430 2275 1810 2357 discrepantia
1861 2298 1966 2334 nos
2010 2275 2427 2336 animadverti-

341 2392 471 2431 mus
496 2415 512 2444 ,
547 2382 812 2452 quartam
846 2372 1195 2430 sententiam
1229 2370 1677 2430 commodiorem
1711 2392 1869 2445 esse,
1916 2381 2119 2452 utpote
2151 2391 2278 2451 quae
2318 2369 2426 2427 hoc

341 2467 487 2527 lucri
521 2464 732 2553 habeat
753 2510 768 2539 ,
803 2475 869 2523 ut
891 2464 1132 2524 aliarum
1168 2465 1432 2547 praesidia
1461 2464 1567 2524 sibi
1593 2465 1844 2527 vindicet
1872 2466 2063 2523 omnia
2083 2509 2100 2539 ‚
2139 2475 2197 2523 et
2225 2485 2425 2522 omnes

344 2561 710 2620 difficultates
734 2605 749 2634 ‚
800 2559 1007 2641 quibus
1044 2581 1405 2641 unaquaeque
1453 2561 1629 2618 trium
1657 2561 1915 2640 priorum
1955 2569 2224 2638 urgetur,
2266 2557 2428 2616 facile

344 2656 615 2718 declinet.
657 2657 775 2716 Nec
803 2657 960 2715 enim
986 2667 1177 2736 potest
1213 2655 1532 2736 oppugnari
1551 2650 1670 2716 *nisi
1692 2654 2070 2733 argumentiS,
2097 2665 2162 2712 ut
2187 2663 2423 2726 vocant,

343 2752 664 2831 negativi8‚
724 2750 932 2831 quibus
991 2762 1329 2828 argumenta
1373 2749 1615 2830 positiva
1669 2759 2064 2830 opponuntur.
2107 2747 2423 2820 Addimus,

346 2846 501 2929 quod
534 2847 678 2905 circa
709 2847 957 2926 primam
982 2845 1328 2903 sententiam
1362 2844 1672 2904 adversarii
1708 2843 2205 2916 animadvertant,
2237 2843 2427 2922 Scrip-

344 2951 488 2999 turae
532 2939 807 3022 loquendi
850 2961 1054 3014 usum⁷
1108 2939 1160 2997 ei
1197 2960 1317 2996 non
1363 2938 1601 2996 omnino
1639 2937 2018 3018 adstipulari,
2068 2959 2198 2995 cum
2246 2936 2426 2995 soleat

345 3037 780 3095 Sacramentum
825 3033 1199 3093 denominare
1247 3054 1317 3091 ex
1355 3031 1547 3113 aliquo
1593 3043 1821 3091 tantum
1872 3033 2023 3106 ritu,
2073 3032 2427 3113 Scripturam

414 3213 484 3276 (l)
521 3212 616 3259 Cfr.
656 3214 705 3259 in
730 3211 888 3259 Gestis
908 3210 1186 3259 Innocentii
1213 3225 1300 3271 111,
1327 3227 1352 3256 a
1435 3209 1837 3256 animadvertimus
1862 3244 1875 3267 ,
1931 3207 2164 3272 desumpta
2214 3215 2320 3252 sunt
2372 3221 2430 3252 ex

349 3292 512 3358 Steph.
530 3292 713 3340 Baluzio
738 3293 944 3357 vulgatis,
966 3301 1068 3339 ante
1085 3291 1229 3353 Epist.
1257 3291 1350 3339 col·
1437 3290 1668 3354 Opusculo
1703 3308 1729 3337 v
1775 3288 1822 3339 S.
1865 3288 2053 3337 Thomae
2076 3326 2089 3347 ‚
2130 3286 2209 3334 De
2252 3284 2427 3333 Sacra-

348 3374 454 3424 lect.
487 3374 627 3422 Paris,
677 3370 798 3421 1682
818 3408 832 3434 ‚
869 3384 983 3421 tom.
1019 3387 1038 3419 1
1061 3409 1074 3432 ,
1122 3370 1148 3438 S
1179 3388 1314 3420 txxvr
1337 3409 1351 3434 ‚
1437 3373 1622 3419 mentis.

316 3476 321 3482 ·
349 3474 451 3522 pag.
483 3453 563 3503 38.
1498 3453 1565 3515 (3)
1602 3452 1728 3500 Ibid.
1760 3453 1853 3500 col.
1879 3448 2030 3499 2118.

420 3539 488 3601 (2)
511 3535 646 3600 Apud
661 3534 803 3584 Hard.
819 3533 963 3583 Acta.
982 3534 1126 3583 Cone.
1150 3546 1258 3582 tom.
1276 3553 1342 3595 ix,
1496 3533 1569 3597 (14)
1598 3534 1773 3582 Harum
1792 3535 2123 3583 sententiarum
2140 3529 2435 3577 fundamenta

351 3619 441 3667 col.
472 3616 590 3681 458.
619 3618 729 3682 Quae
746 3617 877 3666 verba
907 3627 957 3665 ut
975 3617 1149 3683 reliqua
1174 3618 1346 3675 omnia,
1432 3615 1518 3664 cfr.
1540 3616 1663 3681 apud
1681 3615 2038 3674 Trombellium,
2056 3612 2143 3662 loc.
2163 3615 2242 3662 cit.
2259 3622 2364 3661 sect.
2380 3626 2435 3658 ιιι

359 3715 460 3766 quae
476 3701 532 3749 ad
549 3699 841 3749 Sacramenta
852 3708 1073 3764 spectant,
1097 3701 1227 3747 sicuti
1245 3699 1352 3748 alias
1439 3707 1485 3745 et
1508 3712 1572 3748 iv.
