2502 4186
755 257 878 295 cAP.
926 258 971 295 1.
1017 257 1086 293 nn
1129 254 1375 295 marnam
1417 252 1689 291 urrisun.
1898 290 1902 292 ,
2200 233 2272 291 13

183 399 539 459 induxerunt
567 395 640 456 ad
673 397 1069 480 adoptandum
1107 398 1287 454 ritum
1328 394 1650 453 infusionis.
1693 392 1771 451 Ac
1812 390 2003 473 primo
2039 393 2276 472 quidem

184 493 258 554 ob
297 515 464 552 usum
490 538 505 566 ,
548 493 647 574 qui
680 492 959 575 paulatim
994 488 1266 547 inductus
1307 499 1396 548 est
1431 510 1501 548 ex
1538 487 1743 566 majori
1781 486 2056 546 facilitate
2099 487 2278 547 colla-

184 588 359 646 tionis
397 587 567 664 hujus
614 584 924 666 baptismi,
980 583 1191 664 quique
1237 583 1381 641 adeo
1423 583 1669 643 invaluit
1701 627 1717 656 ,
1764 593 1831 640 ut
1866 581 2102 641 rituales
2144 581 2278 640 libri

186 682 325 742 editi
345 681 451 739 sub
474 682 647 738 finem
672 700 783 738 sec.
814 679 939 736 XIV
960 677 1550 757 jam'praescripserint
1568 722 1583 751 ,
1609 676 1968 758 baptismum
1991 677 2279 738 infusione

185 774 598 836 conferendum
621 775 728 853 (l)
772 775 838 831 20
863 773 943 832 Ut
967 770 1195 832 tenellae
1222 773 1375 830 aetati
1395 771 1650 830 infantili
1680 767 2110 853 'prospiceretur
2136 818 2152 847 ,
2189 774 2280 832 cui

185 869 478 928 immersio
506 890 710 928 nocere
744 878 936 950 potest
963 893 977 940 3
1018 877 1191 947 atque
1216 878 1281 925 ut
1308 878 1668 928 averteretur
1691 867 2044 947 periculum,
2078 889 2152 927 ne
2184 869 2283 927 in-

185 964 373 1022 fantes
409 964 679 1044 manibus
734 961 983 1022 ministri
1026 960 1245 1042 delapsi
1277 963 1354 1019 in>
1383 961 1741 1043 profundum
1785 961 2109 1042 baptisterii
2153 963 2282 1021 suf-

187 1059 549 1133 focarentur,
591 1056 747 1139 quod
782 1077 903 1113 non
936 1055 1116 1114 semel
1151 1056 1422 1135 contigit,
1459 1052 1609 1116 neve
1650 1077 1811 1142 aquae
1848 1057 2023 1115 fontis
2060 1056 2284 1138 baptis-

189 1152 355 1211 malis
399 1153 755 1212 foedarentur
775 1196 789 1223 ,
825 1146 981 1230 quod
1009 1150 1160 1208 malo
1184 1150 1377 1210 omine
1406 1150 1732 1210 habebatur
1750 1198 1766 1225 ,
1798 1163 1863 1210 ut
1897 1151 1960 1210 in
1987 1149 2286 1211 ablutione

192 1246 558 1305 Constantini
600 1244 950 1325 Copronymi
995 1243 1370 1304 observatum
1414 1257 1501 1304 est
1538 1246 1659 1326 (2),
1700 1257 1759 1304 et
1792 1246 1871 1304 sic
1910 1268 2030 1304 non
2068 1245 2286 1326 absque

182 1342 350 1421 ‚gravi
382 1339 576 1399 labore
619 1338 955 1399 renovanda
1007 1360 1152 1420 aqua
1176 1338 1380 1414 esset,
1420 1362 1547 1421 quae
1589 1343 1726 1400 satis
1769 1340 1992 1420 prolixa
2041 1339 2288 1400 benedi-

192 1437 379 1494 ctione
414 1445 798 1506 consecratur.
839 1433 904 1491 30
952 1434 1023 1491 Ut
1064 1434 1778 1516 consulereturpudicitiae
1816 1434 2127 1502 mulierum
2156 1445 2288 1517 post

191 1528 471 1588 abolitum
503 1528 966 1587 Diaconissarum
1009 1529 1397 1587 ministerium
1429 1528 1535 1610 (3).
1571 1528 1636 1587 40
1666 1529 1753 1588 Ad
1780 1529 2037 1588 tollenda
2072 1531 2290 1588 incom-

189 1621 398 1697 moda,
430 1644 559 1703 quae
595 1623 656 1680 in
694 1622 1022 1702 regionibus
1061 1622 1609 1704 septentrionalibus
1647 1625 1969 1705 praesertim
1994 1623 2289 1683 habentur

190 1718 252 1776 in
275 1716 579 1775 collatione
603 1716 874 1799 baptismi
890 1739 998 1799 per
1011 1718 1446 1777 immersionem
1460 1714 1783 1797 algentibus
1807 1714 1989 1800 aquis,
2019 1713 2292 1778 Ceterum

193 1813 255 1869 in
305 1811 602 1870 nonnullis
645 1812 833 1871 adhuc
883 1812 1076 1871 latinis
1128 1812 1386 1872 Ecclesiis
1434 1812 1725 1895 baptisma
1768 1834 1873 1895 per
1919 1813 2140 1872 trinam
2183 1813 2292 1871 im-

197 1907 548 1992 mersionem
573 1907 901 1985 confertur,
925 1918 991 1966 ut
1020 1929 1070 1967 e.
1110 1931 1162 1988 g.
1191 1911 1253 1967 in
1283 1908 1721 1969 Mediolanensi.

1008 2086 1489 2128 DIFFICULTATES.

285 2221 381 2279 31.
429 2223 564 2300 obj.
599 2226 676 2303 ‘10
705 2226 760 2282 S.
792 2225 1000 2283 Paulus
1036 2227 1237 2284 asserit
1262 2271 1278 2299 ,
1315 2227 1483 2284 Rom.
1527 2226 1599 2284 VI
1624 2270 1639 2301 ,
1681 2227 1717 2282 4
1738 2271 1754 2298 ,
1786 2247 1892 2284 nos
1931 2224 2297 2307 consepultos

204 2335 326 2374 esse
358 2310 487 2375 cum
516 2316 743 2377 Christo
765 2339 869 2399 per
899 2319 1255 2399 baptismum
1273 2364 1289 2394 ,
1318 2325 1477 2398 cujus
1515 2323 1892 2399 sepulturam
1915 2322 2298 2392 triduanam,

202 2409 391 2491 inquit
431 2413 488 2470 S.
527 2414 639 2471 Leo
675 2415 752 2470 M.
780 2458 796 2487 ,
835 2405 1120 2472 imitatur
1152 2419 1321 2472 trina
1353 2414 1776 2493 demersio'(4).
1816 2415 1886 2471 2⁰
1926 2418 2124 2474 Patres
2161 2434 2302 2496 prae-

203 2516 361 2565 terea
383 2505 623 2583 docent,
657 2508 1044 2567 immersionis
1075 2511 1256 2567 ritum
1286 2508 1420 2567 oriri
1449 2530 1518 2567 ex
1548 2508 1862 2568 traditione
1893 2508 2303 2590 Apostolorum

206 2611 264 2659 et
302 2600 513 2660 Christi
551 2613 859 2684 praecepto,
904 2602 969 2660 30
1015 2606 1212 2662 Poenae
1260 2603 1508 2684 proinde
1549 2611 1780 2663 statutae
1821 2604 2059 2662 fuerunt
2099 2615 2328 2685 contra*

208 2716 302 2755 eos
326 2740 342 2769 ,
382 2697 481 2777 qui
504 2697 683 2757 semel
722 2697 1165 2775 immergebant.
1206 2697 1272 2755 40
1309 2700 1496 2779 Atque
1531 2698 1865 2776 hujusmodi
1912 2697 2301 2773 ablutionem,

209 2790 365 2870 apud
390 2792 774 2850 Eunomianos
802 2793 1076 2851 usitatam
1094 2838 1109 2867 ,
1141 2794 1338 2852 Patres
1366 2793 1604 2852 Concilii
1628 2793 2306 2876 Constantinopolitanil

211 2885 435 2945 irritam
473 2885 838 2946 declararunt
885 2887 1008 2968 (5);
1049 2898 1221 2968 prout
1268 2899 1465 2971 postea
1507 2889 1724 2970 pariter
1774 2887 2041 2948 eamdem
2082 2888 2306 2948 irritam

287 3073 350 3136 (l)
384 3074 481 3125 cfr.
511 3087 732 3127 auctores·
753 3080 853 3127 citt.
1298 3095 1458 3145 scopos
1467 3096 1559 3145 per
1571 3078 1796 3127 Siciliam
1818 3079 2094 3126 constitutos
2108 3114 2120 3136 ,
2135 3094 2239 3143 cap.
2254 3078 2305 3140 3,

288 3155 355 3217 (ᾖ)
371 3155 470 3204 Cfr.
487 3156 778 3225 Theophanis
794 3159 1212 3227 Chronoqraphia‚
1300 3162 1412 3210 edit.
1446 3159 1664 3209 Ballerin.

218 3235 330 3284 edit.
359 3236 624 3287 Combefisii
648 3275 663 3301 ,
691 3240 834 3289 Paris.
869 3238 994 3291 1655
1020 3279 1033 3301 ‚
1055 3242 1114 3289 ad
1132 3260 1214 3290 an·
1368 3242 1429 3306 (5)
1467 3242 1644 3290 Horum
1670 3243 1879 3290 omnium
1897 3241 2089 3289 Patrum
2110 3251 2154 3288 et
2183 3239 2308 3289 Con-

217 3335 331 3366 num
363 3336 419 3384 7¹
436 3336 479 3378 1,
506 3337 608 3384 pag.
636 3320 752 3371 335.
1309 3325 1520 3374 ciliorum
1547 3326 1834 3373 auctoritates
1866 3324 2077 3372 collectas
2103 3323 2309 3370 invenies

222 3472 224 3474 Ι
286 3397 352 3462 (3)
388 3400 488 3464 Qua
524 3403 698 3449 ratione
725 3403 834 3451 olim
863 3406 1111 3453 mulierum
1130 3422 1220 3470 pu·
1305 3409 1354 3454 in
1378 3416 1487 3454 nota
1522 3405 1771 3454 Guillielmi
1793 3405 2022 3470 Beveregii
2041 3403 2108 3451 ad
2126 3419 2233 3451 can.
2264 3401 2309 3449 L

227 3479 391 3529 dicitiae
413 3483 672 3531 consultum
706 3494 846 3546 esset,
873 3486 985 3534 dum
1012 3487 1219 3551 baptiza·
1303 3487 1565 3555 Apo-stolio.
1599 3487 1657 3536 de
1683 3504 1780 3555 quo
1806 3488 1954 3549 infra3
1979 3486 2099 3552 apud
2133 3482 2312 3533 Co'tele-

225 3572 413 3624 rentur,
450 3565 532 3613 cfr.
578 3564 829 3613 Martenius
854 3602 868 3624 ,
908 3565 1171 3617 Vicecomes
1206 3606 1220 3629 ,
1306 3572 1454 3627 rium,
1512 3570 1719 3618 Patrum
1776 3567 2019 3635 apostolic.
2071 3577 2181 3614 tom.
2248 3581 2267 3611 1
2290 3599 2306 3625 ,

231 3641 510 3709 Binghamus
548 3647 658 3695 locis
692 3649 784 3695 citt.
1305 3668 1412 3716 pag.
1456 3648 1503 3700 8.

291 3722 359 3789 (h)
398 3725 564 3793 Epist.
587 3743 725 3791 xvm,
759 3727 824 3777 ad
844 3729 1087 3805 universos
1104 3728 1222 3796 Epi-
