2502 4186
441 247 562 285 cn.
606 244 680 288 lv.
727 247 796 283 mi
837 243 1231 284 Encfflms‘nffi
1273 239 1671 294 nomm-Am,
1714 241 1833 280 nro.
2089 217 2208 278 257

100 391 241 448 Nisi
289 388 805 456 manducaveritis
815 429 838 458 ‚
881 397 985 445 etc.
1033 384 1182 444 dixit
1216 385 1465 466 pariter,
1501 384 1672 442 Joan.
1727 383 1844 441 III:
1888 383 2037 443 Nisi
2074 387 2213 463 quis

99 492 347 541 renatus
362 485 559 561 fuerit
577 503 649 540 ecc
670 502 831 560 aqua
849 491 904 539 et
923 474 1236 560 SpiricuS.
1255 500 1376 537 non
1395 488 1583 556 potest
1594 480 1850 536 introire
1867 483 1936 537 in
1955 499 2212 559 reynum

99 579 223 638 Dei
234 623 248 652 ,
283 588 342 635 et
375 578 513 636 Luc.
543 577 712 651 XIII,
757 575 793 634 3
824 599 838 634 ε
872 575 1024 635 Nisi
1042 577 1473 654 poenitentiam
1499 573 1864 647 habueritis,
1898 595 2098 633 omnes
2119 574 2213 633 si·-

100 675 328 731 militer
367 673 655 751 peribitis
683 695 704 738 ‚·
751 672 912 753 atqui
958 670 1253 752 Baptisma
1300 679 1358 728 et
1411 668 1767 728 Poenitentia
1811 681 1944 750 post
1983 670 2214 752 lapsum

94 769 414 828 necessaria
456 779 593 826 sunt
642 769 979 827 necessitate
1021 764 1216 824 medii.
1273 766 1341 822 20
1382 767 1635 845 Recepta
1690 765 1937 845 proinde
1989 767 2098 825 fuit
2139 768 2205 826 in

99 866 367 924 universa
436 862 684 922 Ecclesia
749 863 989 945 antiqua
1066 860 1426 921 consuetudo
1497 881 1806 942 nunquam
1878 863 2217 923 conferendi

100 958 463 1039 Baptismum
515 957 733 1039 absque
767 956 1141 1018 Eucharistia.
1172 954 1237 1013 3⁰
1283 956 1364 1013 Ex
1404 955 1513 1014 hac
1552 976 1693 1015 vero
1724 956 1889 1037 praxi
1925 957 1982 1014 S.
2022 958 2218 1036 Augu-

101 1052 288 1110 stinus
313 1064 720 1133 argumentum
752 1051 1027 1110 instruxit
1062 1049 1339 1110 adversus
1386 1048 1759 1129 Pelagian087
1809 1050 1910 1132 qui
1955 1053 2216 1132 parvulis

98 1169 220 1206 non
250 1147 554 1229 baptizatis
586 1145 1008 1230 pollicebantur
1032 1146 1212 1207 vitam
1245 1156 1528 1204 aeternam
1546 1190 1563 1219 ,
1598 1156 1665 1204 ut
1706 1145 2044 1205 ostenderet
2065 1190 2082 1221 ‚
2109 1146 2216 1206 hos

99 1243 353 1303 infantes
381 1266 502 1303 non
535 1243 724 1303 solum
759 1264 792 1301 a
827 1261 1006 1320 regno
1040 1241 1146 1300 Dei
1165 1285 1181 1315 ,
1216 1261 1429 1300 verum
1458 1241 1635 1299 etiam
1663 1262 1696 1299 a
1722 1242 1842 1302 vita
1872 1251 2093 1300 aeterna
2117 1262 2223 1308 ex-

104 1337 298 1414 cludi,
344 1360 470 1421 quae
506 1337 788 1420 promissa
837 1336 948 1394 fuit
989 1334 1391 1394 Eucharisticae
1432 1335 1888 1417 participationi.
1929 1336 2021 1395 Sic
2060 1337 2222 1396 enim

103 1432 441 1508 Julianum‚
500 1431 679 1491 relata
728 1431 1056 1490 Innocentii
1105 1431 1129 1489 Ι
1169 1430 1500 1506 sententia,
1550 1431 1893 1511 perstringit
1946 1453 1959 1488 :
2029 1433 2214 1505 Vide,

102 1528 295 1610 inquit
315 1573 331 1603 ‚
367 1528 519 1607 qnid
541 1527 963 1606 respondem...
995 1527 1411 1605 quiparvulos
1439 1525 1712 1602 definivit
1733 1569 1749 1597 ,
1789 1528 1917 1583 nisi
1952 1528 2225 1585 mandu-

102 1629 375 1683 caverint
396 1624 652 1684 Carnem
675 1623 833 1682 Filii
856 1622 1118 1679 hominis
1132 1664 1148 1693 ‚
1179 1624 1370 1678 vitam
1381 1639 1643 1699 prorsus
1663 1620 1878 1677 habere
1892 1640 2013 1678 non
2028 1641 2221 1699 posse.

101 1722 273 1780 Huic
298 1720 612 1799 responde,
651 1722 772 1776 imo
810 1721 937 1795 ipsi
970 1717 1228 1775 Domino
1243 1758 1264 1786 ,
1307 1718 1483 1792 cujus
1517 1716 1616 1773 ille
1661 1718 1907 1773 antistes
1949 1737 2101 1774 usus
2142 1727 2229 1775 esc

101 1820 428 1873 testimonio
467 1815 579 1893 (l).
629 1813 700 1872 Et
744 1810 882 1870 alibi
918 1813 1136 1892 passim
1174 1809 1378 1871 eadem
1427 1809 1697 1868 inculcat.
1746 1811 1950 1892 Neque
2007 1810 2082 1869 ab
2127 1812 2223 1870 In-

103 1910 375 1968 nocentio
410 1919 470 1968 et
497 1906 817 1988 Augustino
841 1905 1112 1965 dissentit
1141 1903 1433 1979 Gelasius,
1470 1905 1571 1987 qui
1602 1903 1872 1965 eamdem
1911 1916 2079 1985 urget
2118 1927 2222 1966 ne-

103 2005 453 2064 cessitatem.
497 2005 667 2083 Ergo.
1481 2066 1491 2078 Q

184 2098 326 2158 230.
356 2101 527 2180 Resp.
554 2096 630 2157 ad
667 2098 746 2156 1m
767 2143 783 2172 .,
814 2098 964 2178 Neq.
988 2096 1194 2157 eadem
1213 2096 1436 2157 ratione
1460 2095 1761 2156 Christum
1783 2097 2046 2157 locutum
2071 2119 2219 2174 esse,

106 2193 226 2254 sive
249 2213 382 2252 cum
413 2192 486 2252 de
509 2193 852 2252 necessitate
885 2192 1163 2273 Baptismi
1181 2238 1197 2267 ‚
1230 2192 1351 2254 sive
1378 2213 1512 2252 cum
1544 2191 1617 2252 de
1646 2194 1990 2253 necessitate
2020 2194 2225 2254 Poeni-

104 2288 308 2347 tentiae
351 2298 411 2346 et
447 2269 817 2346 Eucharistiae
852 2286 1140 2346 disseruit.
1183 2289 1449 2368 Loquens
1486 2288 1645 2347 enim
1676 2288 1937 2347 Christus
1974 2288 2047 2348 de
2070 2291 2225 2370 Bap-

98 2384 306 2456 tismo7
343 2380 536 2443 verbis
573 2381 1017 2461 generalissimis
1054 2403 1189 2440 usus
1230 2393 1360 2455 est,
1406 2381 1605 2442 dicens
1638 2406 1651 2440 ε
1686 2381 1842 2442 Nisi
1872 2388 2011 2462 quis
2041 2429 2057 2458 ,
2108 2397 2221 2444 etc.

101 2497 228 2559 quae
256 2478 515 2559 profecto
538 2498 741 2536 omnes
763 2498 1000 2558 prorsus
1027 2476 1340 2537 includunt
1366 2502 1382 2551 ς
1428 2498 1561 2536 cum
1598 2498 1737 2539 vero
1765 2476 1837 2537 de
1864 2479 2219 2539 Poenitentia

103 2585 164 2634 et
200 2574 556 2633 Eucharistia
598 2595 930 2632 sermonem
974 2571 1188 2649 habet,
1226 2572 1486 2655 loquitur
1522 2575 1585 2631 in
1628 2572 1880 2632 secunda
1923 2595 2174 2656 persona
2206 2597 2220 2633 :

102 2672 236 2729 Nisi
265 2673 689 2749 paenitentiam
733 2670 1166 2727 habueritis...
1216 2669 1368 2728 Nisi
1407 2670 1924 2728 manducaveritis
1945 2713 1969 2742 ,
2011 2670 2221 2752 quibus

100 2765 419 2826 insinuavit
446 2786 508 2824 se
535 2763 752 2845 alloqui
770 2774 1092 2846 praesentes
1114 2809 1130 2839 ,
1169 2762 1398 2823 adultos
1418 2808 1433 2839 a
1460 2763 1707 2846 ideoque
1735 2766 2014 2847 praecepti
2039 2786 2216 2848 capa-

103 2880 216 2918 ceS.
258 2861 446 2932 Quare
481 2859 733 2920 Ecclesia
776 2859 1007 2921 diverso
1049 2860 1294 2919 omnino
1337 2878 1510 2919 sensu
1555 2859 1676 2919 haec
1717 2860 1933 2922 Christi
1985 2861 2217 2921 oracula

101 2953 412 3014 intellexit.

185 3049 327 3108 231.
376 3049 466 3108 Ad
498 3050 619 3125 2¹¹¹,
667 3053 822 3111 Dist.
870 3053 948 3110 Ut
988 3053 1364 3134 perficeretur
1408 3073 1516 3134 per
1553 3052 2007 3128 Eucharistiam7
2056 3053 2216 3134 quod

104 3144 166 3202 in
191 3142 486 3225 Baptismo
500 3144 820 3226 incoeptum
849 3166 914 3204 ac
937 3146 1274 3206 inchoatum
1298 3158 1417 3222 est,
1443 3168 1634 3214 conc.;
1663 3148 1824 3229 quasi
1839 3147 2178 3208 crederetur
2196 3193 2215 3225 .,

104 3237 364 3317 ejusdem
391 3239 743 3297 necessitatis
775 3261 898 3299 esse
912 3242 1285 3323 Baptismum
1317 3254 1377 3302 et
1406 3242 1823 3302 Eucharistiam
1842 3289 1857 3318 ,
1900 3265 2031 3324 neq.
2067 3245 2216 3304 Cum

104 3335 263 3393 enim
297 3355 404 3414 per
441 3334 734 3415 Baptisma
769 3335 1021 3396 infantes
1059 3338 1243 3398 vitam
1287 3337 1651 3421 spiritualem
1692 3338 1892 3421 adepti
1939 3341 2159 3400 fuerint
2186 3385 2202 3415 .,

103 3449 229 3512 quae
249 3429 545 3510 perficitur
567 3440 627 3488 et
649 3428 822 3488 alitur
842 3451 949 3511 per
972 3432 1490 3494 Confirmationem
1514 3445 1573 3494 et
1599 3435 2020 3496 Eucharistiam
2036 3481 2051 3510 ‚
2078 3456 2211 3495 con-

106 3526 295 3587 suevit
332 3524 580 3585 Ecclesia
629 3525 739 3584 tria
774 3524 871 3584 illa
916 3527 1284 3589 Sacramenta
1331 3530 1506 3590 simul
1558 3531 1842 3593 conferre.
1890 3534 2210 3613 Nunquam

172 3716 234 3778 (1)
274 3716 415 3769 Cont.
441 3717 544 3768 Jul.
565 3718 716 3779 lib.1,
739 3735 842 3784 cap.
861 3714 924 3781 4,
943 3736 994 3769 n.
1028 3719 1105 3768 13.

185 3795 250 3854 T.
298 3799 395 3858 VI..
1507 3856 1510 3858 .
1907 3802 1977 3861 17
