2502 4186
306 220 420 282 130
875 233 1194 274 'fucramus
1239 233 1306 269 nn
1349 231 1813 272 commun-mnu.

303 375 754 441 Gemmeticenffi
785 384 952 432 aetate
983 371 1326 432 Theoderici
1349 370 1574 430 abbatis
1604 383 1880 446 exarato,
1917 375 1980 432 in
2013 375 2235 453 duobus
2257 379 2403 439 item

305 470 653 536 Colbertinis
691 488 982 527 annorum
1029 466 1103 526 ad
1138 467 1452 526 minimum
1489 465 1607 525 800
1634 467 1745 546 (1).
1787 468 1888 525 His
1924 471 2190 532 omn-ibus
2228 474 2407 533 robur

206 584 209 586 ’
299 568 588 629 invictum
614 561 833 623 accedit
861 583 931 621 ex
969 562 1302 643 Graecorum
1329 560 1804 630 etOrientalium
1832 565 1998 644 praxi
2026 610 2041 639 .,
2081 569 2236 647 apud
2263 591 2407 649 quos

302 661 464 723 nulla
491 659 745 720 occur-rit
772 658 835 716 in
868 656 1369 716 administratione
1407 656 1578 734 hujus
1614 658 1967 717 Sacramenti
2008 663 2189 720 oratio
2214 662 2288 720 ad
2317 665 2406 722 in-

299 755 630 820 vocandum
660 753 942 836 Spiritum
978 753 1258 811 Sanctum
1279 797 1295 828 ,
1327 772 1439 811 -nec
1465 762 1772 832 propterea
1794 753 1954 834 prior
1997 754 2095 814 illa
2122 777 2407 817 manuum

297 851 595 934 impositio
635 849 746 928 (2).
1833 899 1838 902 .

383 946 483 1006 83.
511 945 727 1004 Terti0.
752 943 854 1002 His
873 943 1069 1024 itaque
1085 941 1421 1002 constitutis
1448 940 1594 999 circa
1617 941 1922 1001 materiam
1947 953 2003 1002 et
2031 944 2279 1003 formam
2299 945 2406 1004 Sa·-

301 1040 586 1102 cr-amenti
613 1037 1086 1098 Confirmationis
1112 1081 1128 1111 ‚
1162 1047 1344 1096 restat
1383 1047 1451 1094 ut
1487 1057 1668 1116 pauca
1695 1034 2061 1114 subjiciamus
2083 1040 2228 1099 circa
2263 1045 2407 1118 ejus·

292 1138 434 1197 dem
464 1133 820 1194 Sacramenti
857 1132 1112 1192 effectus,

379 1230 479 1290 84.
527 1229 661 1286 {Iam
708 1248 848 1287 vero
895 1226 1010 1284 duo
1052 1225 1290 1284 effectus
1337 1235 1731 1286 recensentur.
1778 1227 2004 1285 Primus
2058 1248 2272 1310 nempe
2319 1240 2408 1289 est

297 1325 541 1408 Spiritus
578 1321 777 1380 Sancti
801 1320 982 1399 gratia
1006 1319 1083 1377 ad
1109 1318 1290 1377 robur
1319 1330 1379 1379 et
1400 1319 1805 1381 fortitudinem
1839 1322 1901 1380 in
1932 1322 2046 1382 fide
2080 1326 2408 1405 praesertim

296 1432 532 1480 strenue
567 1414 934 1500 profitenda,
969 1413 1114 1472 adeo
1143 1424 1212 1472 ut
1236 1413 1352 1487 illi,
1390 1415 1491 1494 qui
1519 1416 1693 1495 quasi
1721 1415 1907 1475 >modo
1940 1418 2118 1496 geniti
2147 1419 2401 1480 infantes

294 1539 402 1599 per
425 1513 788 1596 Baptismum
821 1520 1171 1584 evaserunt,
1210 1503 1315 1589 per
1351 1507 1874 1570 confirmationem>
1907 1513 2123 1572 virtute
2152 1514 2402 1595 Spiritus

297 1611 491 1671 Sancti
525 1610 589 1667 in
625 1607 780 1667 viros
821 1605 1108 1687 profectos
1150 1603 1422 1664 evadant.
1453 1606 1644 1677 Quare
1683 1605 1850 1686 «opud
1896 1608 2129 1667 Veteres
2182 1611 2409 1668 Confir-

295 1707 474 1766 matio
502 1703 719 1786 passim
754 1699 1052 1760 dicebatur
1075 1700 1383 1780 appendix·
1403 1741 1426 1771 ,
1471 1701 1963 1778 complementum
1990 1745 2012 1773 ,
2031 1707 2319 1782 perfectio
2348 1716 2408 1764 et

296 1799 737 1861 consummatio
766 1795 1049 1876 ‘Baptismi
1081 1839 1098 1869 .,
1147 1815 1215 1853 eo
1252 1793 1467 1853 scilicet
1501 1814 1674 1853 sensu
1701 1839 1718 1868 ,
1770 1817 1885 1876 quo
1928 1790 2259 1878 expositum
2293 1811 2400 1858 est.

295 1900 547 1977 Recepta
573 1892 711 1950 inde
750 1891 969 1973 pariter
1005 1900 1130 1948 erat
1170 1888 1526 1948 consuetudo
1566 1888 1724 1970 apud
1757 1891 1996 1949 eosdem
2039 1894 2240 1951 statim
2267 1915 2408 1953 con-

292 1987 569 2050 firmandi
609 2008 740 2061 603,
788 1986 901 2066 qui.
927 1983 1207 2065 baptizati
1245 1995 1432 2043 erant.
1477 1983 1566 2042 Ad
1601 1983 1758 2042 hunc
1805 2006 1943 2044 vero
1979 1980 2252 2046 effectum
2297 1988 2406 2047 ob—

296 2083 608 2144 tinendum
633 2080 850 2162 requi-ri
890 2085 1107 2138 statum
1133 2079 1327 2158 gratiae
1348 2123 1364 2154 ,
1404 2099 1606 2138 omnes
1645 2081 2038 2139 consentiunt.
2073 2081 2236 2141 Alter
2261 2085 2408 2143 Con-

299 2176 644 2238 firmationis
705 2174 940 2233 effectus
995 2184 1090 2232 est>
1141 2173 1435 2232 character
1465 2198 1481 2246 ς
1545 2195 1658 2254 quo
1721 2176 1787 2233 fit
1828 2219 1845 2249 7
1908 2186 1975 2233 ut
2043 2177 2221 2236 semel
2297 2179 2406 2238 rite

295 2275 667 2334 confirmatus
716 2272 930 2328 iterum
977 2269 1300 2347 consignari
1375 2290 1497 2326 non
1555 2269 1755 2349 possit.
1806 2272 1891 2328 De
1941 2269 2049 2329 hoc
2098 2275 2404 2354 posteriori

296 2370 506 2430 effectu
540 2364 915 2424 disseruimus
958 2363 1021 2420 in
1058 2374 1309 2422 tractatu
1347 2365 1438 2423 Dc
1477 2364 1883 2423 Sacramentc's
1928 2370 1996 2424 in
2031 2388 2241 2447 qenere
2276 2369 2402 2450 (3),

298 2464 440 2545 quin
473 2458 694 2541 aliquid
723 2458 893 2537 adjici
914 2478 1148 2517 necesse
1172 2458 1266 2517 sit.

375 2559 514 2631 Quae
546 2576 680 2614 cum
708 2554 786 2612 ita
822 2554 974 2628 sint,
1012 2557 1137 2630 jam
1173 2551 1496 2623 accedimus
1525 2551 1597 2611 ad
1624 2552 2011 2614 refellendum
2048 2555 2194 2616 circa
2221 2558 2402 2619 Virtu-

293 2664 417 2713 tem
447 2649 773 2711 chrismatis
813 2659 1165 2708 novatorum
1205 2668 1484 2706 errorem.

1147 2825 1574 2882 PROPO'SITIO.

298 2967 540 3051 Injurii
578 2990 697 3027 non
739 2978 884 3026 sunt
929 2968 1200 3047 Spiritui
1239 2970 1456 3030 Sancto
1478 3015 1499 3043 ,
1547 2978 1656 3051 qui
1708 2996 1875 3034 sacro
1920 2978 2400 3057 Confirmatz'onis

668 3063 1037 3122 christimati
1075 3068 1359 3123 virtutem
1390 3068 1666 3146 aliquam
1692 3072 1989 3132 tribuunt.

384 3237 481 3296 85.
525 3237 846 3319 Propositio
888 3249 977 3296 est
1013 3236 1085 3297 de
1125 3238 1273 3314 fide,
1317 3240 1562 3300 totidem
1606 3244 1890 3327 siquidem
1928 3247 2119 3308 verbis
2152 3249 2391 3311 definita

297 3331 734 3393 estaGoncilio
769 3331 1144 3408 Tridentium
1190 3354 1330 3412 seSS.
1359 3338 1457 3394 VII
1481 3382 1496 3411 ,
1537 3358 1663 3397 can.
1706 3342 1794 3415 ΙΙ,
1833 3345 2092 3424 superius
2133 3345 2392 3405 recitato·

361 3427 477 3486 286.
514 3427 848 3507 'operosum
872 3447 1044 3508 porro
1077 3448 1199 3487 non
1226 3441 1313 3489 est
1333 3475 1348 3506 ‚
1375 3443 1508 3514 post
1530 3455 1595 3493 ea
1621 3456 1750 3517 quae
1778 3436 1872 3497 hic
1899 3438 2189 3520 praemissa
2220 3451 2358 3500 sunt
2375 3486 2392 3515 ,

364 3604 426 3669 (1)
462 3602 562 3652 Cfr.
594 3602 709 3651 ibid.
736 3613 821 3652 art.
849 3620 920 3655 111.
988 3625 990 3628 ’
1381 3613 1516 3677 chap.
1548 3631 1624 3662 12.

357 3684 431 3751 (2)
464 3682 885 3734 Cfr.³Renaudotius
906 3723 919 3747 ‚
938 3703 1015 3751 op.
1036 3689 1112 3736 cit.
1133 3686 1210 3738 liv.
1235 3705 1292 3750 11,
1447 3693 1514 3758 (3)
1550 3695 1606 3744 N.
1640 3693 1704 3761 78
1729 3707 1774 3746 et
1800 3714 1930 3764 seqq.
