2502 4186
536 250 654 286 CAP.
705 251 744 285 1.
793 248 859 285 DE
901 249 1174 286 VERITATE
1216 248 1458 288 sAanM.
1506 250 1766 288 CONFIRM.

2075 232 2185 290 103

120 388 272 448 enim
308 385 410 444 has
455 399 711 446 accurate
749 386 1095 466 distinguere
1136 406 1338 467 scopus
1380 389 1714 449 Tertulliani
1744 390 1868 448 fuit.
1916 390 2185 451 Ceterum

117 490 247 563 post
273 479 442 538 allata
473 480 651 542 verba
689 482 1018 542 immediate
1045 483 1408 561 prosequitur
1443 507 1457 543 :
1500 485 1626 544 Nec
1638 505 1888 562 panem,
1923 507 2037 564 quo
2066 491 2190 566 ipse

117 595 328 653 corpus
368 596 545 633 suum
578 585 972 653 repraesentat.
1008 575 1124 634 Nec
1161 583 1355 634 tamen
1408 577 1798 659 praejudicium
1836 576 2002 639 affert
2034 582 2189 640 veri-

116 670 224 727 tati
253 669 600 727 Sacramenti
627 669 1022 728 Eucharistiae.

194 762 294 820 28.
340 752 430 820 Ad
463 761 568 835 4¹¹¹,
609 763 762 842 Neq.
790 764 1003 844 pariter
1030 761 1092 819 in
1129 783 1299 820 sensu
1329 763 1661 823 adversarii.
1705 764 1788 823 Ad
1822 765 1988 846 prob.
2028 769 2181 827 Disc.

115 857 307 913 Juxta
328 860 807 932 ecclesiasticam,
843 856 1110 935 requiam
1141 855 1199 912 in
1243 857 1445 916 ordine
1466 858 1540 916 ad
1577 860 1926 918 ceremonias
1952 862 2188 920 omissas

115 949 176 1005 in
210 949 502 1029 Baptismo
554 949 882 1009 clinicorum
906 992 922 1022 ,
969 969 1151 1015 conc.;
1185 950 1245 1007 in
1283 950 1485 1010 ordine
1526 953 1600 1011 ad
1629 954 2136 1012 Confirmationem
2169 1000 2185 1028 ‚

113 1040 375 1100 Subdist.
395 1085 416 1113 ,
471 1043 659 1123 quoad
695 1042 1110 1122 susceptionem
1145 1088 1162 1117 .,
1215 1064 1405 1112 conc.‚·
1443 1046 1632 1127 quoad
1670 1047 2092 1106 institutionem
2131 1059 2190 1107 et

117 1135 398 1214 originem
417 1182 432 1209 ‚
475 1159 606 1216 neq.
641 1135 831 1214 Neque
859 1137 1014 1195 enim
1039 1137 1161 1197 baec
1194 1140 1524 1220 permisceri
1549 1140 1799 1217 debent,
1835 1163 1967 1201 cum
1998 1163 2061 1202 ea
2092 1164 2197 1224 ap-‘

115 1230 303 1308 prime
332 1231 625 1290 Cornelius
650 1229 957 1308 distinguat
981 1231 1090 1311 (l).
1748 1252 1751 1253 ’

191 1324 292 1382 29.
343 1324 429 1384 Ad
472 1325 581 1401 52¹1,
617 1325 776 1383 Dist.
818 1325 1037 1383 Vocant
1078 1327 1315 1386 Veteres
1361 1329 1872 1388 Confirmationem
1917 1329 2192 1410 Baptismi

100 1422 541 1497 perfectionem,
565 1428 670 1476 etc.
686 1418 908 1478 ratione
924 1420 1158 1479 effectus
1177 1466 1192 1495 ,
1219 1443 1407 1489 conc.,·
1422 1424 1644 1483 ratione
1658 1425 2010 1482 Sacramenti
2025 1468 2041 1497 ‚
2065 1445 2189 1503 neq.

191 1511 287 1570 30.
338 1513 424 1572 Ad
470 1513 574 1588 6¹¹¹,
618 1516 770 1570 Dist.
809 1514 887 1570 Ut
924 1515 1050 1594 quis
1097 1515 1171 1573 sit
1214 1515 1387 1596 plene
1430 1517 1809 1574 sanctificatus
1857 1537 1956 1574 seu
1988 1516 2225 1574 Chris--⁴

114 1605 303 1664 tianus
329 1606 615 1686 perfectus
638 1627 849 1687 nempe
873 1607 1036 1666 fortis
1065 1619 1123 1667 et
1149 1607 1379 1667 adultus
1400 1654 1416 1682 a
1447 1630 1635 1675 conc.;
1666 1609 2020 1666 Christianus
2051 1610 2191 1667 sim-

106 1697 352 1777 pliciter,
376 1721 506 1778 neq.
528 1700 699 1773 Sane,
717 1701 814 1780 qui
842 1700 982 1759 dicit
1007 1712 1252 1780 utroque
1268 1705 1668 1776 Sacramento,
1689 1702 1803 1761 duo
1827 1703 2192 1760 Sacramenta

108 1789 425 1870 distinguit.
457 1795 634 1851 Porro
650 1797 814 1870 juxta
831 1793 1026 1852 datam
1055 1796 1468 1875 expositionem
1487 1796 1698 1876 liquet,
1726 1796 1954 1854 nullum
1979 1795 2191 1855 falsum

108 1905 339 1944 sensum
371 1885 600 1945 subesse
636 1907 804 1967 posse
839 1887 900 1945 in
935 1889 989 1946 S.
1018 1888 1289 1969 Cypriani
1330 1891 1640 1955 assertione
1679 1889 1786 1969 (2).

188 1977 285 2036 31.
334 1978 422 2037 Ad
460 1980 565 2054 7¹1¹7
607 1977 753 2059 Neq.
798 1979 883 2038 Ad
935 1980 1335 2062 probationem
1370 2005 1543 2062 vero·⁷
1586 2004 1711 2064 quae
1751 2005 1821 2043 ex
1862 1986 1917 2043 S.
1961 1988 2183 2044 Irenaeo

179 2192 242 2255 (l)
278 2191 348 2238 En
365 2187 589 2256 integrum
607 2202 783 2240 textum
805 2191 933 2242 :Sed
954 2212 1103 2259 neque

107 2281 353 2337 postquam
393 2271 616 2319 liberatus
649 2281 717 2320 est
753 2273 1104 2336 (Novatianus)

112 2354 268 2401 morbo
289 2390 302 2411 ‚
345 2354 526 2418 reliqua
551 2357 796 2419 percepit,
830 2372 937 2419 quae
955 2358 1105 2420 juxta

110 2433 468 2482 ecclesiasticam
488 2434 699 2498 requiam
710 2437 903 2500 percipi
921 2436 1102 2484 debent.

111 2513 285 2562 Deinde
309 2513 573 2563 immediate
598 2519 914 2580 prosequitur:
935 2517 1103 2581 Neque

113 2595 171 2643 ab
188 2594 426 2661 Episcopo
448 2598 756 2660 consiqnatus
778 2605 861 2658 est,
886 2610 968 2646 etc.
988 2599 1106 2663 Ergo

115 2677 348 2742 distinguit
375 2676 421 2725 S.
448 2677 654 2725 Pontifex
689 2677 908 2742 Baptismi
942 2681 1106 2727 solem-

116 2751 216 2816 nia,
252 2774 354 2824 quae
387 2757 667 2807 Novatianus
696 2769 956 2823 recuperata
981 2760 1107 2808 vale-

118 2838 276 2886 tudine
321 2839 522 2903 neglexit
560 2848 713 2888 contra
760 2841 1107 2888 ecclesiasticam

121 2909 319 2981 regulam
343 2955 356 2978 ‚
387 2920 463 2967 illa
494 2920 699 2984 supplere
725 2923 1062 2985 praecipientem
1092 2959 1106 2981 ‚

126 3016 149 3044 a
165 3001 500 3060 consignatione
515 3001 766 3048 chrismatis
785 2987 1110 3050 sacramentali.

127 3080 227 3127 Cfr.
261 3078 413 3127 Vales.
444 3083 492 3127 in
514 3081 639 3130 hunc
667 3081 756 3130 loc.

191 3161 255 3224 (2)
294 3159 360 3207 De
396 3160 485 3207 hoc
524 3173 788 3224 argumento
827 3180 883 3210 ex
915 3163 1113 3227 professo

125 3243 327 3306 disputat
351 3250 479 3288 vetus
508 3252 660 3289 auctor
682 3245 828 3307 operis
841 3241 910 3290 De
929 3242 1115 3308 Rebap-

1175 2200 1392 2263 jecerunt
1405 2236 1420 2259 ,
1452 2208 1495 2246 et
1519 2199 1608 2247 hac
1620 2202 1802 2248 ratione
1818 2197 2063 2266 Spiritum
2078 2200 2197 2249 San.

1181 2285 1308 2324 ctum
1327 2279 1384 2325 in
1399 2295 1474 2325 eos
1486 2279 1812 2338 contulerunt,
1837 2274 1993 2328 subdit.
2019 2298 2033 2328 ε
2056 2279 2198 2343 Quod

1183 2356 1415 2404 hodierna
1446 2374 1629 2421 quoque
1673 2358 1753 2406 die
1788 2376 1884 2406 non
1912 2368 2068 2424 potest
2104 2361 2196 2408 du-

1184 2436 1336 2484 bitari
1361 2453 1456 2484 esse
1494 2441 1726 2485 usitatum
1784 2447 1830 2486 et
1865 2442 2050 2487 evenire
2083 2440 2195 2488 soli-

1184 2525 1284 2563 tum
1302 2553 1315 2576 ‚
1347 2525 1401 2564 ut
1418 2516 1637 2581 plerique
1662 2526 1768 2583 post
1800 2521 2055 2583 Baptisma
2090 2522 2196 2568 sine

1185 2599 1483 2661 impositione
1496 2615 1669 2645 manus
1693 2597 1930 2664 Episcopi
1945 2601 2001 2647 de
2022 2601 2193 2660 seculo,

1186 2686 1356 2724 exeant
1373 2698 1390 2734 ;
1426 2686 1470 2724 et
1500 2685 1659 2725 tamen
1680 2697 1770 2743 pro
1796 2680 2020 2744 perfectis
2039 2680 2196 2742 fideli-

1188 2757 1274 2805 bus
1290 2757 1380 2805 hab
1390 2766 1547 2806 entur.
1566 2758 1700 2822 Quod
1717 2761 1962 2808 confirmat
1986 2759 2195 2826 exemplo

1190 2839 1401 2886 Eunuchi
1421 2856 1445 2886 a
1472 2838 1682 2904 Philippo
1718 2841 1968 2905 baptizati,
1998 2844 2194 2907 quisine

1191 2937 1416 2967 manuum
1435 2922 1727 2982 impositione
1742 2920 1953 2986 Episcopi
1972 2922 2197 2986 perfectus

1193 3003 1338 3048 extitit
1370 2999 1670 3048 Christianus.
1716 3000 1804 3050 Sed
1846 3019 1950 3049 eum
1991 3000 2081 3050 adi.
2121 3002 2198 3075 In:

1193 3083 1325 3129 terim
1351 3099 1402 3128 ex
1443 3082 1514 3127 his
1549 3091 1698 3144 patet,
1729 3099 1823 3128 non
1859 3099 1912 3129 eo
1943 3099 2077 3130 sensu
2115 3099 2196 3130 vo-

1195 3171 1340 3210 catam
1360 3180 1389 3218 a
1410 3161 1650 3209 Veteribus
1676 3179 1773 3209 esse
1788 3160 2196 3210 Confirmationem

1190 3243 1527 3308 perfectionem
1543 3242 1810 3307 Baptismi‚
1834 3244 1963 3307 quasi
1986 3245 2082 3289 sine
2102 3244 2198 3306 ipsa

127 3325 328 3371 tismate.
351 3323 467 3369 Cum
483 3325 603 3371 enim
633 3326 756 3388 prius
783 3325 966 3373 dixisset
987 3342 1001 3373 ε
1023 3321 1119 3372 Per
1197 3323 1751 3388 Baptismaimperscctum
1765 3333 1882 3371 esset
1895 3323 2195 3381 censendum,

127 3421 300 3451 manus
331 3405 675 3470 impositionem
709 3403 942 3469 Episcopi
980 3405 1122 3454 datur
1200 3405 1278 3452 sed
1310 3414 1534 3470 quatenus
1561 3406 1707 3468 gratiae
1733 3406 1782 3451 in
1811 3403 2078 3468 Baptismate
2108 3401 2199 3450 col-

129 3487 391 3549 unicuique
437 3482 653 3550 Spiritus
708 3480 947 3546 Sanctus,
1001 3487 1123 3534 sicut
1200 3485 1299 3533 latae
1337 3485 1422 3532 alia
1467 3485 1749 3532 fortitudinis
1786 3495 1830 3533 et
1863 3485 2042 3532 roboris
2079 3480 2198 3548 adji-

130 3565 348 3629 Apostoli
365 3568 494 3614 circa
522 3563 850 3616 Samaritanos
881 3572 986 3630 post
1009 3564 1126 3613 Phi·
1202 3565 1421 3627 ciebatur‚
1441 3575 1493 3614 ut
1507 3567 1693 3630 exponit
1705 3564 1755 3614 S.
1776 3564 1994 3631 Cyrinus,
2009 3559 2206 3615 Cateck.

131 3644 252 3711 lippi
271 3645 516 3711 Baptisma
551 3663 720 3694 manus
748 3648 817 3694 eis
846 3645 1124 3710 imponendo
1206 3648 1284 3694 cit.
