2502 4186
312 186 391 250 94
882 207 1204 249 *rueramus
1245 208 1315 245 nn
1357 207 1824 250 communion.
1880 180 1883 183 ¹

1125 387 1606 431 DtFFICULTATEs.

400 558 496 617 12.
539 554 670 634 Obj.
718 553 926 637 prima.
963 554 1163 636 Neque
1191 577 1262 615 ex
1291 555 1478 615 allatis
1511 556 1935 638 Scripturarum
1964 560 2397 622 auctoritatibus

314 654 380 713 in
408 673 468 711 se
498 650 790 732 spectatiS‚
820 670 1011 731 neque
1039 671 1112 727 ex
1140 671 1340 710 earum
1369 672 1545 710 sensu
1578 651 1929 722 traditionali
1959 653 2257 735 quidpiam
2284 655 2405 715 col-

315 747 413 826 ligi
451 755 675 827 potest,
717 766 832 826 quo
868 745 1078 805 veritas
1118 744 1287 823 hujus
1317 747 1671 804 Sacramenti
1699 746 2045 807 adstruatur.
2092 750 2152 807 10
2180 750 2408 809 Etenim

316 841 381 900 in
411 839 671 899 adductis
707 840 1049 899 testimoniis
1079 842 1349 923 Spiritus
1380 843 1593 900 Sancti
1616 843 1853 902 nomine
1880 866 2001 902 non
2041 845 2220 923 gratia
2250 866 2408 904 sanc-

315 928 538 996 tificans
572 932 890 1008 indicatur,
924 935 1026 995 sed
1051 939 1249 1027 gratis
1277 937 1454 1008 data,
1497 935 1568 996 de
1596 958 1707 1018 qua
1727 981 1743 1011 ,
1773 939 1808 996 J
1812 937 1900 996 oel
1931 939 1981 996 ΙΙ
2000 983 2016 1012 ,
2044 939 2158 1013 283
2185 939 2408 999 dictum

317 1041 405 1091 est
433 1053 446 1089 :
477 1031 811 1109 Effundam
841 1032 910 1089 de
943 1033 1170 1111 spiritu
1199 1051 1320 1089 meo
1359 1052 1541 1110 super
1582 1053 1811 1090 omnem
1855 1054 2130 1106 carnem,
2169 1046 2223 1092 et
2262 1056 2407 1113 pro-

305 1126 645 1206 phetabunt
657 1127 782 1204 filii
803 1116 982 1185 vestri
992 1149 1011 1192 ,·
1032 1124 1207 1206 idque
1230 1147 1348 1184 non
1376 1125 1614 1186 obscure
1633 1138 1875 1208 apparet
1903 1128 1964 1185 in
1988 1128 2238 1209 Ephesiis
2252 1174 2267 1203 ‚
2288 1130 2405 1212 qui,

318 1221 439 1280 Act.
473 1222 634 1294 XIX,
672 1221 707 1278 6
731 1266 747 1294 ,
786 1233 1019 1302 accepto
1042 1222 1260 1302 Spiritu
1290 1223 1499 1281 Sancto
1530 1225 1925 1302 loq-uehuntur
1956 1225 2179 1303 linquis
2201 1237 2253 1285 et
2269 1247 2410 1304 pro-

216 1339 221 1343 ·
310 1315 656 1393 phetabant.
701 1315 962 1373 Profecto
1003 1314 1260 1395 Apostoli
1298 1313 1466 1373 illum
1510 1317 1789 1398 Spiritum
1830 1319 2106 1377 Sanctum
2148 1320 2408 1379 confere-

315 1408 494 1483 bant,
541 1413 699 1485 cujus
746 1407 924 1468 dandi
962 1407 1296 1467 facultatem
1334 1408 1406 1467 ab
1443 1410 1513 1468 iis
1550 1412 1809 1492 poposcit
1840 1413 2076 1486 Simon,
2115 1413 2407 1495 spondens

315 1504 656 1586 pecuniam,
692 1525 902 1586 nempe
943 1503 1164 1563 donum
1198 1505 1608 1565 miraculorum
1641 1532 1657 1580 ς
1701 1518 1759 1566 et
1790 1508 2130 1567 Samaritani
2169 1510 2334 1568 tincti
2375 1531 2410 1568 a

316 1599 583 1681 Philippo
611 1599 776 1658 illum
805 1600 1075 1680 spiritum
1110 1612 1488 1682 acceperunt,
1518 1623 1632 1682 quo
1669 1613 1838 1661 antea
1871 1615 2179 1662 caruerunt
2206 1629 2221 1675 ς
2259 1625 2409 1663 care-

315 1692 462 1754 bant
484 1705 678 1754 autem
704 1695 896 1775 gratiis
918 1695 1093 1774 gratis
1118 1695 1264 1755 datis
1285 1741 1300 1769 ,
1341 1697 1580 1755 minime
1605 1718 1741 1757 vero
1769 1697 1948 1776 gratia
1983 1699 2372 1757 sanctificante
2388 1744 2404 1773 ,

317 1811 492 1871 quam
531 1789 727 1871 ad'epti
753 1802 919 1849 erant
949 1812 1056 1870 per
1092 1791 1403 1872 Baptisma.
1434 1791 1502 1849 20
1532 1791 1647 1850 Sed
1678 1791 1813 1850 dato
1843 1837 1859 1866 7
1893 1792 2052 1872 quod
2085 1791 2303 1873 aliquid
2335 1791 2410 1852 ad

318 1888 594 1968 Baptismi
632 1887 1131 1946 confirmationem
1168 1886 1422 1967 Apostoli
1448 1908 1730 1944 manuum
1766 1887 2137 1968 impositione
2166 1888 2402 1946 confer-

317 1993 484 2056 rent⁷
531 2002 840 2063 perperam
890 1982 1222 2058 deducitur,
1259 1981 1421 2041 illam
1455 2004 1734 2040 manuum
1770 1982 2200 2063 impositionem
2237 1982 2411 2041 fuisse

313 2077 794 2136 sacramentalem
812 2123 828 2152 ,
863 2099 994 2136 cum
1031 2079 1246 2158 passim
1271 2099 1398 2137 eam
1422 2088 1769 2158 usurparent
1800 2076 1873 2135 ad
1900 2076 2154 2135 diversos
2177 2077 2412 2134 effectus

320 2173 724 2254 producendos
747 2198 762 2246 ς
799 2173 864 2231 30
886 2174 966 2231 sic
990 2174 1239 2231 Ananias
1262 2217 1277 2245 ,
1300 2172 1436 2231 licet
1455 2194 1574 2230 non
1597 2173 1768 2230 fuerit
1785 2174 2095 2252 Episcopus
2113 2217 2128 2245 7
2157 2183 2416 2231 attamen

315 2267 485 2326 Saulo
510 2290 717 2325 manus
749 2269 1021 2348 imposuit
1041 2314 1055 2342 7
1090 2279 1155 2324 ut
1185 2268 1376 2324 visum
1408 2268 1685 2347 reciperet
1716 2278 1773 2324 et
1802 2269 2154 2345 impleretur
2175 2267 2417 2344 Spiritu

318 2363 561 2433 Sancto,
600 2364 722 2420 Act.
753 2365 861 2435 IX,
901 2363 1005 2435 173
1043 2362 1107 2419 40
1143 2371 1421 2442 praeterea
1451 2363 1681 2434 PetruS,
1715 2361 1839 2420 Act.
1865 2363 1916 2419 X
1937 2407 1952 2435 7
1991 2361 2103 2434 lili,
2137 2381 2409 2433 cernenS.,

318 2457 474 2539 quod
529 2460 741 2517 cecidit
781 2460 1047 2539 Spiritus
1094 2459 1352 2515 Sanctus
1403 2477 1582 2535 super
1639 2477 1873 2526 omnes,
1928 2461 2041 2534 qui
2086 2456 2417 2513 audiebant

319 2556 600 2625 verbum,
637 2574 810 2635 super
848 2552 1188 2613 Cornelium
1233 2551 1447 2610 scilicet
1482 2572 1545 2608 ac
1573 2550 1878 2610 familiares
1912 2554 2066 2627 ejuS,
2100 2561 2412 2629 antequam

318 2649 410 2707 isti
441 2647 717 2729 baptizati
744 2645 965 2722 essent,
1001 2647 1073 2707 ab
1108 2645 1476 2728 imponendis
1504 2666 1677 2726 super
1709 2665 1804 2703 eos
1826 2643 2095 2702 manibus
2133 2643 2413 2703 abstinuit

319 2754 451 2823 post
486 2743 761 2826 Baptismi
803 2742 1190 2801 collationem.
1233 2740 1298 2797 50
1351 2740 1624 2821 Apposite
1666 2750 1972 2820 propterea
2018 2739 2366 2817 Augustinus
2393 2784 2409 2812 .,

322 2842 403 2895 De
453 2838 631 2916 Bapt.
680 2836 782 2896 lib.
831 2837 910 2896 III
958 2858 970 2893 :
1025 2837 1193 2916 Quid
1238 2846 1320 2895 est
1358 2836 1537 2893 aliud
1585 2855 1806 2892 manus
1849 2836 2183 2912 impositio,
2228 2833 2415 2892 inter-

320 3097 431 3130 nam
468 3085 563 3131 sive
601 3082 901 3141 catholicam{
937 3084 1167 3147 potuerint
1211 3100 1324 3131 con·
1407 3084 1585 3130 cinunt.
1628 3081 1880 3147 Nunquam
1927 3092 2084 3130 autem
2123 3090 2340 3146 poterunt
2366 3097 2416 3130 se

318 3166 494 3227 spirare
529 3166 580 3212 in
618 3163 906 3230 agnoscenda
963 3167 1146 3213 veritate
1186 3165 1327 3230 hujus
1407 3166 1465 3214 ab
1496 3166 1616 3213 illius
1645 3168 1690 3213 vi
1721 3165 2002 3225 subducere,
2027 3183 2079 3213 eo
2112 3165 2181 3212 vel
2208 3167 2410 3212 maxime

267 3242 278 3255 ’
321 3242 599 3294 Sacramenti
626 3282 639 3304 ‚
681 3248 869 3310 perinde
910 3264 963 3294 ac
1001 3247 1280 3312 reliquorum
1302 3249 1326 3294 ἱ)
1409 3248 1532 3313 quod
1564 3266 1658 3294 non
1688 3258 1845 3311 agatur
1876 3248 1950 3295 hic
1988 3248 2045 3295 de
2088 3247 2242 3312 aliquo
2285 3248 2411 3310 prin-

323 3323 393 3376 Ad
422 3326 549 3374 hunc
592 3328 835 3392 scopulum
874 3313 1122 3376 illiduntur
1167 3345 1326 3376 omnes
1410 3332 1526 3394 cipio
1565 3330 1870 3394 speculativo,
1909 3331 1987 3377 sed
2015 3330 2072 3376 de
2101 3345 2148 3376 re
2175 3331 2406 3391 practica,

324 3406 621 3468 subtilitates,
649 3409 814 3474 effugia
837 3446 850 3468 ‚
879 3412 1101 3469 inventa,
1137 3409 1329 3457 menda·
1412 3421 1547 3476 atque
1594 3414 1643 3458 in
1685 3429 1772 3458 usu
1816 3411 2081 3474 quotidiano
2123 3411 2282 3473 posita.
2330 3408 2411 3457 131ae

322 3490 393 3539 cia
420 3487 638 3549 Lustxeri,
660 3489 841 3538 Calvini
859 3527 874 3550 ‚
903 3490 1090 3550 Danant,
1110 3490 1318 3555 Basnagii
1401 3502 1552 3541 tamen
1596 3496 1944 3541 communiones
1988 3506 2149 3540 omnes
2199 3491 2409 3537 unanimi

322 3580 670 3636 ceterorumque
701 3570 885 3620 illorum
927 3584 1284 3637 summystarum
1304 3608 1319 3632 ,
1402 3591 1628 3622 consensu
1652 3574 1710 3622 ab
1734 3573 1979 3640 apostolica
2009 3572 2250 3621 traditione
2285 3570 2410 3620 Con-

323 3653 406 3716 qni
448 3661 707 3702 constanter
761 3654 943 3703 easdem
994 3654 1202 3720 strophas
1245 3671 1323 3703 oc·
1405 3656 1714 3706 firmationem
1742 3660 1971 3721 repetunt.
