2502 4186
653 240 776 277 cu».
827 240 894 277 11.
942 237 1010 277 ΒΕ
1053 234 1762 276 τιιΑΝεευΒετΑπτιΑτῐοη.
2153 215 2274 273 215

156 393 331 441 tuum
351 404 376 453 ,-
410 380 684 452 benedic,
719 378 1031 458 sanctifica
1065 388 1121 437 et
1139 378 1411 457 purifica
1435 377 1603 447 illos3
1642 385 1699 432 et
1733 384 2080 437 transmutat
2106 380 2269 435 hune

142 497 404 556 panem,
448 486 519 533 ut
552 477 663 554 fiat
707 475 938 554 Corpus
975 485 1150 532 tuum
1182 493 1460 551 purum,
1499 479 1552 527 et
1594 470 1757 548 quod
1787 474 2036 528 mistum
2074 480 2158 529 est
2204 474 2276 529 in

155 571 259 630 hoc
281 575 464 629 calice
478 613 499 642 ,
528 571 792 649 Sanguis
822 580 964 628 tuus
982 571 1301 648 pretiosus.
1343 566 1411 624 In
1441 563 1564 623 haec
1605 585 1780 645 porro
1814 564 1992 624 verba
2024 565 2104 623 sic
2137 565 2267 624 ani-

155 664 474 726 madvertit
495 662 891 723 Renaudotius
919 685 933 722 :
967 663 1181 723 Veram
1200 663 1594 718 mutationem
1623 660 1926 738 siynzflcat
1941 680 2048 717 voa·
2078 661 2275 720 oethio-

144 765 327 840 pica,
369 763 464 817 rei
483 760 707 819 scilicet
743 761 932 817 unius
962 761 1026 815 in
1053 757 1245 816 aliam
1267 799 1284 828 ,
1314 763 1387 812 ut
1418 757 1689 834 aqnoscz't
1724 758 1849 831 ipse
1875 753 2171 832 Ludolfus
2201 760 2273 814 in

155 858 361 915 lembis
401 857 530 913 suis
554 897 578 925 ,
623 855 916 932 multique
947 854 1277 930 Scripturoe
1321 850 1470 923 loci,
1511 851 1582 906 in
1627 848 1850 926 quibus
1887 858 2271 925 usurpatur,

143 936 362 1028 peilam
390 951 655 1027 faciunt.
689 950 760 1007 Si
786 949 875 1006 vel
895 948 1192 1006 levissima
1219 944 1290 1002 'de
1312 947 1442 1023 ejus
1470 944 1905 1023 siqnifieatione
1935 952 2078 1002 esset
2100 943 2277 1001 dubi·

155 1045 334 1119 tatio,
388 1064 498 1101 vox
539 1047 768 1122 coptica
781 1085 806 1114 ,
848 1043 952 1100 eui
985 1039 1323 1119 respondet,
1363 1047 1419 1097 et
1451 1042 1744 1099 versiones
1790 1038 2057 1097 arabicae
2099 1038 2273 1096 illam

145 1138 324 1217 plene
350 1139 716 1197 discuterent
733 1136 842 1217 (1).

970 1295 1464 1339 DIFFICULTATES.

244 1437 382 1497 138.
432 1436 563 1516 obj.
587 1437 797 1519 prima?
826 1435 1117 1511 ChristuS‚
1140 1436 1312 1494 Joan.
1344 1437 1417 1493 VI
1443 1480 1460 1510 .,
1491 1435 1566 1494 51
1593 1480 1610 1508 ,
1635 1434 1783 1494 dixit
1809 1458 1823 1493 ε
1854 1435 1982 1515 qu
2005 1458 2142 1495 sum
2159 1459 2275 1518 pa-

157 1537 280 1604 nis,
302 1533 447 1614 quin
467 1552 528 1590 se
544 1531 604 1589 in
620 1551 836 1613 panem
852 1531 1254 1591 immutaverit
1272 1555 1289 1604 ς
1307 1551 1442 1609 ergo
1455 1551 1671 1611 neque,
1693 1551 1829 1589 cum
1843 1530 2023 1590 dixit:
2044 1534 2173 1591 Hoc
2194 1544 2279 1592 est

162 1627 388 1707 Corpus
414 1648 612 1685 meum
629 1670 650 1698 ,
682 1647 899 1708 panem
934 1626 1224 1685 convertit
1247 1625 1310 1683 in
1349 1626 1572 1706 Corpus
1600 1647 1793 1683 suum.
1828 1625 1896 1682 20
1916 1672 1932 1699 ‚
1966 1627 2101 1685 Haec
2125 1649 2274 1708 prae-

154 1731 311 1781 terea
339 1721 655 1803 propositio
698 1742 711 1777 z
761 1722 1028 1781 Verbum
1062 1741 1204 1779 caro
1235 1722 1474 1798 factum
1512 1730 1633 1792 est,
1668 1732 1756 1779 est
1789 1742 1926 1783 vera
1950 1767 1965 1796 7
2006 1724 2281 1802 quamvis

150 1816 282 1875 duae
303 1816 521 1875 fuerint
548 1816 609 1873 in
643 1814 873 1875 Christo
905 1826 1163 1887 naturae3
1195 1835 1297 1874 cur
1327 1836 1461 1895 ergo
1497 1836 1633 1877 vera
1663 1836 1785 1875 non
1814 1817 1927 1876 erit
1963 1817 2084 1877 haec
2109 1818 2220 1877 alia
2257 1841 2279 1876 :-

149 1911 282 1971 Hoc
307 1922 391 1970 est
435 1911 666 1990 Corpus
707 1932 941 1987 meum,
981 1911 1029 1968 si
1067 1909 1288 1970 fuerint
1329 1911 1393 1969 in
1423 1910 1780 1971 Eucharistia
1818 1911 1948 1972 duae
1986 1911 2273 1973 substan-

151 2005 287 2065 tiae‘?
321 2005 386 2065 30
435 2006 583 2065 Hinc
620 2005 696 2065 de
733 2005 886 2064 ferro
927 2005 1217 2065 candente
1266 2026 1332 2064 ac
1378 2005 1454 2064 de
1494 2005 1649 2065 dolio
1688 2007 1896 2069 vinum
1937 2010 2279 2071 continente

156 2121 300 2160 vere
334 2101 543 2163 dicitur
582 2123 596 2159 ε
639 2102 765 2160 Hie
798 2112 883 2158 est
909 2107 1141 2181 tynis...
1184 2105 1288 2161 hoc
1326 2111 1410 2159 est
1428 2105 1655 2188 ‘vinum
1674 2145 1693 2174 ,
1726 2102 1836 2160 etsi
1873 2102 2033 2161 nulla
2072 2115 2172 2162 aut
2216 2105 2281 2163 in

154 2193 306 2253 ferro
337 2206 437 2253 aut
469 2196 532 2253 in
576 2195 730 2253 dolio
773 2195 921 2254 facta
951 2195 1126 2254 fuerit
1160 2195 1511 2254 immutatio,
1553 2195 1621 2254 40
1661 2198 1784 2255 Hac
1822 2195 1898 2257 de
1931 2219 2099 2257 causa
2135 2201 2280 2280 Apo-

154 2288 335 2348 stolus
385 2291 570 2350 sexies
607 2289 1028 2349 Eucharistiam
1050 2300 1219 2350 vocat
1243 2311 1492 2371 panem3
1534 2292 1858 2372 praesertim
1899 2314 2039 2353 vero
2077 2297 2100 2351 I
2145 2295 2277 2352 Cor.

154 2385 239 2459 X,
294 2385 402 2458 16,
446 2384 547 2443 ubi
588 2384 788 2444 scribit
828 2408 842 2444 :
893 2387 1127 2461 Panis,
1176 2406 1353 2464 quem
1397 2389 1756 2466 franyz'mus
1774 2430 1797 2458 ,
1843 2408 2041 2447 nonne
2072 2393 2282 2468 parti-

246 2562 314 2627 (1)
360 2561 549 2612 collect.
582 2524 586 2527 -
614 2561 925 2628 liturqiarum
999 2564 1172 2612 orient.
1258 2580 1370 2629 pag.
1391 2560 1482 2611 361
1516 2601 1529 2623 ‚
1558 2564 1753 2630 loquens
1786 2564 1844 2614 de
1873 2565 2284 2617 transsubstantia-

155 2656 272 2694 tom.
295 2661 341 2708 ι,
368 2661 478 2711 pag.
507 2642 608 2708 504
640 2655 686 2694 et
709 2644 806 2711 527
828 2681 842 2707 ,
858 2645 986 2694 Paris
1030 2643 1172 2712 1716.
1259 2648 1403 2705 tione,
1425 2644 1581 2694 scribit
1602 2663 1614 2694 :
1634 2645 1761 2695 Cette
1773 2647 1987 2696 doctrine
2002 2665 2174 2715 occupo
2189 2666 2285 2699 une

158 2725 257 2775 Cfr.
287 2729 422 2775 etiam
445 2727 565 2775 ibid.
594 2728 802 2793 ejusdem
830 2726 1178 2776 Comment.ad
1254 2725 1395 2793 place
1427 2730 1714 2794 importante
1752 2728 1875 2776 dans
1900 2729 1942 2778 le
1981 2733 2179 2795 systeme
2200 2748 2282 2782 ca-

159 2805 324 2871 liturq.
354 2810 587 2873 copticam
607 2808 659 2859 S.
682 2809 892 2871 Basilii;
923 2813 1033 2858 item
1065 2809 1173 2858 Mu·
1259 2808 1489 2875 tholique.
1526 2809 1599 2858 Et
1621 2812 1708 2874 qui
1727 2827 1788 2858 ne
1802 2828 1949 2876 pense
1981 2814 2188 2861 aussitot
2216 2830 2284 2861 au

161 2891 359 2936 ratorius
376 2925 390 2949 ‚
407 2890 516 2938 diss.
534 2893 615 2940 cit.
645 2908 747 2957 cap.
770 2908 804 2958 9
831 2902 877 2940 et
900 2910 1030 2958 seqq.
1059 2892 1175 2939 Tam
1258 2890 1575 2955 chanqement
1597 2891 1752 2940 moral
1774 2895 1859 2958 qni
1874 2894 2158 2958 transforme
2182 2903 2286 2943 tout

168 2969 320 3026 clara,
354 2979 447 3016 tam
479 2971 713 3021 luculenta
745 2983 854 3021 sunt
872 2976 1134 3022 testimonia
1158 3009 1171 3032 ‚
1259 2979 1391 3021 notre
1433 2977 1570 3022 Atre?
1617 2971 1722 3038 Qui
1758 2991 1820 3022 ne
1859 2992 1909 3023 se
1939 2975 2145 3042 rappeIIe
2196 2993 2288 3041 que

163 3066 267 3114 quae
297 3052 348 3096 in
375 3051 590 3100 omnibus
609 3090 623 3113 ,
659 3064 889 3120 quotquot
910 3065 1173 3120 supersunt,
1259 3053 1474 3103 l’lzomme
1503 3063 1718 3104 terrestre
1741 3057 1860 3120 finit
1884 3064 1930 3104 et
1963 3056 2183 3106 l’homme
2209 3062 2285 3106 ce-

162 3131 393 3180 veteribus
416 3130 607 3198 liturgiis
626 3135 684 3182 de
708 3136 799 3184 hoc
818 3137 926 3184 fidei
961 3137 1178 3202 dogmate
1262 3137 1374 3184 leste
1398 3154 1663 3186 commence
1678 3176 1692 3195 ‚
1720 3137 1954 3187 tellement
1981 3157 2070 3204 que
2101 3157 2151 3188 ee
2169 3140 2287 3188 n’est

162 3215 453 3278 reperiuntur
479 3250 493 3273 ‚
524 3226 578 3262 ut
621 3216 719 3264 sola
759 3218 1054 3267 incredulitas
1084 3221 1176 3268 hae-
1256 3218 1372 3284 plus
1402 3236 1523 3267 nous
1563 3222 1652 3285 qui
1701 3220 1867 3268 vivens
1888 3259 1901 3282 ,
1934 3223 2059 3269 mais
2098 3220 2212 3270 c'est
2247 3221 2289 3269 le

164 3297 410 3343 reticorum
442 3299 581 3361 possit
615 3298 703 3345 sibi
758 3301 852 3346 vim
892 3300 1091 3361 inferre,
1122 3320 1182 3351 ne
1272 3300 1438 3349 Christ
1458 3304 1628 3366 quivit
1641 3318 1701 3350 en
1716 3319 1836 3351 nous
1858 3304 1972 3353 Ρ
1998 3303 2126 3352 Cette
2141 3306 2290 3352 meme

177 3394 336 3425 eorum
367 3379 546 3442 pondus
580 3381 763 3427 sentiat.
798 3380 920 3428 Cum
951 3397 1060 3431 vero
1103 3384 1183 3433 illa
1270 3399 1504 3447 croyance
1533 3393 1600 3431 est
1631 3383 1938 3450 I'expression
1972 3384 2019 3434 la
2047 3385 2163 3451 plns
2185 3386 2290 3450 for-

177 3459 393 3507 omnibus
442 3460 577 3509 obvia
618 3463 711 3508 sint
743 3498 756 3521 ‚
800 3479 1185 3526 supervacaneum
1268 3463 1402 3512 melle
1436 3464 1492 3512 de
1522 3464 1823 3532 l’olffjectivite
1847 3467 1903 3514 de
1930 3467 1979 3515 Ia
2009 3469 2287 3515 nourriture

178 3556 419 3589 censemus
448 3559 500 3591 ea
542 3543 619 3591 hic
649 3543 921 3592 exscribere.
962 3541 1188 3610 Subjicie-
1268 3546 1468 3610 divine3
1493 3564 1585 3595 car
1613 3547 1698 3596 elle
1728 3565 1852 3597 nous
1883 3557 2064 3598 mentre
2091 3547 2138 3597 la
2173 3547 2289 3597 sub·

181 3638 283 3669 mus
327 3626 477 3688 potius
520 3625 785 3690 praeclaram
823 3625 1187 3675 observationem
1269 3637 1432 3676 stance
1462 3628 1717 3677 materielle
1750 3631 1979 3679 aneantie
2008 3629 2182 3680 devant
2200 3628 2288 3678 l’a-

183 3701 255 3751 Cl.
281 3704 516 3768 Moe‘hler‚
536 3709 682 3776 quiin
700 3704 974 3772 Symbolica
989 3743 1004 3769 ‚
1022 3717 1139 3758 tom.
1157 3726 1192 3770 1,
1278 3710 1446 3759 liment
1474 3713 1739 3777 superieur.
