2502 4186
340 260 460 302 GAP.
503 265 545 300 1.
596 265 664 300 DE
707 264 876 304 REALI,
916 263 1134 302 CHRISTI
1179 261 1500 300 PRAESEN'HA
1542 261 1602 298 IN
1646 264 1891 302 EUCHAR.

2064 245 2177 305 147

76 407 315 465 Patrum
351 424 450 462 sex
489 404 752 485 priorum
796 403 1157 473 seculorum,
1192 402 1311 460 imo
1346 412 1407 460 et
1451 422 1624 460 sensu
1658 402 1836 483 ipsius
1869 404 2131 469 Ecclesiae
2159 451 2176 481 7

73 520 207 561 cum
229 521 350 558 non
366 499 538 558 aliam
564 500 845 579 originem
867 497 1137 559 habuerit
1150 496 1364 576 praxiS‚
1399 517 1529 576 quae
1550 517 1650 555 sex
1667 497 1954 578 prioribus
1974 500 2177 561 seculis

71 591 363 668 obtinuit,
402 593 738 653 conferendi
766 591 1180 656 Eucharistiam
1218 589 1539 652 infantibus
1587 612 1777 673 nuper
1820 592 2124 675 baptizatis
2155 640 2173 670 ,

72 708 250 769 quam
282 711 351 747 ex
385 688 596 746 Christi
647 687 837 753 verbis
877 710 890 746 ε

940 685 1089 751 Nisi
1119 685 1668 759 manducaveritis‘,
1714 698 1824 751 etc.
1882 692 2046 768 cujus
2089 690 2176 751 rei

73 793 248 848 testes
269 781 708 863 lucupletissimi
742 793 881 847 sunt
909 783 966 840 S.
999 779 1372 845 Innocentius
1402 781 1427 843 Ι
1459 791 1519 842 ct
1552 781 1610 838 S.
1640 781 1992 862 Augustinus
2007 829 2028 858 ,.,
2071 785 2173 866 qui

74 957 322 1024 Evangelio
355 960 501 1023 magis
539 969 748 1024 apertum
789 959 918 1016 fieri,
953 955 1079 1022 quod

74 1050 232 1106 agatur
259 1043 309 1088 in
333 1041 423 1093 hoc
454 1058 663 1090 sermone
688 1041 745 1089 de
771 1038 881 1088 reali
911 1036 1081 1085 Christi

72 1120 239 1170 Carnis
254 1124 532 1171 comestione
545 1132 589 1171 et
613 1121 857 1184 Sanguinis
872 1121 1077 1183 potione.

70 1202 250 1268 Nempe
279 1221 441 1268 scopus
470 1203 516 1252 S.
546 1203 736 1254 Joannis
771 1201 849 1248 hic
876 1200 966 1247 fuit
984 1237 997 1260 ,
1029 1209 1082 1248 ut

73 1294 235 1350 praeter
277 1284 418 1333 Verbi
463 1303 542 1334 seu
588 1283 755 1331 Christi
791 1281 1079 1329 divinitatem

74 1367 324 1415 adstrueret
345 1367 512 1415 realem
539 1373 585 1413 et
607 1381 760 1412 veram
786 1362 955 1411 Christi
982 1362 1080 1411 Do-

74 1451 191 1495 mini
241 1465 427 1496 carnem
481 1446 696 1494 adversus
746 1443 941 1492 Docetas
998 1462 1079 1493 seu

73 1528 438 1590 Phantasiastas;
464 1526 693 1592 quidquid
716 1542 850 1590 porro
874 1526 1081 1574 conferre

74 1621 249 1675 poterat
277 1611 335 1658 ad
358 1611 479 1657 hanc
500 1611 734 1657 veritatem
758 1607 1081 1656 constabilien-

72 1693 178 1739 dam
193 1732 210 1752 ,
228 1709 393 1755 magua
411 1690 652 1739 sedulitate
666 1689 859 1753 protulit
871 1688 917 1736 S.
932 1689 1082 1736 Evan-

64 1773 247 1836 gelista.
278 1773 382 1821 Jam
407 1788 514 1820 vero
543 1771 604 1819 ob
623 1773 843 1818 intimum
871 1787 1042 1818 nexum
1063 1807 1076 1830 ‚

70 1857 154 1920 qui
171 1857 289 1904 inter
302 1853 637 1907 Eucharistiam
651 1863 694 1901 et
708 1853 1081 1902 lucarnationem

71 1938 343 1996 intercedit,
383 1953 523 1987 nemo
559 1946 625 1984 est
654 1937 735 2001 qui
767 1952 864 1990 non
895 1935 1078 1996 videat,
1113 1943 1116 1947 ’

71 2022 320 2074 necessario
333 2034 390 2068 ex
405 2020 592 2067 veritate
610 2021 775 2079 carniS,
789 2035 928 2083 quam
948 2017 1082 2065 eden·

75 2100 181 2148 dam
196 2137 214 2166 7
231 2093 548 2165 et'sanguinis,
565 2117 707 2165 quem
722 2096 978 2165 potandum
994 2116 1082 2146 no·

72 2180 150 2228 bis
180 2181 256 2229 hic
280 2182 486 2229 Christus
517 2167 754 2247 exhibuit,
785 2181 935 2244 colligi
963 2183 1080 2228 veri·

77 2271 218 2310 tatem
246 2260 408 2309 Carnis
431 2270 473 2308 et
515 2259 763 2324 Sanguinis
798 2264 914 2327 ejus.
952 2261 1086 2309 Nihil*

71 2353 226 2391 autem
270 2341 561 2407 Evangelista
606 2342 870 2390 confecisset
895 2378 909 2402 ‚
949 2345 986 2389 si
1024 2343 1082 2391 de

73 2424 294 2489 spirituali
309 2424 662 2475 manducatione
675 2441 755 2488 per
767 2424 906 2476 fidem
916 2423 1084 2474 Christi

73 2506 214 2556 verba
242 2506 540 2570 intelligenda
572 2516 743 2554 essent.
780 2505 847 2559 Ex
877 2523 969 2570 quo
999 2506 1081 2553 de-

80 2587 410 2653 prehendimus
431 2623 445 2645 ,
478 2604 572 2634 non
612 2589 767 2639 minus
802 2587 913 2634 falso
942 2605 1085 2652 quam

75 2671 215 2731 impie
239 2668 423 2728 Kaiser‚
454 2670 502 2715 in
520 2666 759 2715 Biblioth.
793 2667 931 2716 theol.
967 2686 983 2715 1
1001 2706 1013 2727 ‚
1038 2687 1081 2733 p.

78 2747 174 2796 263
192 2785 208 2811 ‚
237 2752 511 2798 existimasse
531 2787 544 2809 ‚
578 2749 760 2796 n'ullum
792 2750 915 2813 apud
941 2749 1085 2797 Joan-

75 2846 186 2877 nem
209 2849 339 2878 saerae
365 2849 500 2879 coenae
523 2834 805 2879 mentionem
823 2831 922 2878 fieri
941 2869 954 2891 ‚
971 2832 1086 2895 quia

74 2911 336 2958 verisimile
349 2913 585 2977 est,quod
609 2922 752 2960 coetus
778 2912 883 2970 illi,
903 2915 959 2960 in
981 2915 1090 2978 qui-

74 2992 164 3042 hus
188 2993 508 3056 Evanyelium
527 2994 736 3043 Joannis
740 2996 959 3060 primum
983 2998 1089 3044 usi-

80 3082 233 3122 tatum
259 3074 389 3138 fuit,
420 3092 567 3124 sacroe
595 3093 740 3125 coenoe
775 3078 922 3124 ritum
962 3094 1085 3124 non--

78 3157 195 3204 dum
243 3156 572 3204 adscivissent.
620 3159 742 3212 Huic
787 3159 1086 3223 adstipulatur

77 3237 405 3302 Wegscheider
421 3273 436 3299 ‚
469 3237 582 3285 dum
608 3236 636 3305 ἓ
669 3242 759 3303 173
778 3277 791 3300 ,
823 3258 874 3289 n.
898 3237 957 3305 (e)
984 3242 1087 3290 sub-

80 3319 150 3373 dit
186 3337 198 3367 :
232 3318 341 3368 IIoc
372 3319 566 3383 quidem
590 3320 840 3367 tenendum
865 3330 963 3383 est,
992 3322 1088 3371 loco

82 3400 228 3449 Joan.
245 3417 290 3450 vr
307 3438 320 3463 ,
348 3399 406 3449 51
433 3410 475 3448 et
499 3418 623 3465 seqq.
643 3404 894 3465 mysticam
921 3420 1089 3469 quam-

77 3482 193 3533 dam
207 3500 315 3531 cum
336 3483 524 3530 Christo
542 3485 769 3531 unionem
783 3484 1059 3548 siqnificari
1068 3525 1085 3546 ,

83 3579 170 3612 nec
198 3563 298 3613 ulla
327 3565 473 3632 liujus
500 3567 624 3613 ritus
644 3566 700 3612 in
720 3564 932 3614 ecclesiis
951 3566 1089 3616 Asioe

85 3646 290 3695 minoris
317 3646 540 3695 celebrati
565 3648 768 3711 vestiqia
784 3647 916 3712 apud
935 3648 1089 3713 scrip-

1161 951 1281 1016 4-6,
1315 954 1403 1003 uhi
1428 970 1574 1009 caenoe
1605 972 1754 1009 sacrm
1780 958 1958 1007 mentio
1994 958 2177 1008 deside-

1162 1044 1315 1084 ratur.
1342 1033 1627 1085 Verisimile
1647 1037 1840 1086 videtur
1857 1074 1872 1100 ,
1900 1038 2139 1090 «Ioannem
2160 1079 2174 1102 ,

1160 1118 1336 1183 quippe
1373 1119 1461 1181 qui
1500 1117 1682 1166 cultum
1733 1118 1836 1167 Dei
1872 1121 2177 1185 spiritualem

1159 1199 1393 1264 inprimis
1406 1200 1806 1249 commendaverit
1825 1200 1950 1267 (Cfi’.
1970 1202 2023 1250 E
2023 1221 2173 1267 vanq.

1160 1296 1208 1327 1v
1234 1317 1248 1339 ‚
1285 1280 1348 1327 23
1377 1289 1422 1328 et
1449 1280 1545 1345 243
1585 1300 1631 1330 v¹
1652 1320 1665 1342 ‚
1703 1281 1821 1344 63),
1856 1283 2099 1350 Baptismi
2132 1296 2183 1336 et

1157 1360 1324 1414 ,Sacroe
1343 1362 1500 1416 Coenoe
1523 1365 1647 1415 ritus
1656 1400 1673 1425 ,
1691 1374 1922 1429 tanquam
1938 1383 2011 1415 res
2024 1376 2178 1417 exter-

1159 1459 1251 1493 nas
1270 1460 1452 1508 parum
1480 1462 1701 1506 curasse,
1733 1463 1819 1494 nec
1853 1449 1956 1497 nisi
1986 1449 2075 1497 sub
2102 1468 2178 1499 ve-

1160 1523 1340 1571 lamine
1386 1525 1591 1588 quodam
1644 1529 1847 1590 mystico
1894 1531 2019 1576 ritus
2063 1533 2178 1579 istos

1159 1605 1507 1667 adumbrasse3
1542 1605 1645 1654 Eo.
1684 1623 1737 1654 111
1773 1616 1817 1655 et
1846 1626 1907 1656 vt.
1943 1609 2011 1658 Ita
2037 1614 2172 1660 etiam

1162 1685 1280 1735 Dav.
1313 1685 1481 1734 Schulz
1499 1723 1512 1746 ‚
1538 1688 1632 1734 Die
1659 1687 1825 1735 christ.
1861 1689 2014 1738 Lehre
2031 1725 2046 1752 ,
2079 1703 2168 1741 etc.

1162 1784 1243 1815 seu
1258 1766 1497 1815 Doctrina
1514 1767 1787 1816 christiana
1800 1770 1857 1817 dc
1869 1787 2008 1820 sacra
2020 1789 2172 1833 coena,

1147 1850 2175 1915 juxtatextumfumlamentalemNov.Test.

1162 1929 1444 1999 Lips.1824.
1458 1933 1541 1981 lib.
1558 1949 1595 1991 ι,
1615 1950 1660 1996 ρ.
1683 1932 1769 1982 161
1791 1945 1963 2001 etseq„
1980 1937 2173 2002 Knapp‚

1168 2013 1285 2069 Chr.
1323 2013 1406 2062 Gt.
1434 2028 1469 2061 11
1489 2051 1502 2075 ,
1539 2032 1588 2079 p,
1616 2012 1717 2081 376
1743 2026 1785 2063 et
1813 2033 1911 2083 seq.
1935 2017 2006 2066 Ita
2036 2020 2176 2067 ratio-

1163 2096 1341 2144 nalistae
1368 2095 1651 2161 Scripturam
1691 2098 1912 2146 lacerant.
1948 2098 2131 2148 Interea
2159 2137 2172 2160 ‚

1163 2188 1215 2226 ut
1236 2178 1498 2227 videbimus
1513 2215 1526 2238 ‚
1549 2177 1597 2226 S.
1621 2178 1829 2250 [gnatius
1859 2179 1997 2229 Mart.
2033 2182 2174 2238 disci-

1163 2259 1297 2323 pulus
1324 2258 1367 2306 S.
1397 2259 1594 2308 Joannis
1618 2276 1677 2307 ex
1703 2261 1810 2308 reali
1836 2260 2008 2309 Christi
2027 2262 2177 2311 Carne

1163 2344 1214 2389 in
1245 2341 1527 2392 Eucharistia
1557 2341 1750 2389 Docetas
1782 2346 2071 2408 perstringit,
2094 2346 2177 2409 qui

1164 2423 1460 2473 umbratilem
1479 2441 1669 2472 carnem
1686 2423 1867 2473 ,Christo
1887 2426 2173 2476 tribuebant.

1167 2505 1234 2553 Ut
1251 2516 1403 2554 autem
1419 2512 1570 2571 pateat
1591 2541 1604 2565 s
1628 2508 1868 2571 'quomodo
1889 2507 1937 2554 hi
1955 2506 2175 2561 Susannae

1167 2599 1300 2637 testes
1327 2590 1448 2636 inter
1476 2605 1523 2642 se
1551 2590 1824 2643 conveniant
1842 2624 1855 2644 ‚
1890 2586 2058 2654 juverit
2091 2607 2177 2638 ex,-

1166 2670 1363 2718 scribere
1413 2669 1551 2717 verba
1597 2668 1832 2716 Kuinoelii
1851 2707 1864 2728 ,
1906 2672 1957 2717 in
1999 2671 2177 2737 Evang.

1169 2753 1301 2799 Matt.
1331 2768 1432 2815 cap.
1461 2747 1524 2796 26
1547 2787 1558 2808 ‚
1594 2748 1674 2798 26.
1703 2750 1954 2811 Ceterum,
1993 2754 2175 2817 inquit,

1169 2834 1386 2881 Joannes
1419 2831 1550 2878 nihil
1578 2831 1636 2879 de
1667 2848 1815 2879 sacroe
1850 2848 1997 2880 caenae
2030 2835 2179 2881 insti-

1168 2917 1350 2964 tutione
1380 2915 1763 2962 commemoravit
1781 2949 1798 2975 ,
1832 2917 2062 2978 quoniam
2081 2951 2095 2977 ,
2125 2924 2180 2963 ut

1171 3006 1291 3045 recte
1317 2998 1507 3043 nzonwit
1536 2995 1586 3042 E
1589 2996 1938 3057 ckermanmie,
1970 2995 2178 3055 Handh.

1168 3080 1222 3127 Β.
1256 3077 1306 3141 4,
1340 3060 1387 3142 p:
1425 3075 1555 3140 432,
1596 3076 1731 3124 illius
1766 3077 2012 3126 celebratio
2052 3079 2180 3126 inter

1173 3161 1506 3220 Christianos,
1533 3176 1641 3207 cum
1668 3157 1883 3206 Joannes
1911 3160 2137 3212 scriberet
2161 3197 2175 3221 ‚

1169 3243 1342 3308 ubique
1372 3249 1486 3289 nota
1513 3250 1556 3288 et
1589 3242 1768 3290 usitata
1798 3249 1919 3290 erat.
1954 3241 2140 3307 Optime
2159 3260 2175 3292 z

1169 3325 1327 3390 Itaque
1356 3341 1464 3375 vera
1501 3325 1616 3371 ratio
1637 3360 1651 3382 ‚
1685 3339 1766 3371 cur
1796 3321 1843 3370 S.
1873 3323 2009 3372 Joan.
2044 3326 2180 3378 insti·

1171 3409 1395 3461 tutionem
1419 3405 1714 3454 Eucharistiae
1745 3407 2058 3470 praetermisit,
2085 3405 2184 3459 haec

1169 3499 1265 3551 est,
1297 3490 1404 3554 quia
1434 3486 1520 3537 sibi
1547 3489 1785 3552 proposuit
1812 3486 2022 3551 supplere
2041 3520 2055 3547 ‚
2074 3499 2180 3550 quae

1170 3585 1199 3618 a
1216 3572 1376 3619 ceteris
1401 3569 1698 3633 Evangelistis
1719 3571 1885 3617 omissa
1901 3568 2082 3616 fuerant
2099 3600 2114 3625 ,
2136 3573 2184 3613 et

1173 3654 1281 3718 quia
1299 3651 1357 3701 de
1370 3651 1656 3700 Eucharistia
1686 3650 1774 3700 late
1798 3650 2069 3699 disseruerat
2089 3655 2182 3694 toto

83 3732 207 3783 tores
222 3744 379 3780 sacros
387 3729 696 3797 deprehendi.
711 3728 812 3794 Csr.
828 3728 883 3785 E
874 3728 1016 3796 phes,
1033 3746 1095 3790 iv,
1175 3749 1278 3800 cap.
1306 3731 1365 3783 6.

1845 3808 1942 3867 10.
