2502 4186
347 269 468 306 car.
516 270 559 304 1.
607 269 677 305 DE
717 267 882 308 mun
926 267 1144 306 cnms‘u
1187 266 1499 306 PnAEsmvrrA
1541 267 1600 303 ΙΝ
1643 266 1886 304 noema.
2061 247 2174 307 159

67 412 189 469 *sint
222 454 238 484 ,
283 409 345 467 in
381 409 534 490 ipsos
560 414 694 488 jure
733 431 1031 491 possemus
1061 418 1250 467 totum
1281 404 1643 488 probationis
1674 429 1821 466 onus
1855 407 2173 485 conjicere3

70 525 144 564 ne
178 516 377 563 tamen
417 504 719 564 videamur
744 503 1068 565 intrinsecis
1105 501 1280 561 etiam
1315 499 1628 582 solidisque
1659 503 2015 580 argumentis
2050 502 2176 564 des·

68 600 235 674 titui7
276 601 356 659 ita
392 598 684 659 catholicae
729 599 988 659 Ecclesiae
1015 596 1560 677 interpretationem
1609 596 1987 659 vindicamus,

152 694 246 753 32.
293 696 372 753 Ac
410 695 472 751 1ο
499 695 546 752 si
570 715 683 775 qua
717 694 867 752 ratio
903 702 1051 754 esset
1080 690 1424 751 inducendae
1453 690 1846 771 metaphorae,
1888 715 1954 752 ea
1989 693 2174 771 foret,

72 789 165 850 vel
200 790 332 871 quia
385 787 672 849 substrata
719 787 959 848 materia
997 807 1231 847 sensum
1268 783 1584 845 litteralem
1616 806 1738 847 non
1777 788 2037 866 patitur,
2082 789 2179 851 vel

73 885 204 965 quia
243 904 476 941 sensum
524 884 835 962 figuratum
895 883 1018 963 ipsa
1059 879 1376 944 verborum
1419 879 1670 941 formula
1721 881 1980 943 insinuat
1999 930 2018 957 .‚
2081 884 2178 945 vel

70 981 307 1038 demum
326 980 460 1059 quia
483 1001 553 1039 ex
584 981 879 1039 communi
902 977 1177 1059 loquendi
1207 998 1315 1037 usu
1339 977 1683 1059 metaphora
1712 977 1883 1039 obvia
1904 991 2011 1039 est.
2039 982 2178 1041 Haec

68 1095 206 1132 sane
228 1076 518 1155 praecipua
542 1086 632 1133 est
664 1072 1111 1135 hermeneuticae
1138 1071 1354 1151 regula.
1389 1075 1525 1132 Jam
1549 1094 1690 1132 vero
1717 1071 1869 1131 nihil
1892 1075 2178 1152 ejusmodi

69 1168 127 1227 in
162 1167 424 1227 adductis
457 1167 671 1229 Christi
707 1166 898 1228 verbis
920 1166 1186 1228 occurrit.
1217 1168 1350 1228 Non
1381 1167 1676 1248 primum3
1709 1167 1996 1249 siquidem
2019 1214 2034 1244 ,
2068 1170 2177 1229 etsi

67 1264 319 1322 maxime
356 1263 672 1325 adversarii
709 1262 901 1320 conati
936 1262 1056 1320 sint
1087 1260 1388 1322 adstruere
1430 1264 1882 1344 repugnantiam
1924 1264 1988 1326 in
2036 1264 2179 1327 reali

67 1358 283 1417 Christi
309 1359 608 1438 praesentia
630 1402 647 1432 ‚
675 1368 874 1415 tamen
892 1401 909 1432 ‚
939 1368 1005 1414 ut
1033 1368 1231 1439 postea
1254 1356 1628 1416 ostendemus
1652 1403 1668 1432 ,
1699 1357 1761 1416 id
1795 1358 1932 1440 ipsis
1962 1359 2177 1441 impos-

71 1452 235 1512 sibile
266 1455 394 1513 fuit.
426 1455 558 1514 Non
589 1451 873 1526 alterum3
907 1473 1039 1511 cum
1067 1451 1299 1510 nullum
1326 1451 1575 1514 velleve
1609 1452 1886 1512 indicium
1916 1455 2177 1533 figuratae
2207 1500 2209 1503 -

67 1548 370 1608 locutionis
388 1549 449 1606 in
478 1548 565 1606 his
582 1547 775 1607 verbis
816 1549 990 1607 :Hoc
1016 1558 1099 1605 esc
1135 1568 1353 1626 eorpus
1392 1568 1631 1613 meum;
1672 1549 1770 1606 hic
1810 1559 1893 1606 est
1927 1556 2177 1628 sanquis

65 1665 263 1717 meus,
293 1643 632 1724 reperiatur.
666 1644 798 1702 Non
841 1653 1240 1724 postremum⁷
1277 1662 1410 1700 cum
1445 1642 1720 1722 nuspiam
1758 1654 2064 1723 receptum
2102 1645 2176 1703 sit

61 1750 161 1796 aut
186 1738 359 1797 fuerit
383 1782 398 1811 ,
430 1759 535 1819 per
557 1759 772 1819 panem
801 1758 1007 1818 corpus
1041 1736 1369 1794 humanum
1396 1735 1720 1814 significari.

141 1832 238 1890 33.
287 1834 354 1891 20
383 1834 513 1890 Non
539 1831 727 1891 solum
761 1833 1233 1907 hermeozeutiea,
1284 1830 1386 1890 sed
1414 1830 1538 1911 ipsa
1555 1832 1883 1911 philoloyia
1919 1855 1951 1892 a
1982 1831 2176 1895 verbis

59 1928 270 1987 Christi
317 1949 555 1987 omnem
613 1938 846 1988 amovet
888 1947 1125 1986 sensum
1191 1927 1521 2005 figuratum.
1574 1928 1722 1984 Nam
1774 1926 1951 1987 verba
1971 1973 1986 2002 ,
2044 1949 2176 2010 quae

57 2022 317 2082 Christus
333 2023 636 2106 usurpavit
654 2023 716 2081 in
733 2021 1140 2082 benedictione
1155 2020 1368 2095 calieiS,
1392 2020 1717 2102 emphasim
1739 2044 1859 2103 prae
1878 2044 1938 2082 se
1954 2023 2172 2098 ferunt,

57 2137 187 2198 quae
224 2118 287 2176 in
325 2117 650 2201 simplicem
697 2119 941 2197 figuram
996 2115 1200 2175 cadere
1236 2137 1359 2174 non
1405 2127 1641 2196 potest3
1695 2117 1774 2175 sic
1818 2118 1977 2177 enim
2005 2123 2177 2196 juxta

57 2231 300 2290 ,graecam
324 2213 447 2273 vim
468 2212 636 2271 reddi
662 2233 726 2271 ea
762 2211 981 2271 debent
1017 2234 1030 2268 ε
1074 2213 1201 2270 Hic
1227 2215 1389 2270 enim
1419 2221 1505 2269 esc
1539 2217 1791 2292 sanquis
1825 2214 1924 2271 ille
1961 2235 2166 2285 meus,

60 2309 156 2365 ille
181 2312 323 2365 novi
339 2309 614 2386 foederis,
643 2309 740 2365 ille
768 2312 881 2385 qui
888 2327 1006 2385 pro
1027 2308 1236 2364 multis
1266 2311 1333 2363 in
1350 2317 1738 2384 peccatorum
1762 2312 2173 2368 remissionem

61 2403 431 2480 effundz·tur;
454 2401 612 2483 quod
638 2422 746 2461 nee
772 2400 1087 2463 adversarii
1111 2399 1480 2460 dissimulant
1496 2446 1511 2475 ‚
1537 2401 1691 2461 inter
1705 2424 1855 2483 quos
1878 2404 2167 2478 HorneuS‚

60 2499 159 2579 qui
186 2498 437 2558 scribere
462 2521 582 2557 non
618 2497 910 2558 dubitavit
946 2521 958 2555 :
1009 2499 1395 2577 Unaquaeque
1433 2500 1666 2577 syllaba
1698 2503 1770 2558 in
1799 2510 1961 2558 teoetu
1977 2523 2172 2581 yrceco

32 2587 39 2595 ’
61 2594 83 2672 (
103 2599 407 2673 praecipue
431 2615 562 2652 vero
589 2594 875 2671 articuli)
905 2597 1227 2672 insiyniter
1251 2595 1589 2672 emphatica
1611 2605 1725 2662 οδω
1759 2597 1857 2676 qui
1883 2608 2169 2677 praeterea

55 2687 207 2747 hanc
255 2689 498 2747 istorum
534 2688 846 2750 verborum
880 2686 1170 2746 subnectit
1214 2689 1597 2770 paraphrasin
1654 2713 1666 2747 :
1713 2691 1837 2749 Hic
1881 2702 1965 2749 est
2006 2697 2170 2750 enim

62 2804 225 2843 meus
249 2786 347 2842 ille
372 2790 622 2865 sanquis
640 2829 656 2861 ,
685 2786 959 2844 omnibus
975 2785 1255 2862 judaicae
1281 2786 1423 2864 leyis
1458 2786 1782 2863 sacrificiis
1810 2788 2172 2866 proefiqura·

63 2887 158 2935 tus
175 2921 198 2948 ,
222 2885 564 2956 prcesertim
591 2901 722 2938 vero
746 2881 1023 2959 effusione
1051 2890 1106 2936 et
1139 2885 1474 2961 aspersione
1510 2885 1832 2960 sanquinis
1862 2883 2030 2961 Aqui
2050 2883 2171 2942 Pa-

63 2973 280 3030 schalis
294 3015 314 3045 ,
350 2976 447 3032 ille
482 2981 730 3056 sanquis
757 2976 1051 3053 sacrificii
1095 2976 1180 3033 ad
1209 2977 1696 3054 confirmandum
1723 2998 1944 3035 novum
1969 2979 2173 3056 foedus

63 3073 317 3127 mactati
340 3113 356 3142 ‚
393 3071 490 3130 ille
530 3074 778 3150 sanquis
812 3091 950 3128 mox
988 3071 1383 3149 effundendus
1414 3092 1533 3150 pro
1569 3072 1964 3130 multitudine
1985 3117 2001 3147 7
2044 3083 2172 3131 tam

53 3185 172 3243 pro
201 3164 478 3243 flentibus
516 3186 701 3244 quam
740 3186 854 3246 pro
888 3167 1124 3226 Judoez's
1144 3212 1159 3241 ,
1204 3172 1273 3226 in
1304 3171 1713 3227 remissionem
1736 3179 2123 3247 peecatorum
2153 3215 2169 3243 ,

53 3263 287 3340 peccati
321 3264 439 3318 sive
469 3264 724 3339 oriyinis
758 3266 879 3320 sive
903 3265 1194 3335 actualis,
1219 3274 1328 3323 ete.
1362 3263 1476 3351 (l).·
1524 3265 1814 3336 Quorsum
1851 3286 1990 3325 vero
2042 3264 2167 3326 haec

132 3479 196 3544 (1)
232 3477 318 3528 An
349 3477 668 3527 introductiva
702 3486 747 3526 to
777 3477 853 3526 the
882 3479 1070 3528 critical
1148 3483 1466 3547 coquitionem
1486 3478 1752 3530 Sacrorum
1771 3478 2138 3548 Scripturarum
2150 3519 2170 3542 ,

63 3561 202 3626 study
244 3562 343 3610 and
385 3560 652 3625 knowledqe
695 3559 755 3623 of
784 3558 860 3607 the
904 3561 1071 3609 sacred
1150 3573 1266 3614 tom.
1299 3582 1365 3627 ιι,
1394 3581 1496 3630 pag.
1528 3562 1659 3629 514,
1687 3565 1785 3614 edit
1818 3563 2165 3628 v‚emendata,

58 3645 316 3709 scriptures
336 3680 350 3707 ,
365 3645 478 3710 fifth
493 3683 505 3706 ,
526 3645 640 3693 edit.
661 3643 924 3706 corrected,
947 3662 1028 3694 seu
1054 3663 1069 3694 ε
1153 3645 1307 3698 Lond.
1346 3644 1492 3696 1826.

62 3719 364 3775 Introductio
404 3727 468 3776 ad
515 3725 730 3776 studium
768 3727 994 3774 criticum
1030 3733 1076 3774 et
