2502 4186
297 240 414 301 300

946 261 1266 300 ‘rnAGTA'rUs
1305 255 1375 299 'nn
1417 261 1813 300 EucuAlus‘rlA.

297 403 608 466 Benedicto
632 404 762 462 XIV
781 403 870 486 (l)
895 405 1352 467 controversiam
1369 408 1591 466 Cremae
1618 417 1882 465 exortam
1908 404 2066 463 inter
2091 407 2412 465 antistitem

299 499 589 558 Caliuium
614 510 673 558 et
694 499 1037 558 canonicum
1061 502 1435 560 Guerrerium
1466 524 1479 558 z
1509 484 1610 560 Αῆῑ
1640 501 1922 559 Sacerdos
1944 504 2240 577 privatim
2266 502 2416 561 Mis-

297 615 428 652 sam
441 586 744 653 celebrans
760 597 935 654 laicis
947 598 1290 674 petentibus
1312 598 1372 655 E
1377 597 1780 655 acharistiam
1795 596 2156 653 distribuere
2168 602 2411 655 omnino

296 698 606 764 teneatur,
658 691 842 749 acrius
884 691 1156 751 excitavit
1188 691 1299 771 (2).
1333 692 1652 751 Contendit
1696 691 1854 750 enim
1886 735 1901 764 ,
1939 691 2410 749 communionem

296 783 499 865 populi
531 785 856 866 liturgicam
885 808 1003 846 esse
1028 798 1260 868 partem
1285 787 1486 846 divino
1522 788 1805 846 Sacrificio
1834 787 2211 845 intrinsecam
2232 831 2248 860 7
2281 807 2414 844 con-

296 880 626 941 naturalem
651 895 665 956 ,“
698 881 1178 963 inseparabilem,
1207 881 1650 942 substantialem
1667 926 1683 957 ‚
1720 882 1843 940 sine
1868 903 1980 962 qua
2006 883 2249 940 minime
2274 902 2414 961 per-

297 974 516 1035 fectum
569 978 644 1036 sit
692 978 1080 1052 Sacrificium3
1139 991 1422 1061 praeterea
1470 977 1698 1037 addidit
1728 1023 1743 1051 ,
1805 977 1940 1036 fidvei
1985 977 2193 1056 dogma
2245 998 2367 1036 esse
2399 1021 2414 1050 .,

297 1071 391 1130 cui
416 1070 633 1152 absque
667 1073 950 1133 haereseos
978 1085 1118 1132 nota
1141 1086 1397 1156 nequeat
1427 1073 1778 1147 contradici,
1814 1072 2263 1131 ministrandam
2296 1093 2417 1131 esse

295 1168 427 1245 jure
454 1167 656 1226 divino
680 1168 951 1228 fidelibus
975 1169 1392 1229 Eucharistiam
1421 1171 1482 1228 in
1512 1191 1672 1249 sacra
1702 1170 1908 1249 synaxi
1931 1190 2003 1227 ex
2030 1168 2325 1250 particulis
2354 1168 2418 1226 in
2453 1151 2460 1157 ¹

299 1284 366 1322 ea
395 1265 738 1322 consecratis
760 1310 775 1339 7
807 1277 1050 1346 excepto
1073 1287 1207 1324 casu
1229 1267 1657 1325 communionis
1682 1266 2055 1324 infirmorum
2071 1310 2088 1340 ,
2113 1265 2213 1345 qui
2237 1265 2418 1323 Missae

298 1371 603 1439 nequeunt
638 1359 919 1419 interesse
941 1406 956 1433 a
993 1360 1179 1421 aliove
1206 1361 1393 1440 gravis
1425 1361 1780 1420 necessitatis
1818 1361 2057 1420 motivo,
2115 1410 2118 1413 .

385 1453 525 1512 302.
559 1456 632 1514 At
659 1455 990 1514 Tridentini
1015 1456 1254 1515 Concilii
1276 1456 1541 1516 doctrina
1561 1502 1576 1531 ,
1609 1478 1747 1516 5655.
1775 1457 1957 1533 XXII,
1992 1477 2115 1538 cap.
2157 1457 2228 1514 VI
2251 1502 2267 1529 a
2301 1455 2424 1515 haec

301 1560 420 1609 est:
454 1551 701 1630 Optaret
716 1553 959 1630 quidem
981 1564 1361 1611 sacrosancta
1385 1553 1661 1632 Synodas
1674 1595 1697 1624 ‚
1733 1563 1805 1610 nt
1822 1556 1891 1610 in
1922 1553 2182 1631 singulis
2205 1551 2425 1612 ,Missis

294 1635 491 1723 fideles
527 1647 827 1705 adstantes
851 1653 979 1705 noti
1002 1650 1195 1707 solum
1225 1650 1546 1728 spirituali
1577 1649 1788 1728 affecta
1812 1691 1835 1720 ,
1862 1649 1964 1706 sed
1995 1648 2429 1706 sacramentali

301 1745 484 1799 etiam
507 1742 918 1802 Eucharistiae
932 1748 1308 1823 perceptione
1333 1750 1886 1815 communicarent,
1912 1765 2028 1821 quo
2051 1745 2137 1802 acl
2156 1765 2246 1801 eos
2277 1763 2424 1800 san-

303 1841 560 1895 ctissimi
581 1839 764 1916 hujus
780 1840 1090 1919 Sacrificii
1101 1843 1345 1918 fructus
1362 1831 1607 1899 uberior
1614 1844 1991 1918 proveniret‚·
2011 1860 2115 1897 nec
2133 1849 2356 1908 tamen,
2373 1842 2432 1895 si

303 1932 374 1990 id
406 1953 526 1990 non
557 1954 788 2013 semper
804 1935 951 2013 fiat,
972 1946 1288 2015 propterea
1319 1936 1539 1995 Missas
1587 1937 1760 2006 illas,
1789 1939 1859 1993 in
1886 1936 2110 2014 quibas
2131 1936 2289 1993 solus
2314 1936 2422 1993 Sa—

303 2194 562 2243 hibitorum
607 2195 746 2244 relata
795 2205 903 2244 sunt
941 2194 1066 2244 decr.
1121 2192 1180 2242 18
1230 2193 1324 2242 Au-

304 2281 422 2345 gusti
475 2276 621 2346 ¹775·
669 2281 750 2326 Ast
791 2295 915 2326 anno
965 2294 1096 2344 1779
1139 2276 1325 2343 publice

306 2378 479 2410 errores
501 2379 606 2409 suos
635 2363 895 2410 retractavit
917 2377 931 2424 3
965 2378 1108 2426 quam
1135 2360 1326 2427 quidem

306 2447 679 2492 retractationem
727 2461 849 2492 anno
905 2442 1065 2507 1780,
1104 2445 1155 2490 in
1191 2444 1324 2508 epist.

307 2526 486 2591 Foggiae
528 2527 635 2576 data
684 2527 758 2575 die
799 2523 829 2574 5
881 2525 1018 2574 Mart.
1064 2525 1136 2573 his
1177 2525 1329 2574 verbis

308 2610 604 2658 confirmavit
649 2625 662 2658 ε
715 2608 979 2659 Ubbidisco
1015 2607 1117 2656 alla
1156 2609 1287 2656 cieca
1315 2645 1327 2667 ,

308 2691 660 2757 spoqliandomi
699 2692 862 2758 affatto
897 2692 955 2738 in
994 2691 1198 2738 materia
1225 2688 1329 2737 dot-

308 2773 487 2821 trinale
518 2774 572 2820 eli
602 2775 720 2838 eqni
743 2772 1141 2839 mioparticolare
1166 2772 1328 2819 razio-

309 2857 471 2917 einio,
506 2874 530 2903 e
561 2855 830 2903 discorso...
879 2855 1029 2920 Spero
1058 2855 1156 2920 pia
1185 2851 1330 2918 facil-

309 2947 467 2987 mente
482 2936 715 2986 salvarmi
731 2939 785 2984 in
800 2935 984 3001 qualita
1000 2934 1297 3001 disanciullo
1315 2971 1328 2994 ‚

310 3019 394 3068 che
411 3021 474 3068 da
490 3021 687 3085 qiqante
702 3020 846 3084 privo
871 3017 989 3066 dello
1009 3020 1180 3083 spirito
1205 3016 1331 3064 della

312 3102 582 3167 ise-inplicita
599 3102 850 3149 cristz’ana.
866 3100 977 3149 vid.
997 3102 1147 3148 versio
1170 3100 1249 3147 lat.
1273 3098 1331 3145 ad

313 3185 489 3233 calcem
514 3184 606 3233 vol.
630 3184 820 3232 Utinam
846 3184 919 3231 his
936 3185 1046 3248 ipsis
1060 3182 1330 3230 humilitatis

315 3266 530 3315 sensibus
574 3283 732 3314 omnes
765 3266 833 3313 illi
866 3303 879 3325 ‚
922 3268 1003 3331 qui
1035 3267 1086 3312 in
1127 3264 1332 3328 aliquem

315 3365 514 3397 errorem
543 3366 569 3396 a
598 3346 648 3395 S.
679 3347 798 3396 Sede
819 3349 1127 3412 proscriptum
1155 3345 1332 3394 incide·

315 3440 425 3479 runt
447 3447 574 3490 ‚eum
601 3431 921 3477 imitarentur!

387 3511 451 3577 (l)
483 3511 569 3560 Per
585 3511 778 3577 Encycl.
808 3510 1043 3560 Certiores
1059 3510 1240 3576 effecti,
1274 3509 1333 3557 ad

319 3611 479 3644 omnes
531 3593 690 3659 Episc.
739 3592 876 3642 Italiae
909 3628 924 3650 ‚
977 3592 1051 3640 die
1105 3608 1161 3640 12
1210 3590 1330 3640 Nov.

319 3679 431 3725 anni
479 3674 636 3742 17423
669 3685 789 3725 extat
816 3693 923 3725 vero
951 3677 1001 3723 in
1029 3676 1128 3741 ejus
1156 3674 1330 3722 Bullar.

320 3768 436 3809 tom.
470 3775 521 3822 1,
553 3775 655 3824 pag.
696 3774 812 3810 212.
859 3757 1188 3807 Blandiebatur
1225 3773 1334 3805 vero

1410 2193 1501 2242 sibi
1529 2195 1730 2258 optimus
1759 2192 1970 2241 Pontifex
1997 2209 2046 2240 56
2074 2192 2162 2240 hac
2182 2191 2426 2257 Encyclica

1412 2292 1602 2325 omnem
1645 2278 2000 2324 controversiam
2031 2292 2056 2323 e
2090 2275 2243 2323 medio
2279 2284 2430 2323 sustu-

1410 2359 1546 2418 lisse,
1587 2367 1640 2406 ut
1674 2367 1801 2423 patet
1834 2375 1889 2406 ex
1923 2359 1979 2405 iis
2001 2392 2016 2418 ,
2065 2374 2167 2424 quae
2209 2358 2425 2423 scripsit,

1411 2440 1492 2489 De
1516 2437 1775 2505 Sacrificio
1796 2436 1968 2489 ,Missoe
1985 2478 1998 2501 ‚
2018 2438 2103 2490 lib.
2123 2456 2159 2486 11
2178 2477 2190 2499 ‚
2210 2457 2310 2503 cap.
2333 2454 2427 2499 22,

1410 2522 1437 2590 §
1472 2530 1529 2591 1η
1556 2560 1568 2583 ,
1607 2522 1691 2572 ubi
1722 2523 1961 2571 concludit
1988 2539 2002 2570 ε
2036 2520 2118 2568 Ea
2150 2519 2346 2586 epistola
2372 2520 2429 2566 in

1411 2606 1604 2653 modum
1647 2599 1984 2652 instructionis
2025 2601 2140 2649 data
2177 2603 2336 2649 omnis
2372 2599 2430 2647 de

1411 2687 1565 2735 medio
1584 2685 1770 2734 sublata
1789 2686 2112 2733 controversia
2138 2692 2224 2732 est.
2250 2683 2309 2730 At
2330 2699 2429 2747 spes

1413 2787 1521 2819 eum
1555 2768 1753 2829 fefellit,
1784 2767 2014 2834 siquidem
2048 2776 2204 2831 postea
2235 2765 2429 2830 quaestio

1414 2854 1558 2916 magis
1588 2851 1840 2900 recruduit.

1483 2934 1549 2997 (2)
1588 2932 1677 2998 Qui
1721 2941 1900 2997 optaret
1939 2946 2211 2996 cognoscere
2254 2937 2434 2976 contro-

1414 3019 1609 3065 versiam
1650 3015 1947 3064 Cremensem
1968 3050 1981 3073 ‚
2021 3013 2227 3060 conferat
2259 3011 2431 3058 librum

1416 3101 1690 3164 inscriptum
1725 3115 1736 3146 :
1770 3094 1933 3147 Storia
1961 3093 2083 3142 della
2117 3093 2293 3141 celebre
2330 3107 2434 3139 con·

1417 3183 1648 3230 troversia
1698 3179 1752 3227 di
1796 3181 1966 3228 Cremu
1997 3193 2138 3242 sopra
2173 3175 2212 3222 il
2235 3173 2434 3240 publico

1418 3264 1558 3312 divin
1594 3263 1758 3310 dio-iao
1800 3259 1896 3309 alla
1934 3260 2222 3308 comunione
2256 3255 2431 3304 eucha-

1417 3348 1588 3395 ristica
1616 3343 1741 3392 nella
1762 3341 1923 3390 Messa
1943 3380 1955 3401 ‚
1982 3357 2071 3389 con
2095 3355 2195 3387 una
2220 3338 2435 3385 disserta·

1418 3430 1557 3476 zione
1587 3426 1707 3474 sallo
1737 3435 1877 3473 stesso
1907 3431 2176 3488 arqomento
2204 3418 2310 3467 dell'
2329 3418 2432 3466 Ab.

1418 3510 1679 3560 Benedetto
1711 3507 1769 3556 V
1765 3507 1864 3573 olpi
1874 3543 1887 3568 ‚
1906 3506 2073 3554 Venet.
2113 3519 2238 3569 1790
2256 3519 2268 3562 ;
2300 3502 2435 3565 cujus

1418 3593 1526 3641 libri
1554 3591 1751 3656 analysis
1773 3589 2014 3638 exhibetur
2029 3589 2080 3634 in
2102 3581 2436 3649 Supplemento

1419 3672 1697 3738 alqiornale
1711 3655 2026 3721 ecclesiast.di
2031 3668 2183 3715 Roma
2196 3684 2274 3715 an.
2288 3681 2303 3713 1
2317 3680 2435 3732 790,

1421 3759 1575 3823 quint.
1609 3771 1654 3805 iv
1673 3793 1685 3817 ,
1711 3772 1816 3820 pag.
1852 3749 1943 3816 145
1973 3761 2017 3800 et
2047 3766 2179 3815 seqq.
