2502 4186
279 230 394 294 174

895 245 1216 285 TRAc'rA'rUs
1260 246 1329 282 DE
1373 246 1762 286 EUCHARISTIA.

356 394 456 459 54.
514 393 648 472 Obj.
716 393 913 451 tertia.
982 391 1043 449 1o
1139 391 1328 450 Etiam
1382 402 1518 474 post
1575 394 2071 456 consecrationem
2142 393 2347 461 vinum
2378 445 2393 473 7

274 496 411 555 Luc.
429 489 613 562 XXII7
645 487 743 560 187
779 508 812 545 a
834 485 1066 545 Christo
1093 485 1304 545 dicitur
1318 492 1626 568 generatio
1649 490 1790 546 vitis
1804 531 1826 559 ,
1850 500 1935 563 et7
1954 491 2164 552 Matth.
2187 496 2394 568 XXVI7

275 589 375 649 29.
393 589 673 667 yenimen
710 585 889 648 ’ναίω
930 581 998 638 2⁰
1046 582 1134 640 uti
1164 593 1224 642 et
1248 594 1381 664 post
1406 583 1905 643 consecrationem
1933 583 2186 646 alterum
2237 611 2397 669 sym-

274 682 477 743 bolum
498 679 719 762 pariter
733 681 919 756 panis
940 687 1180 737 vocatur
1205 677 1282 737 ab
1310 681 1349 738 A
1358 678 1585 760 postulo
1608 725 1624 753 7
1657 682 1681 736 Ι
1706 680 1839 739 Cor.
1863 682 1914 739 X
1936 726 1951 755 7
1988 683 2084 740 16.
2120 682 2185 742 30
2209 684 2400 744 Chris-

275 791 368 838 tus
396 822 412 852 7
443 797 514 844 ex
538 775 662 835 Act.
699 774 779 832 111
801 817 818 848 7
861 773 969 849 21,
1001 784 1266 833 remanet
1290 775 1354 832 in
1384 773 1529 834 coelo
1566 760 1750 855 usque
1781 776 1841 834 in
1869 788 2135 859 tempora
2171 780 2401 838 restitu-

274 872 450 933 tionis
491 870 793 941 omnium3
838 868 1043 949 nequit
1088 868 1264 949 igitur
1294 890 1554 951 praesens
1606 890 1731 929 esse
1774 871 1839 929 in
1868 873 2244 932 Sacramento
2289 874 2397 954 (l).

275 969 345 1029 40
386 966 636 1047 Cogitari
671 975 952 1047 praeterea
974 964 1210 1046 nequit,
1247 965 1472 1047 Corpus
1489 975 1550 1024 et
1573 965 1927 1045 Sanguinem
1953 967 2167 1028 Christi
2191 969 2399 1029 etiam-

275 1087 422 1126 num
470 1065 532 1123 in
580 1082 744 1123 coena
793 1080 958 1120 sacra
1003 1082 1140 1121 vere
1183 1061 1484 1135 exhiberi3
1514 1063 1686 1144 quia7
1735 1085 1806 1122 ex
1844 1065 2105 1146 ipsorum
2134 1067 2398 1127 formulae

275 1161 438 1222 istius
479 1158 852 1219 defensorum
892 1158 1221 1232 sententia,
1267 1157 1503 1217 ⁴Christo
1543 1158 1618 1216 ad
1659 1157 1963 1219 dexteram
2004 1162 2110 1220 Dei
2139 1162 2398 1222 <exaltato

275 1279 386 1318 nec
424 1275 631 1337 corpus
659 1262 935 1313 terrestre
962 1274 1071 1312 nec
1101 1254 1332 1333 sanguis
1370 1253 1638 1314 animalis
1677 1275 1799 1314 esse
1831 1265 2043 1337 potest.
2075 1257 2178 1315 Sin
2201 1270 2398 1318 autem

276 1352 434 1412 aliud
477 1369 686 1432 corpus
708 1395 724 1425 7
772 1348 1155 1429 glorificatum
1194 1348 1356 1431 quod
1390 1348 1600 1408 dicitur
1625 1395 1641 1425 ‚
1678 1349 1765 1408 illi
1801 1351 2136 1412 attribueris
2159 1399 2174 1427 7
2214 1353 2398 1412 nihilo

274 1447 457 1529 magis
486 1447 553 1506 fit
579 1445 835 1520 clarum,
875 1443 1161 1522 ejusmodi
1185 1466 1426 1526 corpus7
1469 1443 1823 1528 ubicumque
1857 1448 2211 1508 Eucharistia
2246 1448 2399 1509 cele—

273 1544 481 1604 bratur
510 1587 526 1616 7
561 1563 698 1602 vere
732 1539 957 1615 adesse,
985 1539 1078 1599 vel
1104 1540 1313 1600 saltem
1334 1541 1563 1622 operari
1591 1563 1797 1623 posse3
1831 1565 2087 1625 namque
2104 1566 2396 1604 commen-

276 1651 407 1701 tum
435 1638 583 1698 illud
617 1638 690 1698 de
716 1638 934 1697 unione
971 1636 1376 1696 sacramentali
1413 1636 1589 1719 plane
1621 1638 2105 1721 incomprehensa
2127 1687 2143 1716 7
2168 1653 2229 1700 at
2258 1663 2395 1701 vero

275 1735 569 1798 credenda
594 1779 613 1813 ,
661 1733 741 1793 ad
774 1732 1254 1793 scholasticorum
1303 1734 1528 1792 somnia
1575 1735 1816 1794 omnino
1861 1735 2242 1815 relegandum
2283 1748 2391 1797 est.

279 1834 345 1892 50
384 1832 757 1892 Manifestum
793 1840 880 1889 est
908 1875 924 1902 7
980 1828 1402 1889 exhibitionem
1430 1829 1556 1890 veri
1592 1850 1657 1888 ac
1692 1829 2093 1890 substantialis
2116 1830 2390 1915 Corporis

279 1941 338 1990 et
377 1927 682 2008 Sanguinis
723 1924 938 1985 Christi
977 1924 1039 1983 in
1086 1945 1245 1983 sacra
1299 1945 1467 1984 coena
1518 1924 1694 2004 plane
1736 1925 1952 1984 nullius
2007 1927 2185 2007 frugis
2226 1948 2394 2000 esse3

276 2025 494 2108 quippe
509 2045 693 2105 quum
709 2021 946 2081 effectus
971 2018 1430 2102 supernaturalis
1447 2040 1556 2078 nec
1575 2021 1931 2101 experientia
1953 2022 2171 2102 percipi
2195 2033 2395 2102 queat,

276 2141 386 2180 nec
409 2118 567 2178 aliud
584 2119 905 2200 'quicquam
927 2161 943 2190 7
993 2136 1171 2197 quam
1209 2114 1366 2195 quod
1392 2114 1647 2196 simplici
1671 2115 1841 2195 panis
1872 2127 1931 2175 et
1960 2116 2081 2176 vini
2119 2138 2230 2174 usu
2254 2161 2270 2190 7
2320 2116 2399 2175 ef-

276 2216 524 2275 ficiatur.
555 2215 620 2272 60
667 2214 807 2286 Quae
849 2233 1032 2292 quum
1070 2211 1150 2268 ita
1185 2211 1302 2268 sint
1323 2258 1338 2287 7
1377 2231 1484 2291 per
1510 2231 1570 2268 se
1597 2220 1795 2291 patet,
1834 2213 1976 2270 Jesu
2000 2210 2264 2286 Christo7
2299 2211 2400 2293 qui

284 2309 713 2392 sapientissime
745 2306 971 2366 cultum
1015 2306 1120 2365 Dei
1155 2306 1463 2364 internum
1495 2350 1512 2379 7
1563 2304 1960 2388 eumdemque
2012 2307 2396 2379 rationalem,

272 2406 549 2488 praecepit
583 2405 785 2483 (Joan.
812 2404 886 2462 IV
907 2447 931 2477 7,
952 2401 1069 2476 243
1095 2403 1206 2475 VI,
1242 2401 1355 2475 643
1387 2404 1553 2460 Rom.
1577 2403 1718 2477 ΧΠ,
1749 2403 1820 2476 13
1853 2406 1877 2461 l
1911 2402 2111 2462 Thess.
2157 2405 2237 2478 V,
2263 2404 2392 2483 21),

274 2501 629 2562 sententiam
650 2501 822 2560 istam
849 2498 1092 2557 omnino
1121 2496 1364 2557 attribui
1393 2519 1516 2556 non
1542 2519 1736 2579 posse,
1782 2498 1896 2557 nisi
1921 2498 2395 2557 luculentissimis

1384 2719 1507 2752 cam.
1555 2700 1662 2751 Jam
1698 2719 1807 2752 vero
1835 2703 1993 2768 lingua
2022 2703 2263 2752 rabbinica
2316 2722 2398 2754 seu

266 2725 365 2776 pus
396 2724 554 2756 meum
575 2744 589 2768 ‚
618 2706 766 2755 ethic
791 2713 859 2753 est
888 2702 1104 2769 Sanquis
1138 2719 1291 2753 meus·

271 2790 399 2856 Quid
431 2791 584 2854 aptius
623 2785 682 2835 ad
719 2785 1076 2835 confundendos
1111 2794 1294 2833 nostros

274 2873 581 2922 Protestantes
610 2867 969 2918 orientali-stas?
1006 2866 1128 2932 Quid
1149 2870 1186 2915 si
1211 2866 1294 2914 ad-

276 2955 489 3014 deretur,
526 2952 763 3002 Christum
812 2950 1074 2999 Dominum
1101 2950 1294 2997 minime

274 3037 432 3102 lingua
477 3053 584 3103 syra
631 3044 714 3083 aut
752 3032 1115 3099 syro-chaldaica
1155 3048 1295 3080 usum

276 3136 399 3182 esse,
418 3118 499 3167 sed
530 3116 751 3182 peculiari
779 3114 973 3164 dialecto
993 3151 1007 3174 ‚
1035 3111 1293 3177 hierosoly-

275 3201 467 3248 mitana
482 3208 752 3263 nuncupata
771 3234 785 3257 ‚
804 3215 906 3263 quae
923 3196 1084 3246 eadem
1098 3202 1166 3244 est
1183 3212 1291 3244 cum

275 3283 434 3348 lingua
474 3281 754 3330 rabbinica?
798 3279 915 3328 Rem
959 3295 1094 3343 porro
1142 3280 1205 3324 ita
1241 3294 1290 3326 se

274 3364 477 3424 habere„
506 3373 634 3429 patet
658 3380 714 3411 ex
742 3363 948 3410 versione
977 3361 1149 3426 syriaca
1169 3358 1289 3410 Nov-

275 3447 403 3496 Test.
433 3448 484 3494 in
513 3462 606 3512 qua
635 3443 773 3492 verba
804 3443 999 3491 dialecto
1035 3441 1289 3507 hierosoly-

273 3532 452 3579 mitana
489 3546 519 3577 a
559 3527 740 3578 Christo
781 3530 1038 3589 usurpata,
1090 3539 1289 3590 quaeque

275 3613 543 3662 referuntur
575 3609 632 3658 ab
662 3608 983 3674 Evangelistis,
1016 3623 1087 3654 ex.
1112 3624 1182 3671 gr.
1206 3604 1289 3652 Eli

273 3694 341 3742 eli
353 3694 529 3743 lamma
541 3692 809 3747 sabactani,
827 3690 1008 3755 aliaque
1021 3688 1246 3755 ejusmodi
1268 3724 1282 3751 ‚

277 3779 498 3841 interpres
525 3791 654 3840 syrus
682 3775 818 3824 vertit
844 3774 893 3820 in
922 3772 1123 3836 linguam
1150 3772 1286 3836 syria-

1382 2784 1603 2834 (lialectus
1633 2785 2035 2852 hierosolymitana
2056 2824 2069 2845 7
2117 2787 2307 2835 vocibus
2338 2787 2397 2835 ad

1382 2867 1736 2932 significandam
1763 2869 2245 2933 representationem,
2265 2869 2397 2933 fi'qu-

1381 2965 1487 2996 ram
1510 2985 1523 3008 7
1552 2948 1815 3013 symbolum
1832 2949 2070 3010 abundat,
2107 2954 2175 2999 uti
2198 2951 2399 3000 ostendit

1379 3030 1453 3080 Cl.
1500 3030 1655 3079 Drach
1687 3068 1701 3093 ,
1758 3031 2058 3097 Inscription
2103 3032 2393 3099 Ιιέὸναῖᾳαε,

1382 3121 1431 3161 2c
1463 3113 1576 3162 edit.
1609 3113 1790 3174 Rome,
1836 3114 1956 3162 1831
1980 3151 1994 3175 ,
2031 3133 2077 3180 p.
2111 3115 2173 3164 33
2211 3126 2256 3164 et
2292 3133 2393 3181 seq.

1378 3194 1596 3244 Attamen
1641 3196 1801 3245 nullus
1842 3207 1908 3245 est
1940 3200 2064 3246 inter
2089 3195 2396 3246 protestantes

1376 3281 1652 3327 recentiores
1675 3316 1688 3339 7
1724 3281 1805 3345 qui
1839 3280 1964 3328 hanc
2008 3278 2329 3327 difficultatem
2370 3297 2396 3327 e

1378 3363 1558 3426 syriaco
1588 3377 1798 3409 sermone
1830 3364 2022 3426 petitam
2050 3378 2146 3408 non
2180 3371 2336 3425 urgeat
2354 3363 2390 3409 Μ

1377 3442 1473 3493 Cfr.
1513 3446 1608 3491 citt.
1650 3442 1833 3492 Letters
1848 3441 2098 3508 omeeqa
2119 3441 2222 3490 and
2250 3441 2395 3490 Omi-

1374 3542 1518 3587 cron,
1556 3537 1644 3575 etc.
1677 3542 1784 3591 pag.
1819 3543 1894 3575 10.

1444 3609 1510 3673 (l)
1547 3607 1615 3656 Ita
1647 3607 1805 3658 Horne
1826 3609 1917 3658 loc.
1940 3609 2020 3657 cit.
2041 3616 2087 3656 et
2107 3623 2213 3656 cum
2231 3623 2285 3656 eo
2300 3606 2334 3654 F
2338 3624 2390 3655 a-

1374 3690 1457 3740 ber
1489 3701 1532 3739 et
1561 3689 1794 3739 Tomline.
2183 3683 2189 3690 ⁸
