2502 4186
2103 237 2182 296 35

1343 253 1633 292 SUBJECTo.

650 255 767 295 CAP.
812 255 894 294 lv.
942 256 1009 291 DE
1051 255 1301 291 BAP'rlsm

893 423 1294 477 PROPOSITIO
1332 425 1375 476 1.

259 597 521 656 Praestat
565 596 850 673 parvulos
892 594 1199 671 baptizare
1219 633 1243 661 ,
1298 593 1433 650 licet
1469 603 1672 652 actum
1714 598 1999 658 credendi

918 707 1039 745 non
1080 685 1360 743 habeant.

177 890 275 951 83.
323 892 420 949 Est
455 889 527 948 de
554 888 668 947 fide
703 887 823 947 haec
866 884 1203 966 propositiO.
1245 886 1383 944 Eam
1425 888 1583 946 enim
1633 888 1899 951 definivit
1942 896 2187 956 Triden-

97 973 322 1058 tinum{
350 1005 486 1043 sess,
516 985 623 1042 VII
644 1027 660 1059 ,
687 1003 825 1061 can3
841 980 969 1052 XII,
990 981 1080 1038 De
1102 981 1283 1058 Bapt.
1317 1002 1336 1039 .·
1363 982 1435 1038 Si
1455 989 1592 1060 quis
1612 985 1864 1052 dimerit,
1889 994 2186 1050 neminem

95 1102 209 1140 esse
242 1080 672 1159 baptizandum
716 1077 840 1132 nisi
872 1094 939 1131 ea
970 1084 1134 1133 aetate
1157 1123 1170 1143 ‚
1214 1096 1336 1152 qua
1377 1075 1648 1137 Christus
1686 1080 2026 1159 baptizatus
2068 1097 2187 1158 est,

95 1177 184 1233 vel
201 1180 270 1232 in
295 1180 421 1253 ipso
450 1175 655 1231 mortis
676 1169 967 1239 articulo,
1004 1168 1328 1226 anathema
1365 1173 1461 1228 sit.
1493 1172 1562 1229 Et
1592 1193 1718 1230 can.
1756 1175 1888 1233 XIII
1926 1198 1939 1233 z
1967 1178 2038 1235 Si
2055 1184 2191 1256 quis

96 1273 356 1342 diaes-it,
371 1267 693 1349 parvulos,
718 1285 779 1322 9ο
805 1265 966 1342 quod
980 1275 1182 1322 actum
1210 1267 1633 1326 credendinon-
1654 1270 1905 1343 hahent,
1931 1286 2191 1353 suscepto

95 1368 405 1445 Baptismo
433 1367 591 1419 incer
601 1360 798 1436 fideles
818 1360 1242 1436 computandos
1267 1381 1388 1417 non
1415 1382 1530 1419 esse
1544 1404 1564 1431 ,
1589 1384 1660 1421 ao
1665 1376 1988 1441 propterea
2002 1411 2023 1439 ,
2052 1390 2192 1427 cum

96 1463 182 1519 ad
204 1479 387 1518 annos
406 1458 782 1514 discretionis
807 1458 1214 1532 pervenerint,
1248 1475 1361 1512 esse
1388 1457 1868 1534 rebaptizand08‚
1901 1473 2013 1519 aut
2029 1484 2194 1540 proe-

95 1566 248 1614 stare
281 1554 478 1611 omitti
508 1571 714 1609 eorum
748 1551 1091 1626 Baptisma,
1120 1569 1306 1626 quam
1341 1570 1429 1608 eos
1462 1571 1583 1608 non
1612 1562 1753 1610 actu
1788 1560 2039 1632 proprio
2064 1580 2192 1616 cre-

97 1652 291 1708 dentes
335 1648 645 1724 baptizari
674 1649 744 1702 in
773 1646 895 1702 sola
918 1644 1036 1721 fide
1062 1643 1343 1702 Ecclesioe
1360 1686 1384 1715 ,
1424 1646 1757 1704 anathema
1799 1652 1896 1706 sic.

175 1741 272 1803 84.
321 1741 477 1799 Licet
499 1741 562 1798 in
581 1738 889 1820 Scripturis
918 1757 1254 1818 expressum
1277 1759 1399 1795 non
1426 1736 1711 1797 habeatur
1734 1738 1807 1799 de
1835 1743 2190 1823 Baptismate

94 1837 474 1922 parvulorum
511 1833 938 1906 testimonium,
994 1831 1117 1890 haec
1148 1843 1346 1891 tamen
1385 1833 1598 1892 veritas
1629 1855 1701 1892 ex
1736 1836 1874 1915 ipsis
1911 1837 2197 1918 colligitur

80 1947 268 2016 atque
309 1940 506 2015 aperte
553 1930 881 1988 insinuatur
917 1927 1151 2005 (1).Ao
1194 1927 1383 2006 primo
1444 1926 1729 2005 colligitur
1787 1951 1858 1988 ex
1903 1931 1969 1989 iis
1991 1977 2006 2006 ,
2064 1956 2194 2015 quae

95 2029 354 2088 Christus
373 2023 890 2099 affirmavit‚Joan.
913 2023 1016 2095 ΙΙΙ,
1046 2021 1116 2078 5:
1145 2020 1298 2079 Nisi
1322 2025 1458 2099 quis
1472 2032 1718 2082 renatus
1734 2027 2014 2101 faeritas:
2028 2020 2193 2107 aqua

167 2243 235 2304 (l)
272 2241 359 2290 Hic
398 2241 578 2290 silentio
624 2239 907 2304 praetermitti
937 2238 1099 2302 nequit

101 2324 381 2372 Novatorum
409 2321 568 2386 agendi
602 2321 714 2367 ratio
734 2355 748 2378 ,
779 2319 859 2382 qui
886 2319 1100 2364 incusant

102 2404 360 2452 Catholicos
391 2390 705 2450 inconstantiae
746 2416 801 2446 ex
847 2414 900 2446 eo
918 2433 932 2455 ‚
973 2395 1099 2462 quod

99 2494 346 2551 provocant
372 2484 428 2531 ad
439 2483 597 2531 Sacras
613 2481 802 2528 Litteras
821 2513 837 2538 ,
861 2479 973 2526 dum
994 2480 1098 2525 vin-

99 2567 256 2615 dicant
275 2564 679 2630 paedobaptismum
701 2562 759 2610 ab
782 2559 1098 2623 Anabaptista-

100 2665 201 2698 rum
245 2646 538 2707 incursibus3
579 2644 692 2691 dum
735 2659 842 2690 vero
885 2642 1100 2688 nituntur

101 2729 333 2777 adstruere
348 2726 683 2790 Scripturarum
705 2722 1098 2788 imperfectionem

103 2810 176 2872 (id
189 2820 271 2868 est,
286 2806 675 2867 insufficientiam)
692 2804 751 2852 ad
772 2803 980 2868 dogmata
996 2819 1098 2850 om-

103 2892 179 2937 nia
210 2889 482 2938 vindicanda
511 2888 722 2937 adversus
760 2884 1060 2934 protestantes
1079 2921 1093 2944 ‚

105 2972 185 3036 qui
229 2970 329 3018 haec
363 2971 459 3034 ipsa
503 2969 714 3033 dogmata
751 2976 965 3025 tuentur,
1017 2965 1098 3014 ad-

104 3060 289 3098 struunt
332 3050 738 3114 paedobaptismum
775 3065 828 3096 ex
870 3047 962 3095 sola
1001 3057 1094 3095 tra-

103 3131 278 3178 ditione
306 3138 528 3179 constare.
559 3128 626 3178 Ita
651 3128 837 3177 Vossius
854 3164 868 3187 ‚
894 3126 1094 3191 Disput.

100 3229 184 3260 xm
203 3251 214 3271 ‚
234 3212 289 3258 de
306 3210 455 3274 Bapt.
472 3209 585 3257 thesi
598 3226 616 3258 1
638 3244 654 3272 ‚
683 3211 764 3275 qui
782 3209 867 3256 hac
881 3208 937 3257 de
956 3225 1093 3257 causa

100 3293 373 3342 Bellarmino
406 3300 652 3338 succenset.
703 3291 783 3338 Ast
826 3307 1089 3355 perperam5

101 3375 325 3441 siquidem
342 3372 644 3421 Bellarminus
664 3407 678 3430 ‚
699 3369 776 3417 De
788 3369 930 3436 Bapt.
949 3371 1034 3420 lib.
1051 3388 1088 3431 1,

100 3473 202 3519 cap.
227 3454 258 3503 8
279 3490 291 3514 ,
315 3455 477 3512 docet,
508 3454 679 3516 optimo
706 3453 807 3516 jure
834 3469 891 3500 ex
918 3454 1090 3516 princi-

98 3538 184 3600 piis
225 3535 456 3584 catholicis
498 3534 670 3581 adstrui
710 3531 833 3579 hanc
855 3534 1088 3582 veritatem

99 3613 434 3682 Scripturarum
462 3616 722 3663 auctoritate
737 3612 949 3662 adversus
967 3611 1090 3662 Ana-

97 3697 313 3764 baptistas
333 3734 347 3758 ‚
366 3697 494 3745 nullo
508 3708 658 3745 autem
674 3694 810 3742 modo
829 3693 876 3742 id
893 3703 1103 3759 praestare

1181 2253 1314 2300 posse
1338 2235 1623 2286 Lutheranos
1648 2250 1693 2287 et
1727 2238 1999 2291 Calvinistas
2028 2261 2082 2292 ex
2110 2263 2192 2296 sua

1180 2318 1384 2379 ipsorum
1424 2319 1597 2367 theoria
1636 2323 1753 2369 circa
1799 2324 2188 2387 justificationem.

1182 2395 1303 2444 Hinc
1329 2395 1357 2462 ἓ
1388 2411 1405 2444 1
1423 2413 1439 2444 1
1489 2398 1590 2446 haec
1619 2400 1776 2447 scribit
1809 2402 2019 2453 Bellarm.
2062 2423 2076 2452 ε
2099 2402 2189 2454 Se·-

1179 2476 1339 2524 cunda
1369 2476 1536 2525 classis
1563 2489 1950 2543 arqumentorum
1982 2487 2193 2536 continet

1182 2559 1448 2605 testimonia
1489 2558 1721 2609 Ecclesioe
1753 2598 1767 2621 ,
1811 2579 1919 2627 quae
1960 2573 2188 2631 tanquam

1180 2638 1485 2687 traditionem
1510 2639 1849 2706 Apostolorum
1867 2645 1922 2692 id
1944 2663 2126 2713 semper
2143 2658 2190 2698 et

1181 2719 1343 2768 docuit
1372 2729 1416 2768 et
1442 2724 1664 2771 servavit.
1717 2723 1888 2774 Utitur
1916 2726 2002 2775 hoo
2035 2745 2183 2796 arqu-

1180 2809 1333 2849 mento
1347 2803 1492 2850 etiam
1508 2801 1771 2870 Philippus
1788 2809 1844 2854 in
1859 2807 2017 2866 Locis,
2032 2811 2107 2860 tit.
2125 2812 2182 2860 de

1179 2881 1432 2948 Baptismo
1434 2884 1769 2948 parvulorum,
1790 2888 1933 2952 idque
1947 2897 2178 2954 tanquam

1174 2962 1508 3025 firmissimum
1553 2966 1611 3012 in
1642 2968 1810 3031 prima
1839 2972 1941 3016 acie
1965 2974 2132 3035 posuit
2154 2990 2178 3034 ,-

1176 3044 1259 3091 sed
1282 3047 1445 3093 merito
1467 3045 1651 3094 ridetur
1672 3047 1731 3095 ab
1751 3049 2172 3114 Anabaptistis....

1175 3124 1404 3174 Nostrum
1429 3128 1582 3190 iqitur
1605 3136 1673 3175 est
1696 3128 1780 3177 hoc
1810 3142 2141 3194 arqumentum
2158 3173 2173 3195 ‚

1174 3223 1273 3254 non
1290 3208 1686 3257 adversariorum.
1704 3209 1908 3259 Profecto
1924 3216 2078 3262 omnia
2104 3233 2177 3263 ar-

1173 3299 1389 3352 gumenta
1413 3326 1426 3348 ‚
1443 3305 1543 3354 quae
1562 3307 1615 3338 ex
1630 3289 1873 3355 Scripturis
1901 3293 1959 3341 ad
1973 3311 2173 3345 asseren-

1172 3370 1284 3418 dum
1323 3371 1730 3436 paedobaptismum
1753 3375 1921 3438 profert
1951 3375 2137 3426 Vossius
2156 3413 2171 3438 ,

1171 3452 1310 3501 veluti
1325 3455 1478 3515 inepta
1505 3456 1775 3518 rejiciuntur
1804 3449 2136 3505 aLimborchio
2154 3494 2168 3518 ,

1179 3533 1343 3583 Theol.
1385 3533 1683 3595 christiana,
1722 3553 1825 3601 cap.
1862 3534 1960 3597 68,
1997 3536 2027 3602 ξ
2055 3535 2087 3586 8
2127 3548 2176 3588 et

1168 3633 1298 3681 seqq.
