2502 4186
337 275 458 313 CAP.
509 275 553 311 1.
600 274 669 310 DE
713 273 880 310 amu
923 271 1141 310 camsi-1
1168 270 1504 308 -PnAEsmrm
1549 271 1607 306 nv
1652 270 1895 312 EUCHAR.
2085 251 2198 313 161

82 413 379 476 foederalia
401 423 699 473 mutuatus
726 414 900 473 fuerit
920 459 936 488 ,
970 410 1316 472 discriminis
1346 432 1514 471 causa
1542 411 1768 472 duabus
1786 423 2018 474 tantum
2037 436 2206 476 vocu-

77 509 145 568 lis
159 531 325 567 meus
348 520 407 568 et
429 514 573 568 novi
584 501 794 568 additis
827 514 967 567 :Hic
985 517 1066 566 est
1079 507 1342 585 Sanyuz’s
1365 528 1530 565 meus
1545 512 1683 566 novi
1693 511 1962 586 foederzk,
1976 532 2096 570 non
2118 523 2207 574 est

76 603 321 662 dubium
342 649 357 678 ,
385 605 528 685 quin
550 615 608 662 et
636 604 729 663 hic
752 626 888 664 vere
908 620 1162 685 praesenbs
1185 599 1623 659 demonstretur
1643 603 1882 682 Sanguis
1898 604 2110 664 Christi
2133 606 2199 665 in

82 698 461 759 eucharistico
484 699 814 780 pocu103et‚
835 706 1073 781 propter
1086 696 1396 776 paritatem
1418 696 1683 771 rationiS‚
1712 699 1888 757 etiam
1911 721 2047 760 vere
2066 722 2210 783 pr-ae.

79 815 211 852 sens
228 793 661 852 demonstretur
677 794 895 875 Corpus
907 790 1134 861 Domini
1154 790 1239 849 his
1261 789 1448 851 verbis
1470 796 1623 849 :Hoc
1638 802 1721 850 est
1744 793 1971 872 Corpus
1983 817 2206 856 meum.

162 887 260 946 35.
310 887 376 945 40
429 886 496 945 Id
531 888 724 969 ipsum
759 887 1058 947 conficitur
1091 906 1161 945 ex
1195 887 1525 960 adjunctis.
1574 885 1838 946 Christus
1895 889 2054 948 enim
2100 891 2199 950 in·-

78 981 429 1041 stituebatet
450 984 888 1054 Sacramentum
908 992 967 1040 et
977 990 1418 1055 testamentum3
1443 980 1516 1040 ab
1533 992 1782 1062 utroque
1806 993 2005 1042 autem
2017 986 2206 1046 omnis

77 1074 274 1135 abesse
301 1075 481 1136 debet
502 1076 891 1161 metaphorica
926 1075 1141 1136 locutio
1161 1121 1177 1149 ,
1223 1097 1289 1134 ac
1319 1075 1744 1157 simplicissima
1778 1078 2203 1161 communique

78 1192 346 1230 sermone
378 1174 515 1231 trita
546 1169 822 1259 loquendi
850 1170 998 1229 ratio
1033 1171 1095 1229 in
1120 1170 1211 1230 his
1237 1170 1504 1232 adhiberi
1536 1170 1712 1230 debet
1739 1216 1754 1246 7
1786 1193 1863 1231 ne
1892 1173 1956 1231 in
1992 1194 2057 1233 re
2084 1195 2208 1254 gra-

81 1267 313 1326 vissima
350 1267 523 1338 detur
548 1265 874 1348 deceptioni
903 1266 1157 1340 occasio-3
1186 1265 1449 1348 alioquin
1468 1265 1700 1325 nullum
1732 1279 2067 1328 censeretur
2094 1280 2207 1330 tes-

79 1372 410 1422 tamentum
432 1409 448 1436 ‚
494 1383 607 1444 quo
649 1360 776 1442 quis
817 1359 985 1419 alteri
1020 1360 1240 1440 legaret
1276 1361 1521 1420 domum
1548 1406 1564 1437 ‚
1599 1360 1810 1421 domus
1853 1373 2053 1423 autem
2090 1385 2207 1424 no-

81 1458 240 1517 mine
271 1457 632 1536 *intelligeret
660 1459 783 1534 ejus
823 1455 1141 1535 imaginem
1174 1467 1274 1514 aut
1307 1457 1553 1536 figuram
1580 1455 1692 1537 (1).

162 1552 262 1612 36.
315 1553 380 1610 50
426 1553 508 1611 Ex
548 1550 891 1633 difficultate
941 1550 1307 1612 extundendi
1345 1572 1584 1610 sensum
1628 1550 2093 1632 metaphoricum
2142 1565 2204 1615 et

80 1650 388 1728 figuratum
413 1693 428 1722 ,
459 1667 635 1729 quem
651 1691 668 1723 ‚
693 1645 893 1706 relicto
918 1667 1094 1706 sensu
1124 1645 1400 1720 litterali,
1425 1656 1835 1707 consectantur
1864 1646 2204 1710 adversarii.

84 1744 387 1823 Ingenium
416 1764 586 1801 suum
622 1742 855 1801 torsisse
893 1753 1119 1802 veteres
1148 1741 1637 1801 Sacramentarios
1678 1740 1752 1800 ad
1792 1743 2205 1822 assignandam

81 1840 144 1897 in
180 1838 442 1920 qualibet
470 1837 989 1920 vocula-figuram,
1029 1859 1206 1918 quam
1245 1838 1459 1896 frustra
1498 1835 1876 1921 quaerebant,
1919 1859 2206 1919 superva-

81 1955 326 1994 caneum
360 1955 483 1993 esse
528 1931 781 1991 arbitror
820 1932 1163 2008 ostendere,
1202 1953 1338 1992 cum
1373 1954 1465 1992 res
1497 1931 1800 1991 notissima
1835 1933 1909 1991 sit
1945 1933 2054 2014 (2).
2101 1936 2209 1994 Ast

82 2052 203 2088 non
226 2031 442 2090 minori
464 2027 664 2088 labore
691 2031 1083 2088 protestantes
1115 2029 1464 2104 recentiores
1493 2032 1802 2111 perperam
1827 2028 2210 2108 insudarunt,

87 2145 196 2183 nec
237 2147 476 2207 scopum
508 2147 677 2184 suum
722 2125 1059 2204 attigerunt.
1124 2123 1233 2184 Alii
1262 2125 1460 2199 enim,
1527 2108 1592 2181 ut
1652 2113 1911 2184 vidimus·
1938 2168 1954 2197 ,
1998 2146 2218 2206 panem

95 2220 418 2299 significare
458 2221 680 2300 Corpus
694 2219 911 2278 Christi
941 2230 1252 2278 autumant
1275 2264 1291 2293 .,
1324 2241 1392 2279 eo
1425 2218 1584 2300 quod
1621 2217 1866 2281 cadaver
1901 2220 1975 2278 sit
2003 2220 2221 2279 siccum

86 2326 145 2373 et
176 2335 495 2392 exsangue3
518 2315 725 2375 vinum
755 2336 931 2394 porro
958 2313 1306 2393 sanguinem
1354 2323 1778 2393 repraesentare
1818 2313 2214 2390 arbitrantur,

88 2431 155 2469 eo
179 2410 337 2490 quod
359 2421 678 2491 utrumque
708 2411 783 2468 sit
814 2407 982 2467 rubri
1007 2408 1210 2468 eoloris
1233 2453 1248 2482 a
1277 2419 1344 2466 ut
1369 2408 1726 2468 Wetstenius
1745 2418 1803 2465 et
1826 2407 2076 2467 Kuinoel
2102 2409 2218 2489 (3);

87 2505 183 2564 alii
226 2505 383 2564 idem
414 2516 657 2564 censent
682 2550 697 2580 ⁷
747 2504 881 2587 quia
915 2506 1137 2586 Corpus
1175 2503 1426 2577 Christi,
1462 2503 1616 2561 cruci
1647 2502 1887 2561 affixum
1917 2549 1933 2578 ,
1981 2516 2068 2563 est
2122 2504 2223 2564 ali-

88 2612 357 2660 mentum
394 2601 724 2659 animarum
743 2646 760 2675 .,
788 2601 869 2659 ita
907 2612 974 2658 ut
1006 2621 1208 2659 sensus
1239 2598 1450 2658 Christi
1481 2597 1798 2659 verborum
1824 2600 1899 2656 sit
1935 2620 1948 2656 ε
1982 2599 2107 2658 Hic
2135 2612 2224 2661 est

81 2701 269 2775 panis
297 2696 575 2777 Corporis
598 2701 721 2754 mei
736 2739 756 2766 ,
779 2717 879 2754 seu
911 2696 1088 2754 etiam
1115 2716 1129 2753 ε
1152 2694 1223 2754 H
1221 2699 1275 2752 ic
1294 2705 1378 2753 est
1386 2698 1576 2773 panis
1603 2695 1849 2772 foederis
1883 2715 2015 2753 mea
2038 2706 2225 2758 morte

92 2791 526 2866 instaurandi,
563 2803 630 2851 ut
676 2791 1058 2851 Eichhornius
1096 2791 1216 2874 (4);
1251 2790 1363 2859 ⁴alii
1404 2789 1610 2853 volunt
1659 2788 1958 2849 Christum
2016 2791 2217 2872 appel-

167 3023 232 3087 (1)
283 3020 381 3070 cfr.
418 3021 712 3078 Maidonatus
749 3058 764 3082 ,
830 3021 1014 3072 Comm.
1066 3024 1124 3072 in
1204 3038 1365 3070 corum
1398 3022 1735 3087 expositiones,
1773 3032 1825 3070 ut
1858 3022 1952 3071 fere
1983 3027 2223 3074 numerari

97 3103 280 3153 Matth.
299 3120 429 3162 xxvr,
463 3101 529 3151 26
556 3114 600 3153 et
631 3103 714 3154 28.
1203 3122 1300 3152 non
1315 3113 1512 3168 possent.
1531 3102 1845 3151 Nihilominus
1860 3103 2051 3169 longum
2069 3106 2224 3156 adhue

168 3186 235 3252 (Ξ)
263 3185 362 3233 Csr.
382 3184 601 3234 Bellarm.
621 3183 1117 3237 DeSacram.Euch.
1202 3185 1398 3235 restabat
1435 3188 1524 3233 iter
1556 3202 1701 3250 usque
1736 3184 1793 3233 ad
1819 3195 1995 3236 nostros
2023 3186 2224 3237 biblicos

101 3266 189 3319 lib.
224 3286 269 3328 ι,
290 3285 391 3331 cap.
414 3263 475 3325 8,
504 3266 586 3313 ubi
616 3268 738 3315 inter
766 3276 916 3315 cetera
945 3268 1113 3329 refert,
1201 3279 1245 3317 et
1272 3267 1596 3316 rationalistas.

101 3368 225 3399 anno
260 3349 383 3415 1577
422 3348 640 3413 prodiisse
668 3345 910 3408 libellum,
935 3350 990 3396 in
1025 3366 1116 3414 quo
1268 3349 1336 3413 (3)
1374 3347 1491 3396 Loc.
1529 3340 1613 3396 cit}

103 3432 319 3480 ducentae
344 3437 662 3478 numerantur
687 3428 1018 3479 haeretieorum
1044 3430 1119 3480 vel
1194 3437 1197 3442 ’
1264 3430 1333 3495 (h)
1382 3429 1537 3479 Ueber
1580 3429 1658 3476 die
1699 3427 2227 3495 Einsetzunq-Worle

102 3515 418 3580 expositiones
450 3510 522 3559 vel
554 3510 914 3576 depravationes
946 3511 1116 3561 horum
1196 3513 1276 3561 des
1306 3511 1381 3561 H.
1419 3510 1774 3570 Abendmahk,
1820 3529 1901 3560 seu
1949 3512 2027 3559 De
2064 3512 2224 3562 verbis

97 3612 366 3662 paucorum
397 3595 645 3643 verborum
675 3613 689 3639 .·
723 3590 829 3641 Hoc
855 3601 923 3641 est
946 3610 1116 3660 corpus
1195 3596 1520 3645 institutionis
1554 3611 1702 3643 sacroe
1729 3610 1871 3642 eoenae
1889 3630 1903 3654 ‚
1934 3595 1984 3640 in
2013 3594 2225 3659 ejusdem

106 3695 280 3726 meum.
308 3678 508 3743 Ipsemet
538 3675 794 3723 Cardinalis
825 3674 946 3725 ibid.
979 3687 1117 3726 testa·
1196 3676 1500 3742 Allqemeine
1517 3675 1804 3736 Bibliothek,
1823 3691 1908 3722 seu
1921 3673 2226 3726 Bibliotheca

108 3771 182 3808 tur
198 3797 211 3819 ,
231 3771 297 3808 tot
319 3763 419 3826 jam
442 3759 664 3825 prodiisse
690 3766 818 3807 aetate
842 3774 926 3808 sua
950 3756 1117 3809 haereti·
1198 3748 1472 3809 universali
1498 3791 1515 3822 ,
1549 3769 1663 3809 tom.
1696 3775 1742 3809 vi
1761 3794 1774 3820 ‚
1809 3771 1915 3823 pag.
1948 3772 2008 3823 77
2025 3773 2070 3807 x.

203 3842 269 3900 T.
324 3843 422 3903 Vl.
1907 3836 1986 3906 11
