2502 4186
781 258 907 296 cu.
955 258 1034 296 iv.
1079 257 1148 295 mi
1190 243 1627 296 ssrisrAc'rtonn.
2119 233 2237 293 445

133 399 194 459 id
228 419 364 460 vero
401 397 553 478 quod
582 395 885 475 subjicitur
910 397 983 456 de
1011 397 1257 476 gratuita
1278 396 1710 475 justificatione,
1743 396 2114 478 reponimus,
2133 396 2238 455 in-

134 492 516 572 telligendum
541 491 602 550 id
648 513 770 551 esse
801 491 874 552 de
906 491 1241 551 remissione
1268 491 1452 574 culpae
1479 502 1538 551 et
1573 511 1766 574 poenae
1805 503 2032 551 aeternae
2055 535 2071 567 ‚
2109 512 2239 573 quae

132 587 468 648 immediate
488 610 518 645 a
543 590 664 646 Deo
683 608 788 668 per
808 586 1022 646 Christi
1051 587 1260 645 merita
1296 586 1573 646 tribuitur
1592 631 1609 662 ,
1637 597 1738 646 aut
1757 587 1932 646 etiam
1963 586 2035 646 de
2059 608 2237 669 poena

132 682 440 764 temporali
459 727 475 755 .,
510 693 803 762 quatenus
835 681 1009 762 gratis
1037 680 1204 740 nobis
1239 682 1419 761 gratia
1446 682 1742 743 confertur
1768 727 1784 756 ‚
1828 704 1943 764 qua
1982 704 2089 743 nos
2117 685 2238 742 Deo

127 777 545 836 satisfaciamus
578 797 828 854 congrua
858 775 1227 857 poenitentia.

212 871 354 929 200.
405 870 495 929 Ad
509 870 595 927 5¹1¹
622 913 640 944 ,
676 872 834 930 Dist.
865 870 923 929 Si
949 869 1185 929 effectus
1207 891 1240 928 a
1262 890 1428 929 causa
1452 870 1740 951 pendeat,
1773 883 1839 930 ut
1860 870 1937 929 sit
1972 870 2065 933 vel
2094 893 2240 931 con-

132 976 398 1026 servetur
419 1009 434 1039 ,
455 987 645 1031 conc.;
665 966 714 1024 si
734 964 988 1046 pendeat
1005 985 1037 1023 a
1061 985 1228 1023 causa
1254 1009 1270 1039 ‚
1303 977 1369 1023 ut
1388 965 1744 1047 producatur
1765 967 1827 1024 in
1854 974 1976 1025 esse‘
2004 987 2240 1047 perma-

130 1070 343 1131 nente,
376 1082 506 1140 ney.
538 1062 655 1119 Nec
677 1060 836 1119 enim
875 1058 1102 1117 tollitur
1132 1058 1344 1120 vulnus
1365 1104 1380 1134 ‚
1412 1059 1642 1119 sublato
1670 1060 1860 1140 gladio
1880 1105 1897 1136 ‚
1925 1071 2027 1119 aut
2056 1071 2241 1120 cessat

128 1153 503 1214 simulacrum
537 1165 732 1214 amoto
759 1154 975 1214 artifice
1009 1154 1130 1234 (l).

921 1345 1327 1400 PROPOSITIO
1365 1347 1434 1400 II.

126 1520 389 1579 Possunt
411 1530 465 1578 et
486 1520 698 1578 debent
717 1519 790 1580 M
789 1521 1005 1577 inistri
1023 1519 1400 1577 Poenitentioe
1429 1519 1727 1577 salutares
1765 1528 1822 1576 et
1839 1523 2242 1580 convenientes

537 1618 972 1693 satisfactiones
1002 1614 1440 1693 poenitentibus
1487 1617 1824 1693 injungere.

207 1804 347 1862 201.
392 1803 524 1861 Haec
567 1782 889 1883 propositio
915 1846 932 1876 .,
977 1821 1106 1882 quae
1138 1799 1460 1880 dogmatica
1495 1811 1618 1875 est,
1664 1799 1907 1882 profluit
1949 1822 2020 1861 ex
2064 1800 2242 1862 modo

126 1897 418 1959 vindicata
452 1895 717 1956 doctrina
743 1941 758 1971 ‚
798 1907 858 1956 et
897 1895 1149 1955 traditur
1184 1917 1216 1954 a
1248 1896 1425 1955 Conc.
1469 1895 1813 1957 Tridentino
1855 1894 1946 1955 his
1987 1894 2182 1957 verbis
2221 1919 2236 1955 ε

123 1994 355 2054 Debent
379 2013 511 2072 erqo
538 1993 873 2051 Sacerdotes
898 1993 1191 2062 Domini,
1218 2000 1517 2069 quantum
1540 1994 1797 2070 spiritus
1826 2001 1881 2050 et
1902 1992 2243 2071 prudentia

123 2091 429 2168 suyqerit,
460 2107 579 2166 pro
619 2088 909 2165 qualitate
959 2088 1294 2144 criminum
1338 2095 1394 2143 et
1426 2090 1858 2165 poenitentium
1899 2088 2193 2164 facultate
2217 2130 2242 2160 ,

123 2185 416 2242 salutares
450 2192 505 2240 et
539 2185 939 2240 convenientes
968 2184 1404 2259 satisfactiones
1437 2185 1754 2261 injunyere
1773 2224 1797 2252 ,
1846 2202 1920 2239 ne
1932 2224 1956 2253 ,
1992 2186 2052 2240 si
2085 2185 2243 2261 forte

119 2281 379 2356 peccatis
416 2286 774 2336 conniveant
809 2285 864 2334 et
901 2276 1312 2355 indulyentius
1357 2297 1496 2333 cum
1535 2277 1975 2356 poenitentibus
2018 2288 2241 2358 ayant,

125 2374 427 2430 levissima
468 2371 744 2450 quoedam
778 2391 954 2450 opera
991 2391 1102 2449 pro
1140 2373 1525 2450 yravi'ssimi‘s
1565 2373 1794 2430 delictis
1834 2375 2204 2452 injunyendo
2218 2416 2243 2446 ,

121 2470 464 2528 alienorum
490 2477 878 2547 peccatorum
918 2470 1255 2546 participes
1297 2467 1650 2544 efficiantur.
1700 2467 1991 2526 Habeant
2039 2478 2242 2528 autem

114 2585 251 2644 prce
282 2565 469 2622 oculis
485 2606 507 2636 ,
537 2574 608 2622 ut
630 2565 974 2642 Satisfactio
988 2606 1009 2634 ,
1041 2584 1224 2642 quam
1252 2567 1611 2642 imponunt,
1641 2584 1762 2622 non
1784 2568 1866 2622 sit
1884 2574 2126 2624 tantum
2161 2566 2250 2625 ad

117 2680 281 2718 nome
321 2663 456 2717 vitoe
492 2659 828 2718 custodiam
866 2669 921 2716 et
943 2659 1323 2737 infirmitatis
1356 2658 1901 2730 medicamentum,
1938 2661 2041 2718 sed
2060 2665 2245 2719 etiam

118 2757 205 2815 ad
231 2760 682 2834 proeteritorum
700 2766 1089 2835 peccatorum
1120 2756 1452 2814 vindictam
1489 2766 1544 2813 et
1569 2760 2061 2836 castzyati‘onem;
2094 2779 2244 2816 nam

119 2853 307 2910 claves
337 2851 723 2909 Sacerdotum
755 2851 983 2913 nonad
997 2851 1346 2910 solvendum
1373 2851 1723 2928 davamant,
1749 2853 1854 2910 sed
1872 2862 1926 2909 et
1948 2853 2035 2910 ad
2051 2854 2245 2932 liqan-

120 2948 267 3006 dum
306 2967 602 3004 concessas
645 2950 827 3004 etiam
869 2949 1118 3025 antiqui
1149 2946 1361 3004 Patres
1402 2957 1457 3004 et
1497 2947 1752 3005 credunt
1788 2957 1842 3004 et
1887 2947 2091 3005 docent
2125 2947 2238 3027 (2).

123 3044 312 3115 Quam
343 3039 668 3099 doctrinam
703 3039 975 3123 deinceps
1009 3061 1138 3115 can.¹
1169 3042 1271 3099 XV
1310 3038 1469 3100 idem
1513 3040 1835 3100 Concilium
1878 3041 2071 3099 sanxit
2115 3063 2128 3098 z
2172 3042 2246 3100 Si

122 3141 258 3215 quis
287 3137 543 3206 dixerit,
574 3136 762 3193 claves
785 3135 1065 3195 Ecclesiae
1094 3156 1208 3194 esse
1239 3135 1414 3194 datas
1455 3146 1694 3194 tantum
1742 3137 1828 3194 ad
1858 3136 2242 3208 solvendum,

127 3252 246 3290 non
263 3234 444 3289 etiam
461 3232 548 3289 ad
567 3230 885 3310 liqandum
896 3273 918 3302 ,
939 3240 995 3288 et
1003 3241 1321 3309 propterea
1338 3231 1711 3303 Sacerdotes,
1741 3232 1891 3289 dum
1917 3234 2246 3311 imponunt

117 3347 331 3404 poenas
366 3326 810 3404 confitentibuS,
845 3345 1018 3404 aqere
1051 3335 1259 3384 contra
1283 3327 1468 3405 finem
1507 3328 1771 3385 clavium
1814 3336 1870 3386 et
1902 3337 2113 3386 contra
2152 3330 2246 3384 in-

126 3424 492 3479 stitutionem
520 3421 809 3480 Christi...
831 3419 1152 3480 anatltema
1172 3425 1268 3480 sit.

124 3650 128 3653 “
199 3638 263 3702 (Ι)
297 3636 398 3686 Cfr.
428 3636 646 3686 Bellarm.
668 3636 754 3686 lib.
776 3635 857 3686 cit.
879 3653 976 3701 cap.
1023 3651 1079 3685 ιο
1298 3638 1362 3703 (2)
1399 3638 1518 3688 Sess.
1544 3655 1623 3686 xiv
1647 3674 1661 3698 ,
1695 3654 1798 3702 cap.
1833 3633 1887 3686 8.

131 3729 175 3768 et
201 3735 333 3786 seqq.
