2502 4186
554 276 675 313 GAP.
720 276 761 311 1.
810 275 878 311 nn
921 273 1197 315 vamum
1240 269 1561 323 smmi-1011,
1608 271 1728 308 Ere.
2066 250 2187 311 271

884 415 1286 481 PRoPosirlo
1325 416 1368 465 1.

154 551 231 609 In
277 549 465 609 Missa
509 550 759 630 offertur
798 549 918 607 Deo
963 566 1172 606 'verum
1213 555 1269 602 et
1303 545 1636 622 proprium
1679 543 2068 622 Sacrificium
2085 586 2108 615 ,

386 667 575 738 prout
625 659 826 716 Sacrae
871 639 1105 715 Litterae
1150 657 1220 711 in
1259 655 1483 732 primis
1527 652 1861 710 ostendunt.

155 873 293 941 253.
341 871 602 931 Christus
634 871 696 929 in
733 892 900 934 coena
942 891 1052 931 *seu
1073 869 1136 927 in
1181 867 1552 927 institutione
1587 866 1961 928 Eucharistiae
1990 891 2195 930 verum

74 992 141 1031 >ac
177 967 487 1050 proprium
519 969 641 1026 Deo
685 966 897 1026 obtulit
937 964 1306 1025 Sacrificium.
1349 967 1528 1023 Porro
1564 961 1722 1044 quod
1759 963 1888 1044 ipse
1919 964 2053 1023 fecit
2075 1011 2090 1037 a
2132 966 2197 1026 id

75 1067 267 1146 ipsum
290 1061 362 1120 ab
401 1062 689 1144 Apostolis
726 1081 1042 1140 eorumque
1063 1059 1125 1118 in
1166 1058 1487 1118 sacerdotio
1519 1047 2196 1119 successoribus'facien-

74 1159 218 1217 dum
257 1179 380 1217 esse
417 1157 720 1221 mandavit
752 1155 868 1220 illis
900 1153 1094 1215 verbis
1119 1177 1131 1211 z
1161 1155 1293 1214 Hoc
1314 1157 1503 1232 facite
1530 1159 1598 1211 in
1632 1175 1827 1211 meam
1855 1174 2195 1214 commemo-

73 1258 370 1312 rationem
403 1253 515 1332 (1).
553 1254 697 1332 Ergo
725 1251 789 1308 in
818 1251 990 1310 Missa
1017 1271 1223 1311 verum
1244 1249 1465 1332 pariter
1494 1269 1558 1307 ac
1586 1249 1893 1331 proprium
1934 1252 2058 1309 Deo
2089 1252 2195 1310 Sa-

74 1350 351 1408 crificium
380 1349 637 1407 offertur.
1034 1420 1037 1423 v

155 1443 296 1509 254.
342 1445 524 1521 Major
553 1441 723 1520 hujus
747 1441 1075 1521 argumenti
1099 1440 1420 1524 propositio
1440 1485 1456 1515 ‚
1481 1439 1544 1497 in
1575 1460 1753 1520 quam
1777 1439 1963 1499 solam
1990 1439 2195 1502 cadere

75 1549 271 1619 potest
288 1536 620 1611 difficultaS‚
643 1536 955 1618 multiplici
976 1537 1201 1596 ratione
1223 1535 1615 1597 evincitur.Ac
1634 1535 1697 1593 1Ο
1712 1545 1876 1616 patet
1892 1556 1963 1594 ex
1986 1536 2054 1594 iis
2069 1558 2196 1617 quae

75 1633 324 1691 diximus
346 1632 418 1692 de
431 1632 699 1691 Sacrificii
713 1631 1083 1697 Eucharistici
1098 1632 1359 1704 notione,
1382 1629 1457 1688 ad
1473 1628 1781 1688 formalem
1794 1651 1854 1688 ra
1862 1630 2082 1724 tionem
2099 1632 2196 1689 Sa-

76 1727 784 1788 crificiicommemorativi
807 1748 907 1785 seu
934 1725 1164 1786 relativi
1185 1771 1200 1799 .,
1232 1723 1558 1802 cujusmodi
1586 1723 2039 1784 eucharisticum
2071 1746 2196 1785 esse

82 1822 500 1882 declaravimus
521 1867 537 1896 ‚
569 1821 684 1880 duo
709 1822 1090 1902 requiruntur
1108 1832 1167 1880 et
1190 1820 1485 1881 sufficiunt
1502 1864 1518 1895 ‚
1547 1818 1716 1884 realis
1738 1840 1953 1902 nempe
1982 1819 2197 1879 Christi

82 1918 387 1999 praesentia
408 1918 470 1975 in
494 1916 877 1994 Eucharistia‚
901 1928 961 1976 et
986 1917 1426 1999 repraesentatio
1453 1915 1655 1974 mortis
1682 1915 1897 1975 Christi
1924 1915 2001 1976 ad
2028 1916 2200 1996 signi-

84 2012 373 2072 ficandam
409 2013 896 2094 omnipotentiam
929 2013 1036 2071 Dei
1074 2011 1322 2073 auctoris
1351 2011 1487 2074 vitae
1526 2020 1585 2069 et
1614 2012 1841 2070 mortis,
1883 2013 2018 2070 Jam
2055 2032 2197 2072 vero

86 2108 344 2186 primum
379 2106 772 2166 adstruximus
795 2106 1635 2187 adversusSacramentarios3
1689 2105 1940 2165 alterum
1992 2127 2131 2167 vero
2165 2128 2201 2165 a

87 2200 250 2259 nullo
285 2202 747 2260 adversariorum
775 2203 838 2259 in
875 2200 1123 2261 dubium
1150 2203 1408 2262 revocari
1438 2213 1660 2283 potest3
1699 2202 2200 2262 consecrationem

89 2295 245 2353 enim
284 2295 527 2376 duplicis
562 2295 842 2377 symboli„
895 2318 995 2355 seu
1031 2297 1198 2378 panis
1249 2309 1306 2356 et
1344 2298 1503 2371 vini,
1545 2300 1784 2357 seorsim
1834 2296 2076 2371 factam,
2125 2296 2202 2355 ad

70 2379 522 2471 'significandam
555 2393 980 2476 separationem
1018 2394 1310 2473 sanguinis
1331 2416 1364 2453 a
1393 2415 1668 2476 corpore,
1711 2413 1837 2476 quae
1869 2393 2113 2473 contigit
2138 2394 2202 2452 in

88 2487 302 2547 Christi
327 2500 516 2548 morte
538 2535 553 2564 7
577 2489 815 2563 referri,
845 2511 1049 2548 omnes
1074 2491 1470 2549 protestantes
1488 2512 1611 2549 non
1626 2489 1816 2548 solum
1847 2488 2199 2563 admittunt,

87 2582 189 2642 sed
229 2582 597 2643 contendunt
623 2629 637 2658 7
670 2596 736 2643 ut
772 2587 1036 2666 superius
1072 2584 1327 2645 vidimus
1366 2585 1483 2663 (2);
1518 2585 1643 2644 haec
1672 2596 1950 2667 praeterea
1982 2603 2202 2665 reprae-

88 2679 334 2736 sentatio
377 2699 441 2737 ac
474 2679 722 2760 proinde
764 2679 967 2738 relatio
1006 2678 1081 2738 ad
1118 2679 1616 2752 immolationem,
1659 2700 1786 2762 quae
1825 2680 1974 2739 facta
2016 2690 2106 2738 est
2140 2679 2204 2736 in

90 2791 289 2846 cruce,
334 2793 466 2831 cum
507 2774 619 2855 ipsi
659 2775 1077 2834 consecrationi
1119 2776 1432 2835 intrinseca
1469 2777 1578 2852 sit,
1628 2777 1945 2835 intrinseca
1982 2774 2203 2857 pariter

92 2865 202 2946 ipsi
227 2877 324 2924 est.
342 2868 488 2926 ratio
516 2869 774 2928 formalis
800 2871 1071 2929 Sacrificii
1097 2871 1219 2932 veri
1255 2882 1313 2929 et
1348 2872 1584 2953 proprie
1618 2871 1777 2930 dicti.
1817 2872 1885 2929 20
1915 2869 1982 2930 Id
2011 2870 2205 2951 ipsum

93 2961 391 3019 conficitur
423 2983 495 3021 ex
534 2964 792 3042 ejusdem
826 2966 1210 3025 institutionis
1246 2966 1562 3045 adjunctiS.
1600 2967 1864 3027 Christus
1893 2966 2053 3025 enim
2084 2966 2202 3023 Eu-

95 3054 427 3121 charistiam
460 3058 714 3118 instituit
730 3105 751 3138 ‚-
790 3060 1091 3123 immolato
1126 3063 1319 3124 veteri
1345 3062 1620 3144 paschate
1656 3062 1720 3120 in
1758 3081 2000 3143 corpore
2039 3059 2204 3139 agni,

166 3246 225 3308 (l)
263 3245 379 3295 Luc.
409 3264 531 3306 xxu,
566 3265 641 3316 19.
674 3255 812 3299 Τοῦτο
838 3251 1008 3301 ποιεῖτε
1038 3257 1099 3306 εἷς
1184 3256 1249 3302 cis
1273 3253 1430 3302 referri
1458 3255 1633 3301 ratione
1656 3253 1832 3300 diversa
1848 3251 1906 3299 ab
1921 3268 1975 3300 ea
1993 3288 2006 3311 ,
2023 3267 2119 3317 qua
2135 3267 2208 3298 re-

96 3322 170 3382 vn'v
200 3324 302 3389 ἔμῆν
338 3325 596 3391 ἀνάμνησιν.
1185 3334 1330 3383 latum
1346 3335 1549 3383 fueritin
1565 3351 1704 3382 coenae
1730 3333 2066 3383 celebratione.
2087 3331 2208 3381 Nam

165 3410 232 3473 (2)
267 3409 386 3458 Cum
414 3429 582 3477 nempe
603 3410 665 3461 de
694 3415 991 3478 promissione
1008 3414 1103 3464 Eu·
1186 3419 1237 3465 in
1270 3434 1406 3465 coenae
1429 3417 1712 3465 referebatur
1749 3418 1980 3464 institutio
2020 3414 2208 3462 Eucha-

95 3492 314 3540 charistiae
334 3530 347 3552 ,
381 3511 434 3542 ex
453 3493 589 3542 Joan.
617 3512 661 3543 vn
680 3532 693 3555 ‚
724 3506 768 3543 et
800 3497 967 3544 iterum
998 3514 1107 3545 cum
1189 3501 1311 3547 ristae
1336 3499 1396 3547 ad
1427 3498 1717 3547 Sacrificium
1754 3501 1905 3547 crucis
1939 3514 2045 3545 mox
2079 3496 2208 3543 futu-

98 3573 154 3620 de
191 3578 519 3624 communione
566 3577 651 3624 sub
708 3588 902 3644 utraque
956 3581 1105 3644 specie
1187 3599 1290 3629 rum
1317 3619 1331 3641 ,
1354 3584 1404 3630 in
1434 3581 1569 3629 Missa
1599 3582 1794 3630 refertur
1823 3581 1879 3628 ad
1910 3580 2034 3628 idem
2063 3574 2212 3625 Sacri-

100 3669 350 3716 ageremuS.
384 3658 474 3707 Hic
510 3670 666 3708 tamen
706 3661 963 3709 notandum
1009 3671 1106 3720 est,
1193 3664 1351 3712 ficium
1374 3666 1471 3730 jam
1503 3663 1801 3729 praeteritum.

103 3728 381 3789 Sacrificium
431 3741 578 3791 Μίδεω
614 3743 671 3791 ad
698 3741 986 3793 Sacrificium
1013 3759 1115 3793 cru-
