2502 4186
375 245 496 285 cAP.
542 241 581 282 1.
628 243 698 283 nu
740 242 907 283 anm
951 241 1172 283 cuiusn
1215 241 1529 283 rnAEsnnru
1569 242 1631 282 m
1670 242 1923 283 suumn.
2100 220 2214 286 173

103 388 283 468 magis
315 388 760 446 confirmaretur
781 386 981 445 thesiS.
998 387 1160 445 ‘Nam
1201 383 1378 445 verba
1406 410 1423 443 ε
1452 385 1599 444 Hoc-
1621 388 1704 443 est
1733 407 1950 466 corpus
1971 407 2172 448 meum
2192 435 2209 464 7

101 483 259 541 hunc
290 503 527 541 sensum
558 502 678 562 prae
710 502 770 539 se
804 480 1026 540 ferrent
1056 501 1069 536 ε
1109 479 1240 538 Hoc
1274 499 1411 536 sum
1451 500 1549 558 690
1580 481 1704 558 ipse
1739 480 1847 560 (l).

183 575 280 635 53.
328 576 415 635 Ad
440 577 522 633 5ῘΪι
543 620 558 649 7
587 575 737 654 Ney.
766 574 1074 632 nullumin
1093 571 1287 651 lingua
1316 573 1530 652 syriaca
1555 572 1901 634 vocabulum
1931 577 2215 654 inveniri7

103 670 262 753 quod
303 670 498 730 ideam
531 670 926 748 saynifi'candi
968 678 1068 726 aut
1111 669 1585 745 repraesentandi
1622 670 1929 750 exprimat.
1985 673 2217 733 Etenim

104 766 188 825 Cl.
227 766 524 825 Wiseman
559 763 857 844 productis
893 760 1330 823 auctoritatibus
1370 784 1581 843 magno
1626 786 1871 824 numero
1917 768 2213 845 ostendit,

20 861 23 864 ’
102 861 164 919 in
211 881 276 918 ea
324 858 519 937 lingua
558 857 630 915 41
661 903 676 932 7
704 858 823 916 imo
854 857 931 916 54
959 877 1125 918 voces
1152 855 1357 915 haberi
1391 857 1466 916 ad
1495 857 1648 917 hanc
1675 858 1865 918 ideam
1896 882 2218 940 repraesen-

105 958 350 1014 tationis
399 953 844 1033 exprimendam
873 977 888 1025 ς
946 952 1087 1032 quin
1129 951 1305 1010 etiam
1324 996 1339 1025 7
1390 952 1632 1013 ulterius
1685 975 2021 1035 progressus
2042 1000 2057 1030 7
2111 955 2215 1014 de—

105 1058 396 1106 monstrat
417 1049 760 1106 auctoritate
791 1046 1138 1127 scriptorum
1168 1068 1433 1126 syrorum
1455 1093 1470 1121 7
1503 1048 1802 1109 Christum
1833 1049 1943 1109 alia
1974 1051 2215 1110 omnino

103 1143 327 1201 ratione
345 1140 417 1200 ab
441 1163 506 1201 ea
529 1187 545 1217 7
577 1164 754 1224 quam
777 1141 966 1199 tenuit
986 1185 1002 1215 7
1034 1139 1300 1200 debuisse
1324 1141 1503 1202 verba
1526 1144 1787 1225 proferre
1802 1190 1819 1221 7
1850 1146 1895 1203 si
1919 1145 2224 1205 intendis-·

104 1248 191 1296 set
219 1236 404 1295 solum
437 1236 764 1317 symbolum
800 1236 889 1293 sui
928 1235 1196 1316 Corporis
1225 1237 1286 1294 in
1324 1259 1476 1319 pane
1519 1238 1688 1298 nobis
1719 1239 2052 1322 relinquere
2074 1286 2090 1316 7
2126 1264 2221 1302 ex—

105 1331 260 1389 clusa
301 1331 564 1390 realitate
603 1329 709 1409 (2).
750 1328 910 1388 Adde
940 1376 956 1403 7
1001 1351 1237 1390 sensum
1278 1332 1595 1393 verborum
1621 1333 1837 1395 Christi
1862 1358 1894 1394 a
1921 1337 2219 1419 scriptori-

104 1424 212 1484 bus
236 1427 411 1485 sacris
430 1471 447 1501 7
488 1424 588 1506 qui
630 1445 810 1504 graece
838 1425 1199 1507 scripserunt
1223 1471 1239 1502 7
1278 1427 1451 1487 fuisse
1488 1428 1967 1491 determinatum.

121 1690 130 1693 ,
176 1644 237 1708 (1)
275 1640 367 1691 Sed
392 1639 634 1689 audiamus
660 1642 827 1689 iterum
855 1639 1124 1706 Schoettge-

109 1728 239 1773 nium
259 1761 272 1785 7
297 1725 378 1789 qui
402 1722 515 1770 ibid.
539 1739 642 1786 pag.
672 1719 796 1783 2287
823 1721 920 1771 haec
946 1723 1085 1772 habet
1107 1741 1121 1771 :

111 1804 340 1855 Nondum
355 1804 615 1870 probatum
640 1814 710 1851 est
729 1803 875 1864 illud,
897 1806 1126 1853 usitatam

103 1888 256 1952 fuisse
302 1885 489 1935 Judoeis
525 1884 649 1933 lianc
690 1885 951 1951 formulam
997 1904 1011 1935 ε
1054 1889 1125 1941 ΓΠ

109 1979 241 2034 ΠΒΣ)
269 1953 374 2031 ‘m’
410 1976 527 2032 'IDU
562 1976 673 2024 Hoc
698 1983 766 2023 cst
804 1991 976 2041 corpus
1006 1977 1129 2040 aqui

107 2050 319 2130 prise-alis
344 2080 366 2125 7·
411 2061 617 2125 adeoque
677 2074 751 2105 res
795 2056 926 2104 ‘nullo
968 2056 1158 2104 adhuc>

113 2152 392 2210 arqumento
448 2151 515 2190 est
566 2140 829 2190 adstructa.
889 2138 1082 2186 Deinde
1109 2175 1123 2199 7

111 2226 240 2291 quod
279 2241 368 2272 vom
394 2226 514 2282 ῚΞἸ]
560 2223 616 2269 in
646 2220 734 2268 hac
781 2219 1015 2268 locutione
1047 2237 1125 2268 oc-

116 2315 270 2362 currit
289 2351 302 2373 7
340 2312 394 2360 id
421 2328 479 2359 ea·
506 2310 749 2358 idiotismo
779 2307 961 2372 linquae
984 2346 997 2367 7
1031 2309 1128 2355 sci-

113 2396 222 2444 licet
235 2394 430 2443 dialecti
442 2390 846 2458 syro-chaldaicos,
860 2389 1132 2454 quaJudoei

115 2486 233 2525 tuuc
258 2475 480 2542 temporis
501 2473 758 2521 utebantur
773 2509 785 2531 7
810 2470 1130 2519 derivandum

117 2569 184 2608 est
199 2580 218 2619 ;
239 2559 353 2606 dum
381 2572 553 2622 corpus
581 2555 654 2602 rei
667 2570 760 2618 pro
785 2569 836 2600 re
863 2554 971 2618 ipsa
993 2552 1130 2600 disce-

115 2649 243 2702 ruat,
258 2636 652 2705 quemadmodum
667 2639 800 2697 σῶμοι
812 2639 893 2688 τῆς
905 2635 1130 2700 ἁμαρτιας

116 2732 160 2771 et
188 2727 320 2785 σῦμοι
351 2725 430 2770 τοῦ
461 2715 658 2769 θανάτου
697 2717 824 2764 dixit
852 2716 1047 2764 Paulus
1076 2716 1131 2762 in

80 2816 87 2823 ‘
119 2805 274 2869 Epist
294 2804 359 2851 ad
382 2803 517 2851 Rom.
556 2800 880 2848 Observa-mus
889 2815 1033 2863 porro
1049 2814 1131 2846 vo-

120 2902 219 2933 cem
255 2886 352 2961 qu
385 2901 485 2933 uon
521 2883 708 2949 frustra
747 2880 897 2941 addi,
945 2880 1027 2928 sed
1069 2880 1135 2929 ad

122 2973 443 3022 denotandum
458 2971 511 3018 id
530 3008 545 3035 7
574 2969 698 3035 quod
723 2968 894 3017 Latini
918 2965 1042 3017 alias
1059 2967 1134 3015 di-

124 3064 239 3105 cunt
264 3055 343 3103 ille
363 3057 479 3120 ipse.
501 3051 561 3099 Si
588 3067 694 3116 erqo
711 3049 934 3113 Christus
953 3066 1134 3116 panem

118 3136 408 3207 porriqendo
432 3137 658 3184 dimisset:
686 3133 811 3193 ’ΞΠ
872 3137 942 3189 m
962 3178 978 3203 7
1020 3135 1136 3181 Hoc

126 3245 232 3276 sum
247 3243 327 3291 eqo
346 3228 445 3291 ipse
459 3263 471 3283 7
491 3226 728 3293 nimirum
742 3233 864 3272 totus
883 3221 1105 3271 Christus
1119 3259 1132 3283 7

126 3316 394 3374 sequeretur
423 3307 507 3355 hoc
533 3305 794 3355 absurdum
814 3343 827 3365 7
850 3303 975 3369 quod
1002 3305 1137 3352 Pon-

128 3392 298 3456 tificii7
324 3391 370 3437 si
385 3391 494 3454 quis
512 3406 674 3436 eorum
690 3388 975 3447 invenisset,
1006 3402 1138 3434 sum-

130 3489 315 3538 mopere
345 3473 736 3519 exoscularentur
754 3506 767 3530 7
801 3468 1039 3515 uimirum
1070 3474 1138 3515 to-

133 3562 233 3602 tum
253 3554 499 3603 Christum
517 3570 626 3603 cum
656 3551 749 3600 solo
757 3566 888 3617 pane
907 3547 1137 3598 exhiberi.

136 3635 306 3685 Auctor
330 3655 463 3702 porro
483 3674 498 3699 7
523 3638 603 3703 qui
624 3636 721 3684 haec
747 3633 937 3694 scribit,
970 3640 1036 3680 est
1065 3630 1141 3678 lu-

136 3719 370 3768 theranus.

1277 1646 1341 1707 (2)
1378 1645 1479 1695 Csr.
1510 1650 1560 1695 in
1591 1649 1773 1698 erudito
1817 1667 1893 1715 op.
1940 1653 2020 1700 cit.
2068 1650 2222 1701 Horae

1209 1729 1442 1791 syriacoe,
1471 1726 1524 1795 §ss
1535 1746 1582 1777 ιν
1599 1740 1641 1778 et
1656 1746 1788 1798 seqq.
1819 1730 2023 1797 Scopam
2042 1771 2056 1794 7
2076 1752 2222 1800 quem

1209 1809 1298 1857 sibi
1338 1814 1612 1876 proposuit,
1651 1822 1779 1861 tauta
1813 1817 2140 1864 auctoritatum
2178 1826 2224 1865 et

1210 1893 1530 1958 exemplorum
1552 1897 1682 1960 copia
1709 1895 1945 1959 obtinuit,
1983 1907 2036 1946 ut
2066 1898 2224 1947 Horne

1210 1976 1260 2021 in
1289 1990 1352 2023 vn
1380 1976 1581 2025 editione
1611 1978 1965 2027 introductionis
1985 1997 2078 2028 suae
2098 1984 2223 2045 peni-

1210 2066 1283 2104 tus
1350 2058 1584 2106 sustulerit
1650 2062 1948 2109 assertionem
2018 2061 2220 2110 doctoris

1212 2138 1376 2188 Clarke
1399 2176 1414 2200 7
1461 2141 1585 2206 quod
1628 2138 1787 2206 lingua
1829 2145 2000 2207 syriaca
2044 2144 2224 2194 nullam

1210 2237 1371 2269 vocem
1414 2221 1587 2271 habeat
1616 2222 1673 2270 ad
1692 2225 2042 2288 exprimendam
2065 2227 2219 2275 ideam

1210 2303 1600 2366 repraesentandi.
1631 2297 1759 2351 Inter
1786 2315 1956 2354 ceteros
1974 2306 2224 2371 'scriptores

1212 2399 1342 2449 syros
1373 2422 1386 2445 7
1436 2402 1553 2450 quos
1598 2386 1788 2433 adducit
1818 2386 1892 2435 Cl.
1938 2386 2179 2437 Wiseman
2204 2425 2220 2449 7

1212 2467 1383 2514 eminet
1445 2463 1497 2516 S.
1555 2466 1816 2515 lilarutlzas
1882 2467 2224 2533 Tanqriteusis

1213 2548 1488 2614 Episcopus7
1507 2551 1587 2615 qui
1603 2550 1759 2596 floruit
1775 2549 1860 2598 sub
1880 2550 2020 2599 finem
2035 2567 2124 2601 sec.
2145 2570 2192 2599 ιν
2207 2591 2222 2614 7

1214 2633 1388 2696 quique
1415 2633 1465 2678 in
1497 2630 1851 2679 Commentario
1878 2632 1943 2680 ad
1960 2632 2227 2698 Evanqelia

1214 2795 1346 2855 dens,
1363 2798 1424 2843 ita
1435 2795 1594 2843 scribit
1615 2790 1877 2845 :Proete'rea
1890 2798 2033 2844 etiam
2040 2798 2228 2863 privati

1207 2878 1415 2942 fuissent
1434 2878 1764 2925 communione
1785 2876 2010 2943 Corporis
2037 2888 2083 2927 et
2097 2877 2228 2930 San-

1181 2955 1184 2958 ⁴
1212 2960 1382 3024 quinis
1403 2958 1566 3022 fideles
1576 2960 1863 3024 posteriores
1894 2961 2010 3024 (nisi
2036 2960 2125 3008 hoc
2140 2957 2226 3009 Sa-

1217 3050 1504 3090 cramentum
1531 3041 1740 3089 Christus
1774 3042 2107 3104 instituisset);
2148 3041 2231 3088 sed

1216 3140 1382 3183 nunc,
1427 3110 1913 3187 quotiescumque'ad
1946 3122 2131 3189 Corpus
2185 3131 2231 3170 et

1217 3203 1259 3253 S
1261 3207 1522 3270 anquiuem
1537 3205 1824 3265 accedimus,
1842 3212 1887 3252 et
1903 3221 2231 3271 supermauus

1219 3297 1405 3335 nostras
1432 3289 1701 3353 accipimus
1721 3322 1736 3350 7
1768 3288 1839 3335 sic
1868 3286 2110 3335 credimus
2144 3303 2231 3335 nos

1220 3385 1392 3436 corpus
1414 3369 1638 3436 amplecti
1653 3406 1666 3429 7
1701 3377 1745 3416 et
1771 3385 1858 3416 uos
1888 3370 2052 3417 caruis
2071 3370 2174 3435 ejus
2188 3376 2233 3415 et

1221 3453 1401 3500 ossium
1433 3453 1536 3517 ejus
1567 3451 1857 3516 (participes
1884 3450 2055 3514 fieri),
2078 3451 2232 3514 juata

1221 3534 1278 3581 id
1289 3533 1414 3599 quod
1426 3535 1657 3598 scriptum
1672 3541 1757 3582 est.
1779 3531 1831 3579 E
1833 3534 1935 3580 nim
1949 3548 2055 3579 vero
2073 3530 2231 3579 Chris-

1222 3625 1300 3665 tus
1333 3614 1458 3663 illud
1498 3631 1597 3662 uon
1639 3613 1898 3680 appellavit
1932 3621 2102 3677 typum
2147 3619 2235 3659 aut

1219 3690 1429 3764 fiquram
1445 3733 1459 3761 ,
1476 3696 1558 3745 sed
1575 3696 1739 3760 (dixit)
1765 3712 1779 3744 τ
1803 3711 1907 3743 vere
1927 3692 2013 3743 Ιιοσ
2037 3701 2104 3741 est
2121 3692 2231 3742 Cor-
