2502 4186
2089 214 2210 275 239

332 241 453 282 CAP.
498 241 581 279 111.
627 243 696 279 DE
738 241 808 277 EO
851 240 1001 292 QUOD
1030 240 1131 277 SUB
1175 238 1451 290 QUALIBET
1495 237 1737 275 SACRAM.
1782 238 1902 276 ETC.

88 387 164 447 ad
188 407 365 467 quem
396 396 677 464 aegrotans
706 382 970 443 sacerdos
989 429 1005 457 7
1032 403 1105 441 ex
1134 381 1398 462 Episcopi
1431 379 1808 440 Alexandrini
1835 380 2175 462 praescripto
2192 424 2209 455 7

87 502 316 541 sacrum
351 479 611 538 edulium
657 478 765 538 sub
808 478 977 536 unica
1016 477 1184 558 panis
1225 476 1416 555 specie
1454 475 1610 534 misit
1652 476 1778 555 (1),
1824 497 1932 536 nec
1977 498 2101 535 non
2139 497 2213 535 ex

87 577 207 638 vita
232 577 288 633 S.
311 575 601 634 Ambrosii
623 619 638 646 7
668 573 741 632 ad
757 594 935 654 quem
954 572 1171 654 pariter
1188 570 1446 627 animam
1464 582 1739 649 agentem
1756 615 1770 642 ‚
1797 582 1944 630 teste
1973 570 2216 631 Paulino

88 676 210 750 ejus
237 670 558 751 biographo
587 716 601 742 ,
633 671 690 727 S.
719 670 1052 728 Honoratus
1079 665 1399 746 Episcopus
1429 664 1804 725 Vercellensis
1833 668 2046 725 detulit
2083 668 2217 727 Do-

89 772 254 825 mini
271 767 502 844 Corycus
525 809 539 838 7
574 766 736 842 quod
758 766 870 823 uhi
901 765 1129 840 accepit
1149 781 1221 817 ac
1246 762 1528 841 ylutc‘vz't,
1557 764 1756 819 emisit
1783 765 2074 839 spiritum
2100 763 2210 842 (2).

179 860 314 918 190.
367 860 437 918 ΙΙἱι
472 858 878 939 complectitur
901 854 1377 917 communionem
1403 854 1785 935 parvulorum
1812 876 1824 912 :
1854 857 2015 914 testis
2050 857 2211 915 enim

88 966 176 1015 est
197 955 258 1011 in
279 953 482 1034 primis
499 954 555 1010 S.
577 954 925 1035 Cyprianu33
954 951 1052 1032 qui
1072 949 1274 1023 refert7
1295 949 1553 1029 puellam
1577 950 1894 1032 quamdam
1917 951 2218 1032 continere

91 1048 404 1110 visceribus
441 1071 560 1108 non
586 1050 839 1130 potuisse
860 1044 1280 1105 Eucharistiam
1331 1044 1440 1104 sibi
1477 1046 1801 1127 praestitam
1829 1091 1844 1120 7
1900 1057 2214 1127 postquam

88 1155 420 1223 gustaverat
443 1143 517 1203 de
538 1143 830 1222 idolotytis
847 1186 862 1214 7
889 1152 948 1200 et
985 1139 1176 1198 solum
1199 1152 1619 1199 commemorat
1642 1140 1878 1200 calicem
1901 1141 2012 1222 (3).
2044 1140 2207 1201 Idem

88 1260 215 1297 mos
238 1238 429 1297 adhuc
450 1240 737 1298 retinetur
763 1237 826 1294 in
849 1234 1093 1294 Ecclesia
1122 1255 1302 1314 graeca
1334 1234 1478 1294 etin
1507 1235 1768 1295 Ecclesiis
1789 1236 2169 1296 orientalibus
2195 1282 2211 1311 7

91 1334 176 1391 uti
227 1345 518 1392 testantur
561 1331 842 1391 Arcudius
876 1330 998 1410 (4),
1037 1329 1277 1389 Allatius
1317 1330 1406 1411 (5)
1456 1341 1632 1412 atque
1671 1332 1913 1390 Goarius
1955 1332 2063 1413 (6).
2091 1332 2221 1392 Pari

92 1429 317 1487 ratione
358 1428 516 1488 idem
549 1427 692 1485 ritus
737 1425 960 1484 tamdiu
995 1424 1151 1506 apud
1181 1425 1414 1484 Latinos
1445 1424 1698 1484 obtinuit
1720 1472 1737 1502 7
1774 1427 2058 1508 quamdiu
2103 1429 2222 1487 Eu-

91 1522 361 1583 charistia
387 1523 584 1582 statim
605 1533 737 1604 post
759 1522 1122 1602 Baptismum
1147 1518 1553 1579 administrata
1582 1532 1669 1582 est
1692 1521 1782 1600 (7)
1807 1546 1823 1594 ς
1868 1523 2001 1605 quia
2032 1568 2048 1597 7
2079 1544 2215 1583 cum

90 1640 210 1700 prae
254 1618 466 1678 tenella
499 1628 671 1676 aetate
711 1637 929 1698 panem
973 1616 1226 1673 infantes
1265 1614 1554 1695 suscipere
1586 1637 1707 1674 non
1743 1627 2021 1697 possent,
2066 1617 2221 1676 solus

92 1715 330 1793 Sanguis
375 1714 554 1793 digito
590 1711 902 1771 sacerdotis
946 1710 1197 1769 dabatur
1239 1710 1319 1768 eis
1357 1710 1650 1789 sugendus
1701 1710 1812 1792 (8).

177 1810 311 1866 191.
357 1810 456 1866 ΙΙΡ
492 1808 833 1867 Desumitur
857 1828 928 1866 ex
963 1805 1375 1865 communione
1410 1805 1726 1865 domestica
1762 1806 2025 1867 fidelium
2047 1852 2063 1884 7
2103 1810 2221 1890 qui

90 1905 491 1986 persecutione
529 1905 810 1965 saeviente
855 1904 916 1961 in
949 1903 1212 1985 proprias
1254 1901 1408 1962 aedes
1447 1924 1608 1962 sacra
1644 1902 1797 1963 dona
1844 1903 2215 1979 deferebant,

91 2011 150 2060 et
183 2000 420 2083 quidem
445 1999 554 2059 sub
593 2000 763 2059 unica
799 2000 969 2081 panis
1010 1998 1227 2080 specie,
1257 2019 1388 2056 arca
1431 2007 1495 2056 ut
1541 1998 1865 2081 plurimum
1899 1999 2090 2080 lignea
2118 2002 2220 2059 in-

161 2313 236 2377 (1)
270 2312 405 2379 Apud
434 2313 605 2362 Euseb.
650 2311 789 2361 Hinc.
827 2311 965 2360 Eccl.
1016 2311 1105 2360 lib.
1195 2320 1431 2378 perpetua
1474 2314 1802 2363 consensione.
1841 2314 2010 2364 Colon.
2063 2315 2220 2382 Agrip.

95 2397 175 2443 cit.
205 2412 309 2459 cap.
344 2393 430 2458 44.
819 2401 827 2412 ’
1212 2393 1358 2459 1648.
1388 2394 1487 2443 Cfr.
1509 2396 1569 2442 ad
1598 2395 1703 2443 diss.
1729 2395 1810 2443 De
1827 2393 1984 2445 Missa
2003 2414 2224 2463 proesan-

163 2476 229 2540 (2)
265 2476 326 2525 N.
359 2474 446 2541 47,
466 2479 517 2524 in
542 2477 743 2543 append.
768 2493 875 2542 opp.
910 2476 961 2524 S.
995 2475 1107 2524 Am-
1204 2479 1307 2542 ctis.
1323 2486 1487 2528 annot.
1506 2477 1563 2525 de
1587 2480 1918 2526 communione
1943 2482 2113 2530 orient.
2131 2480 2221 2529 sub

101 2558 263 2619 brosii,
281 2559 390 2606 edit.
408 2558 561 2607 Maur.

168 2639 236 2706 (3)
275 2639 381 2690 Lib.
429 2640 510 2688 De
554 2641 753 2707 Lapsis.
800 2640 910 2689 edit.
949 2639 1108 2690 Maur.

98 2737 207 2787 pag.
250 2720 356 2788 189.
376 2721 452 2771 Sic
469 2725 595 2771 enim
619 2723 776 2771 scribit
796 2740 810 2774 z
841 2721 1115 2770 Reluctanti

98 2802 209 2851 licet
223 2805 423 2869 (puellae)
447 2805 504 2853 de
518 2804 829 2853 Sacramenta
844 2803 1012 2853 calicis
1028 2806 1108 2851 in-

92 2884 245 2949 fudit.
293 2885 435 2934 Tunc
463 2890 679 2951 sequitur
700 2887 940 2953 sinyulcns
963 2896 1008 2935 et
1029 2903 1112 2934 vo-

100 2968 268 3016 mitus.
311 2966 381 3015 In
418 2985 610 3035 corpore
640 2978 779 3034 atque
819 2987 898 3018 ore
937 2969 1113 3018 violato

100 3047 155 3096 E
157 3048 421 3097 acharistia
467 3068 748 3116 permanere
802 3069 900 3100 non
936 3054 1111 3118 potu-it.

101 3128 442 3195 Sanctificatus
457 3134 512 3178 in
538 3131 1006 3198 DomininssSanquine
1018 3151 1108 3200 po-

103 3221 181 3259 tus
205 3213 262 3260 de
266 3213 465 3278 pollutis
476 3216 737 3264 visceribus
751 3219 925 3282 erupit.
949 3217 1114 3265 Tanta

103 3303 172 3342 est
196 3304 401 3360 potestas
427 3296 638 3344 Domini
657 3334 670 3357 7
706 3305 841 3345 tanta
869 3301 1111 3364 majestas.

104 3375 208 3426 Alia
243 3377 451 3443 ejusdem
474 3378 632 3428 Sancti
662 3382 920 3429 testimonia
945 3383 1032 3432 cfr.
1063 3386 1114 3431 in

103 3457 280 3507 Praefat.
319 3462 426 3509 edit.
461 3462 614 3510 Maur.
648 3460 700 3528 §§
729 3464 786 3511 13
817 3474 861 3511 et
902 3462 975 3527 14.

173 3542 241 3604 (lo)
267 3545 348 3590 De
365 3544 621 3592 concordia
640 3544 869 3593 Ecclesiae
882 3545 1111 3594 occident.

106 3608 152 3667 et
179 3625 348 3672 orient.
369 3626 455 3674 lib.
494 3644 566 3687 111,
600 3644 704 3692 cap.
741 3625 824 3690 40.

181 3703 244 3768 (ὅ)
279 3705 360 3754 De
399 3706 631 3757 Ecclesiae
655 3709 809 3759 occid.
836 3718 933 3774 atq.
957 3711 1115 3759 orient

1205 2561 1353 2608 unica
1386 2561 1572 2626 specie,
1604 2571 1787 2610 auctore
1816 2561 2033 2611 Bartoldo
2069 2563 2222 2613 Nihu-

1206 2644 1274 2698 sio
1293 2680 1306 2701 7
1323 2652 1366 2690 et
1382 2642 1549 2691 Leonis
1565 2641 1724 2691 allatii
1738 2644 1794 2692 ad
1809 2644 2060 2694 Nihusium
2080 2649 2215 2712 epist.

1205 2725 1323 2772 duae.

1275 2807 1338 2869 (6)
1356 2806 1757 2856 lbid.Aetentatio
1771 2809 1882 2856 Jac.
1902 2805 2090 2870 Goarii,
2110 2809 2219 2860 Ord.

1206 2890 1359 2938 Praed.
1393 2900 1439 2938 et
1478 2891 1530 2937 in
1560 2888 1858 2954 Eucholoqio
1883 2893 1932 2938 in
1967 2895 2088 2939 notis
2130 2890 2221 2958 178

1207 2981 1251 3019 et
1287 2989 1418 3037 seqq.
1459 2971 1518 3020 ad
1556 2971 1744 3020 Missam
1788 2971 1840 3021 S.
1889 2972 2025 3022 Joan.
2075 2974 2223 3039 Chry-

1208 3055 1409 3103 sostomi.

1275 3135 1339 3197 (7)
1380 3135 1477 3183 Cfr.
1528 3133 1716 3184 Haiden
1762 3138 1812 3183 in
1863 3135 1975 3183 diss.
2026 3137 2104 3183 cit.
2142 3136 2223 3185 De

1206 3220 1428 3267 instituto
1458 3216 1692 3265 Ecclesiae
1731 3217 2032 3282 infantibus,
2066 3228 2152 3267 etc.
2202 3214 2208 3223 ⁴

1277 3300 1342 3363 (8)
1381 3300 1520 3349 Hunc
1580 3318 1716 3348 usum
1766 3309 1956 3348 testatur
2009 3299 2145 3365 Hugo
2196 3318 2220 3348 a

1208 3380 1256 3430 S.
1276 3382 1479 3443 Victore,
1501 3381 1584 3429 De
1598 3383 1815 3430 Sacram.
1837 3380 1927 3430 lib.
1954 3398 1991 3441 1,
2010 3399 2113 3446 cap.
2134 3397 2220 3441 20,

1209 3465 1281 3512 his
1309 3465 1457 3512 verbis
1495 3481 1509 3512 ε
1542 3464 1722 3512 Pueris
1751 3479 1915 3511 recens
1933 3464 2066 3511 natis
2093 3462 2222 3510 idem

1210 3547 1577 3597 Sacramentum
1605 3550 1661 3595 in
1688 3549 1842 3613 specie
1866 3548 2125 3609 sanquinis
2156 3553 2224 3592 est

1201 3630 1592 3700 *ministrandam
1614 3629 1761 3694 diqito
1777 3628 2051 3676 sacerdotis.
2087 3626 2221 3695 Quia

1212 3711 1330 3761 tales
1353 3711 1646 3761 naturaliter
1670 3727 1836 3775 suqere
1855 3712 2087 3774 possunt.'
