2502 4186
348 262 427 327 54
500 330 502 332 ,
1013 278 1330 319 τιᾼοτΑτσε
1371 279 1438 315 nn
1479 275 1766 320 suusne.

431 422 569 482 124.
617 423 786 502 Resp.
821 418 912 480 Ad
945 419 1071 493 111¹,
1097 421 1254 479 Dist.
1305 420 1375 479 In
1420 418 1632 479 adultis
1677 418 1941 480 nondum
1980 421 2282 505 baptizatis
2306 470 2322 499 ‚
2370 436 2431 486 et

350 517 589 600 quidem
623 512 911 574 erroribus
944 524 1004 572 et
1031 513 1184 573 falsis
1220 512 1584 597 opinionibus
1608 515 2010 596 praeoccupatis
2034 561 2050 590 ,
2085 527 2270 578 trans.
2303 519 2427 598 (l);

349 612 412 670 in
450 607 705 691 parvulis
746 606 1049 688 baptizatis
1094 619 1154 668 et
1190 609 1287 670 vix
1332 609 1568 668 rationis
1608 630 1779 667 usum
1830 610 2134 685 assecutis,
2178 633 2305 691 neq.
2354 613 2433 672 Ut

346 714 513 785 patet
539 723 609 761 ex
645 700 844 775 dictis3
887 702 1213 782 praesertim
1238 723 1368 760 cum
1397 702 1594 783 pueri,
1625 702 1945 783 anticipatis
1973 704 2199 781 judiciis
2229 705 2393 764 vacui
2414 749 2434 780 ,

347 799 473 880 ipso
501 808 723 856 naturae
746 795 965 856 lumine
990 796 1148 856 facile
1170 797 1496 878 intelligant
1518 842 1533 871 ,
1565 796 1720 877 quod
1742 796 1929 855 aiebat
1962 800 2019 856 S.
2051 799 2394 878 Augustinus
2416 843 2432 873 ,

348 893 580 952 esse‘ab
610 895 736 970 apso
762 893 882 951 Deo
911 896 1323 950 auctoritatem
1357 893 1626 970 aliquam
1661 895 2037 950 constitutam
2059 937 2074 964 ,
2111 915 2224 971 quo
2256 895 2441 951 veluti

342 988 544 1094 ⁸qradu
593 996 747 1044 certo
784 990 1102 1044 innitentes
1135 988 1501 1045 adtollamur
1537 990 1607 1043 in
1651 987 1844 1044 Deum
1892 986 2002 1064 (2).
2042 989 2343 1062 Profecto
2390 986 2438 1045 si

353 1081 477 1160 ipse
516 1078 862 1158 Augustinus
886 1083 1010 1157 jam
1042 1078 1271 1138 adultus
1304 1079 1375 1138 de
1400 1100 1460 1138 se
1485 1078 1906 1161 profitebatur.
1934 1083 2059 1159 Ε9ο
2083 1102 2213 1140 vero
2235 1082 2438 1141 Evan-

346 1175 498 1254 9elz’o
537 1193 658 1231 non
698 1175 1037 1245 crederem,
1092 1178 1221 1232 nisi
1259 1196 1349 1232 me
1397 1174 1704 1233 Catholwoe
1751 1173 2031 1232 Eeeleszoe
2068 1183 2445 1234 commoveret

353 1270 680 1326 auctoritas
722 1266 843 1344 (3),
880 1278 1098 1346 quanto
1128 1267 1307 1344 magis
1336 1266 1456 1329 hacc
1489 1267 1690 1326 eadem
1733 1266 1989 1325 Ecclesiae
2023 1269 2326 1326 auctoritas
2356 1287 2443 1326 ac-

355 1359 786 1420 commodatum
809 1370 869 1417 et
897 1358 1182 1416 sufficiens
1208 1359 1493 1417 motivum
1520 1361 1630 1418 erit
1656 1360 1978 1419 infirmitati
2005 1371 2062 1419 et
2088 1360 2444 1442 simplicitati

356 1455 557 1536 pueri,
593 1451 1185 1533 ad‘supernaturalem
1201 1455 1517 1533 praesertim
1541 1451 1805 1511 ordinem
1827 1475 1932 1533 per
1955 1455 2311 1536 Baptismum
2325 1459 2448 1533 jam

361 1549 580 1622 evecti,
627 1558 694 1605 ut
721 1547 856 1606 fidei
886 1545 1110 1624 objecta
1140 1547 1420 1628 percipiat
1454 1558 1723 1627 certoque
1759 1548 2001 1608 credat?

445 1643 582 1701 125.
631 1642 718 1701 Ad
765 1642 884 1716 2¹1¹,
940 1641 1091 1720 Ν69.
1154 1640 1249 1701 vel
1299 1642 1457 1700 Dist.
1506 1642 1563 1699 Si
1608 1642 1701 1699 isti
1760 1643 1925 1723 pueri
1973 1643 2036 1700 in
2084 1644 2273 1729 primo
2320 1642 2455 1773 fidei

361 1749 492 1797 actu
532 1757 731 1797 veram
779 1734 1088 1798 Ecclesiam
1128 1756 1160 1794 a
1191 1734 1346 1794 falsis
1394 1734 1744 1815 distinguere
1792 1735 2108 1811 deberent,
2164 1759 2323 1796 eone.
2409 1738 2456 1795 si

360 1830 558 1913 plures
597 1851 717 1890 esse
758 1830 1231 1903 communioneS,
1274 1851 1402 1911 quae
1443 1829 1552 1888 sibi
1588 1829 1846 1890 Ecclesiae
1876 1853 2094 1890 nomen
2128 1762 2454 1912 usurpent,

361 1947 438 1984 ne
466 1925 826 2006 suspicentur
855 1924 1089 2006 quidem
1116 1969 1133 2000 ,
1173 1945 1272 1983 seu
1300 1925 1568 2003 ignorent
1595 1970 1611 1999 ,
1661 1946 1790 2004 neq.
1820 1927 1954 1984 Jam
1982 1947 2121 1987 vero
2155 1947 2335 2006 puero
2363 1928 2462 1984 Ec-

369 2018 552 2079 clesiae
599 2018 764 2078 dotes
806 2030 865 2078 et
915 2020 1299 2101 proprietates
1343 2018 1736 2100 explicantur,
1791 2040 1861 2078 ex
1897 2019 2105 2101 quibus
2148 2019 2457 2097 intelligit,

373 2126 593 2194 quanto
633 2114 706 2172 sit
741 2136 772 2172 a
805 2116 922 2173 Deo
966 2126 1165 2173 auctus
1207 2114 1485 2174 beneficio
1513 2159 1529 2188 ,
1569 2115 1658 2173 cui
1703 2115 1936 2193 contigit
1980 2114 2043 2171 in
2097 2135 2162 2172 ea
2205 2113 2362 2170 nasci
2404 2123 2462 2171 et

368 2208 632 2282 institui,
681 2209 822 2289 quin
860 2207 1101 2267 ulterius
1144 2219 1384 2289 quaerat.
1424 2209 1578 2266 Num
1614 2209 1770 2266 enim
1793 2253 1808 2281 ,
1850 2220 1916 2265 ut
1945 2207 2223 2266 silvestris
2258 2208 2463 2265 ameri-

370 2323 545 2362 canus
578 2324 748 2363 verus
783 2303 1125 2361 christianus
1155 2305 1254 2360 fiat
1276 2348 1291 2372 ,
1333 2323 1564 2361 necesse
1600 2312 1686 2360 est
1706 2347 1721 2376 ,
1766 2312 1831 2359 ut
1858 2301 1967 2381 ipsi
1998 2300 2307 2360 discrimen
2332 2322 2462 2380 pro-

367 2408 619 2479 ponatur
639 2440 655 2470 ,
684 2395 839 2476 quod
872 2396 1027 2454 inter
1069 2396 1403 2475 religionem
1436 2396 1808 2455 christianam
1846 2407 2140 2476 sectasque
2173 2395 2464 2477 judaicam

374 2503 435 2551 et
473 2492 837 2550 islamiticam
883 2490 1234 2551 intercedit?
1282 2494 1482 2572 Neque
1521 2491 1630 2572 ipsi
1680 2493 2066 2550 protestantes
2103 2489 2174 2554 ,id
2221 2501 2464 2549 conten-

373 2584 523 2653 dunt
565 2586 678 2666 (4).

457 2681 594 2739 126.
643 2682 854 2739 Verum
876 2725 893 2754 ,
920 2692 988 2739 ut
1022 2681 1294 2740 radicitus
1318 2679 1446 2738 hoec
1484 2677 1791 2737 difficultas
1835 2676 2226 2762 convellatur,
2254 2679 2470 2754 juverit

377 2795 505 2834 rem
553 2786 736 2833 totam
775 2797 806 2833 a
841 2777 957 2833 suis
1009 2776 1298 2856 principiis
1335 2781 1614 2854 repetere.
1670 2774 1747 2831 Ac
1798 2773 1984 2854 primo
2040 2773 2221 2830 instar
2256 2772 2469 2830 funda-

379 2870 565 2928 menti
598 2869 938 2950 ponendum
976 2881 1062 2929 est
1090 2915 1105 2944 ,
1149 2868 1339 2950 quod,
1388 2871 1733 2949 quicumque
1770 2867 1832 2924 in
1860 2866 2097 2926 diversis
2134 2867 2301 2925 sectis
2334 2887 2471 2925 nas-

377 2973 588 3021 cuntur
625 2975 682 3021 et
719 2962 1124 3044 baptizantur,
1166 2964 1228 3021 in
1270 2979 1468 3024 veram
1499 2961 1710 3020 Christi
1745 2960 2048 3020 Ecclesiam
2085 2971 2465 3040 cooptentur,

379 3076 504 3137 quae
529 3067 615 3116 est
630 3057 870 3117 Ecclesia
898 3057 1207 3117 Catholica.
1239 3056 1481 3130 Quando
1508 3056 1604 3114 isti
1634 3055 1993 3129 adolescunt,
2012 3066 2070 3113 et
2091 3055 2226 3136 ipsis
2253 3053 2470 3135 pariter

450 3247 520 3311 (l)
555 3248 802 3296 Transmisi
838 3246 1047 3312 primum
1080 3247 1384 3295 distinctionis
1466 3245 1617 3309 plures
1648 3245 1939 3301 crediderunt
1965 3244 2139 3310 absque
2175 3245 2410 3302 examine,
2441 3260 2466 3290 a

381 3329 643 3377 membrum
663 3365 678 3389 ,
708 3331 816 3395 quia
851 3346 1004 3394 neque
1033 3330 1083 3375 in
1120 3327 1286 3376 adultis
1312 3327 1388 3375 ab·
1469 3330 1606 3393 gratia
1634 3324 1717 3375 Dei
1743 3327 1892 3374 subito
1919 3327 2127 3374 illustrati
2157 3342 2210 3372 ac
2237 3327 2365 3371 moti.

382 3411 528 3459 solute
587 3427 767 3459 necesse
815 3420 881 3458 est
911 3446 924 3469 ,
971 3419 1022 3457 ut
1058 3425 1239 3474 semper
1286 3425 1390 3455 exa·
1540 3407 1612 3473 (Ξ)
1645 3408 1746 3456 Lib.
1765 3407 1845 3455 De
1858 3407 2063 3455 utilitate
2077 3405 2300 3453 credendi
2319 3441 2330 3464 ‚
2358 3422 2465 3470 cap.

387 3509 494 3539 men
546 3492 764 3556 praecedat
813 3491 973 3539 fidem.
1027 3490 1149 3538 Hine
1203 3490 1393 3536 Bossue-
1474 3507 1573 3546 ενι,
1613 3509 1659 3536 n.
1694 3487 1775 3551 34.

382 3583 455 3622 tus
489 3591 584 3621 non
632 3575 784 3620 minus
826 3590 928 3621 vere
979 3590 1119 3638 quam
1163 3571 1390 3636 prosunde
1538 3571 1599 3634 (3)
1641 3570 1816 3617 Contra
1844 3570 1980 3634 epist.
2013 3566 2258 3615 Fundam.
2292 3585 2339 3614 n.
2369 3564 2416 3614 6.

383 3654 527 3703 dixit:
554 3653 754 3703 Necesse
776 3654 874 3701 non
904 3661 989 3714 est,
1008 3661 1060 3700 ut
1084 3669 1266 3717 semper
1278 3668 1392 3699 esca-
1540 3651 1611 3718 (la)
1647 3651 1745 3700 cfr.
1786 3649 2032 3714 Spedalieri
2059 3685 2071 3707 ‚
2122 3646 2322 3694 Analisi
2365 3646 2469 3694 dell’

383 3736 620 3796 minetur,
658 3736 946 3800 priusquam
974 3724 1211 3784 credatur.
1274 3733 1394 3782 Sane
1481 3750 1634 3783 esame
1653 3734 1817 3781 critico
1850 3730 1904 3778 di
1931 3729 2130 3789 Freret,
2165 3729 2256 3777 loc.
2289 3730 2366 3776 cit.
