2502 4186
650 168 769 210 CAP.
816 169 890 210 Vl.
937 170 1004 207 DE
1046 169 1297 208 BAPTISMI
1335 166 1682 206 EFFECTIBUS.
2123 153 2196 210 81

206 317 339 377 176.
387 313 475 374 Ad
492 314 594 390 211¹,
619 314 768 393 Neq.
803 310 1174 371 Probationes
1195 355 1210 384 ‚
1236 332 1362 390 quae
1388 331 1420 369 a
1453 308 1619 368 nobis
1650 308 1836 367 allatae
1860 321 1996 369 sunt
2018 355 2034 385 ‚
2068 332 2199 372 con·

123 413 362 472 trarium
384 412 680 473 evincunt.
705 411 822 468 Nec
848 407 1010 467 obest
1029 452 1046 481 .,
1069 407 1226 487 quod
1249 407 1309 463 in
1331 405 1605 485 singulari
1637 403 1855 462 dictum
1879 405 1985 464 sit:
2016 407 2200 479 Ecce,

120 512 234 586 qui
255 509 402 564 tollit
419 515 729 585 peccatum
755 504 973 561 mundi
985 525 1003 567 ;
1034 500 1126 557 hic
1156 499 1314 557 enim
1348 509 1646 579 peecatum
1678 497 1956 576 significat
1989 521 2201 578 geum,

122 622 187 661 ac
221 602 466 659 sumitur
505 620 609 680 pro
648 597 850 678 quovis
890 603 1118 677 peccato
1150 592 1261 672 (l).

199 696 338 763 1177.
384 694 470 753 Ad
512 693 618 766 3¹¹¹,
651 694 804 751 Dist.
834 692 1124 763 Quatenus
1161 685 1336 743 homo
1370 685 1433 743 in
1462 684 1678 766 Spiritu
1707 706 1812 766 per
1842 689 2204 769 Baptismum

121 790 470 861 renascitur,
506 787 606 867 qui
641 786 797 866 prius
824 785 886 842 in
914 801 1081 841 carne
1106 790 1276 838 natus
1319 790 1473 852 erat,
1513 800 1702 845 cono.‚·
1742 791 2023 860 quatenus
2055 783 2205 846 illud

119 883 306 943 solum
333 881 588 955 deletur⁷
622 879 777 961 quod
807 879 869 937 in
897 874 1074 958 priori
1113 873 1480 951 generatione
1506 871 1605 930 ille
1633 883 1996 932 contraxerat
2015 921 2031 942 ,
2068 899 2199 958 neq.

118 974 421 1058 Apostolus
459 974 649 1048 enim,
680 972 753 1032 ad
787 973 946 1029 Rom.
982 968 1028 1026 V
1049 1011 1065 1040 ,
1105 966 1211 1040 15,
1244 965 1440 1024 scribit
1479 988 1492 1023 z
1529 966 1670 1025 Non
1703 970 1863 1025 sicut
1887 969 2166 1030 delictum
2186 1016 2203 1047 ‚

118 1074 205 1129 ita
240 1081 294 1128 et
321 1071 608 1128 donum...
653 1086 798 1124 narn
831 1062 1151 1141 judicium
1192 1062 1434 1140 quidem
1477 1082 1546 1119 em
1587 1082 1706 1119 uno
1745 1066 1815 1120 in
1851 1065 2209 1134 condemna-

117 1167 335 1222 tionem
352 1186 371 1230 ,·
405 1167 612 1242 qratia
647 1163 843 1217 autem
878 1176 950 1214 ea·
978 1157 1185 1214 multis
1214 1155 1442 1213 delictis
1479 1158 1546 1212 in
1558 1158 2077 1234 justificationem.

203 1257 340 1316 178.
388 1256 476 1316 Ad
501 1255 583 1312 Am
603 1296 620 1325 ,
652 1253 807 1311 Dist.
851 1248 1178 1308 Tribuenda
1218 1260 1306 1308 est
1338 1248 1693 1329 poenitentiae
1731 1251 2103 1329 dispositive,
2137 1264 2206 1314 ut

117 1353 313 1424 aiunt,
346 1372 443 1410 seu
483 1359 756 1427 tanquam
795 1343 1106 1404 conditioni
1140 1344 1261 1404 sine
1297 1365 1409 1425 qua
1448 1365 1603 1419 non,
1651 1366 1845 1413 conc.;
1890 1347 2203 1409 efficienter

118 1469 219 1507 seu
245 1443 554 1504 formaliter
573 1487 589 1516 a
624 1463 750 1521 neq.

202 1539 333 1598 179.
381 1535 467 1595 Ad
493 1535 606 1611 5¹1¹,
631 1537 786 1594 Dist.
818 1536 884 1593 In
908 1533 1015 1592 hac
1043 1534 1163 1594 vita
1194 1533 1269 1592 ad
1302 1553 1545 1612 agonem
1578 1543 1638 1592 et
1671 1534 1747 1592 ad.
1770 1538 2047 1612 majorem
2071 1558 2205 1597 cum

118 1632 341 1692 Christo
375 1629 830 1688 uniformitatem
867 1628 993 1706 (2),
1024 1649 1212 1694 conc.;
1245 1628 1307 1684 in
1342 1626 1520 1685 altera
1557 1627 1674 1686 vita
1694 1673 1709 1702 a
1746 1650 1874 1707 neq.

195 1725 332 1783 180.
382 1722 467 1783 Ad
496 1725 599 1796 6111,
629 1725 782 1782 Dist.
816 1720 1046 1780 Sublata
1084 1732 1170 1780 est
1200 1741 1364 1780 causa
1395 1722 1455 1778 in
1485 1741 1757 1802 persona,
1787 1744 1975 1790 conc.;
2003 1724 2064 1781 in
2095 1746 2205 1785 na—

112 1829 238 1878 tura
258 1863 274 1891 ‚
318 1837 442 1899 quae
471 1817 672 1877 vitiata
714 1827 800 1875 est
821 1861 838 1888 ‚
876 1836 1064 1897 neque
1099 1816 1160 1874 in
1190 1815 1461 1896 praesenti
1492 1815 1610 1874 vita
1640 1815 1713 1874 ad
1747 1817 2141 1895 integritatem
2168 1841 2203 1879 a

99 1913 338 1972 *Christo
372 1911 637 1972 restituta
657 1956 674 1987 ,
708 1932 836 1991 neq.
867 1909 993 1990 (3);
1040 1921 1212 1992 atque
1245 1900 1380 1968 hinc
1411 1908 1586 1968 etiam
1626 1909 1772 1968 ratio
1798 1922 1994 1992 patet⁷
2023 1933 2203 1994 quare

117 2148 221 2198 quae
250 2129 490 2180 docuimus
525 2132 794 2181 confirmare
843 2132 1109 2180 auctoritate

117 2212 166 2260 S.
212 2211 455 2278 Augustini
485 2249 500 2272 ,
547 2215 679 2278 cujus
733 2212 868 2260 verba
894 2248 907 2271 ‚
953 2210 1110 2277 Epist.

118 2310 328 2342 czxxxvu
348 2331 361 2352 ‚
394 2293 458 2341 ad
480 2292 639 2341 Dard.
661 2310 761 2357 cap.
786 2308 866 2341 vm
885 2329 898 2352 ‚
929 2310 979 2341 11.
1011 2291 1106 2359 76,

116 2374 473 2423 luculentissima
495 2384 601 2422 sunt
628 2389 642 2420 ε
671 2372 900 2421 Dicimus
925 2390 1030 2437 erqo
1056 2374 1111 2419 in

114 2454 373 2520 baptizatis
398 2454 650 2519 parvulis‚·
680 2455 899 2518 quamvis
922 2454 977 2501 id
1002 2470 1111 2501 nes-

115 2537 283 2595 ciant,
328 2534 540 2583 habitare
575 2532 819 2599 Spiritum
860 2534 1104 2582 Sanctum.

107 2612 204 2664 ‘Sic
217 2618 344 2664 enim
361 2611 467 2664 eum
484 2617 705 2663 nesciunt
718 2651 730 2674 ‚
746 2617 962 2678 quamvis
978 2617 1041 2662 sit
1053 2616 1110 2662 in

117 2699 205 2758 eis,
219 2697 607 2762 quemadmodum
620 2699 839 2744 nesciunt
852 2703 896 2743 et
907 2705 1109 2743 mentem

120 2794 256 2824 suam
266 2779 432 2841 ;cujus
444 2780 500 2826 in
514 2779 582 2826 eis
595 2779 719 2826 ratio
735 2814 748 2837 ,
768 2793 863 2841 qua
890 2779 964 2825 uti
989 2793 1109 2824 non-

120 2857 235 2904 dum
253 2865 479 2922 possunt,
512 2857 639 2906 velut
667 2857 886 2922 quaedam
900 2857 1108 2905 scintilla

119 2940 271 3003 sopita
300 2946 395 2998 est,
425 2939 674 2987 excitanda
699 2941 850 2987 oetatis
868 2956 1073 2987 accessu.

187 3018 250 3082 (l)
286 3018 339 3065 In
363 3018 479 3067 hanc
495 3023 821 3085 expositionem
844 3021 974 3068 facile
993 3038 1103 3069 con-

118 3100 286 3148 cedunt
312 3115 407 3146 non
429 3100 573 3147 solum
603 3117 755 3149 omnes
791 3101 999 3149 catholici
1027 3104 1104 3148 in-

116 3190 327 3244 terpretes
343 3215 360 3241 ‚
393 3197 551 3227 verum
577 3183 710 3228 etiam
726 3185 985 3246 interpretes
1001 3200 1104 3247 pro-

117 3271 361 3320 testantes,
407 3263 500 3308 sive
542 3263 814 3326 antiquiores
836 3299 849 3322 ,
896 3273 946 3311 ut
981 3274 1104 3328 patet

109 3360 164 3392 ex
187 3339 400 3407 Synopsi
426 3342 698 3389 criticorum
734 3358 1005 3405 sacrorum,
1051 3347 1102 3393 in

108 3423 253 3472 hunc.
278 3425 368 3472 loc.
400 3425 493 3470 sive
512 3424 807 3484 recentiores,
824 3423 1099 3473 Rosenmiil-

107 3505 172 3552 ler
187 3541 200 3564 ‚
251 3504 450 3552 Kuinoel
472 3540 486 3564 ,
533 3513 621 3552 etc.
671 3503 792 3551 Hinc
835 3503 964 3552 nulla
1004 3507 1100 3570 jam

108 3595 306 3650 superest
320 3585 377 3633 de
387 3585 475 3634 hac
490 3585 769 3650 expositione
786 3587 1103 3636 controversia.

185 3679 248 3737 T.
290 3678 387 3738 VI.

1231 2128 1300 2193 (2)
1319 2128 1413 2177 cfr.
1429 2139 1556 2177 tract.
1575 2128 1653 2176 De
1663 2128 2200 2195 Incarnat.n.644,cum

1194 2214 1395 2275 apposita
1409 2211 1701 2259 adnotatione
1718 2247 1731 2270 ‚
1754 2222 1870 2260 tom.
1892 2230 1937 2273 v,
1955 2230 2059 2277 pag.
2079 2213 2194 2261 330.

1262 2290 1328 2353 (3)
1364 2290 1580 2355 Apposite
1625 2290 1674 2338 S.
1720 2290 1891 2340 Thom.
1946 2303 2060 2356 part.
2107 2308 2191 2352 111,

1196 2388 1246 2436 q.
1262 2368 1329 2436 69
1346 2406 1359 2429 ‚
1383 2388 1426 2417 a.
1455 2370 1484 2417 3
1503 2407 1516 2430 ,
1537 2371 1595 2419 ad
1616 2369 1645 2417 3
1674 2387 1694 2418 ε-
1712 2371 1970 2418 Peccatum
1990 2409 2003 2432 ,
2023 2375 2202 2439 inquit,

1195 2450 1429 2514 oriqinale
1474 2450 1559 2498 hoc
1603 2451 1737 2498 modo
1775 2454 2030 2517 processit,
2072 2440 2206 2518 quod'

1187 2535 1349 2597 primo
1368 2547 1571 2596 persona
1596 2533 1765 2596 infecit
1782 2541 2036 2594 naturam,
2060 2544 2195 2600 post·

1194 2613 1383 2660 modum
1401 2629 1507 2661 vero
1528 2621 1704 2660 natura
1728 2613 1894 2677 infecit
1915 2631 2191 2678 personam.

1198 2693 1418 2741 Christus
1456 2710 1564 2741 vero
1598 2710 1816 2742 converso
1857 2695 2022 2742 ordine
2045 2698 2192 2761 prius

1193 2783 1381 2840 reparat
1395 2775 1477 2834 id,
1505 2774 1629 2838 quod
1648 2791 1864 2839 personae
1883 2785 1950 2823 est
1966 2813 1979 2836 ,
2001 2785 2045 2824 et
2059 2786 2189 2842 post-

1191 2857 1382 2904 modum
1409 2855 1573 2923 *simul
1606 2858 1664 2903 in
1699 2857 1917 2904 omnibus
1947 2860 2191 2922 reparabit

1191 2937 1245 2984 id
1261 2973 1276 2998 ‚
1304 2937 1427 3001 quod
1452 2945 1637 2984 naturoe
1665 2946 1750 2986 est.
1778 2936 1845 2984 Et
1866 2938 1970 2985 ideo
1996 2938 2202 3004 culpam*

1190 3017 1445 3082 oriqinalis
1467 3019 1653 3082 peccati
1669 3055 1682 3077 ,
1727 3025 1771 3064 et
1810 3019 1953 3065 etiam
1991 3035 2188 3083 poenarn

1188 3101 1413 3147 carentioe
1441 3099 1643 3146 visionis
1684 3097 1863 3147 divinoe
1882 3135 1894 3158 ‚
1935 3115 2041 3162 quoe
2087 3118 2186 3149 res-

1179 3182 1379 3246 piciunt
1397 3196 1651 3245 personam
1668 3217 1680 3238 ‚
1704 3181 1861 3226 statim
1868 3196 1960 3243 per
1976 3180 2182 3246 Baptis-

1186 3279 1318 3309 mum
1349 3260 1466 3308 tollit
1494 3260 1552 3307 ab
1583 3260 1789 3309 homine.
1818 3259 1914 3307 Sed
1935 3262 2186 3325 poenalita-

1187 3350 1252 3390 tes
1270 3342 1525 3407 praesentis
1538 3342 1643 3389 vitoe
1656 3378 1669 3400 ‚
1688 3343 1812 3389 siout
1831 3357 1955 3389 mors
1972 3378 1985 3402 ‚
2008 3342 2199 3406 fames,

1186 3424 1291 3471 sitis
1336 3431 1380 3471 et
1418 3422 1516 3471 alia
1562 3421 1866 3488 hujusmodi,
1920 3426 2187 3488 respiciunt

1185 3514 1411 3553 naturam
1432 3541 1446 3564 ,
1491 3520 1549 3552 ecc
1593 3506 1730 3570 cujus
1762 3505 2028 3569 principiis
2065 3521 2181 3552 cau-

1184 3594 1355 3636 santur
1373 3622 1388 3646 ,
1422 3592 1568 3653 prout
1590 3592 1658 3634 est
1694 3584 1919 3634 destituta
1955 3585 2187 3649 originali

1873 3676 1908 3731 6
