2502 4186
273 162 392 222 424
896 179 1216 222 macru-us
1259 182 1328 218 nn
1372 181 1761 221 rocmrnnru.

281 325 479 391 culum
501 343 680 403 porro
710 333 799 380 est
817 367 833 395 ,
860 321 1273 403 quod‘addunt
1291 353 1325 397 ‚¹
1346 323 1783 382 Confessionem
1814 321 2387 385 scilicet-devotionis
2452 344 2459 351 ·

275 439 444 478 causa
474 416 646 476 fuisse
683 415 1081 477 introductam
1119 439 1152 476 a
1182 418 1516 492 monachiss,
1568 426 1636 476 ut
1670 417 1830 476 enim
1871 426 2061 475 cetera
2084 418 2349 478 omittam
2372 465 2387 493 7

278 512 549 572 mulieres
577 510 692 570 illae
709 557 725 587 ⁷
758 531 888 592 quae
920 512 1173 584 seductae
1200 513 1439 573 fuerunt
1466 535 1500 572 a
1528 515 1752 587 Marem
1786 532 1908 570 non
1933 522 2100 570 erant
2123 514 2396 573 monachi

278 618 378 666 aut
412 590 902 666 sanctimoniales,
1615 671 1618 674 Α

361 700 496 760 140.
544 701 612 760 40
655 702 858 784 Neque
901 701 1334 762 confitebantur
1378 702 1579 763 fideles
1630 703 1704 762 ad
1743 699 2136 784 recipiendam
2178 703 2398 762 instru-

285 798 539 859 ctionem
559 843 575 872 ‚
606 795 708 857 sed
733 797 807 856 ad
823 795 1211 886 obtinendam
1226 810 1597 883 peccatorum
1611 800 2016 859 remissionem
2041 799 2114 858 ab
2139 800 2206 858 iis
2225 845 2240 873 ,
2278 800 2399 881 qui-

278 892 389 952 bus
433 892 624 954 claves
679 894 844 973 regni
897 889 1178 954 coelorum
1198 940 1214 970 ‚
1270 908 1336 954 ut
1382 896 1738 954 unanimiter
1791 897 1988 954 Patres
2031 895 2354 977 loquuntur
2382 940 2398 968 ,

282 989 602 1048 commissae
632 988 879 1047 suntad
908 988 1210 1069 ligandum
1237 1001 1297 1050 et
1328 990 1676 1057 solvendum
1706 989 1814 1069 (l).

369 1083 508 1143 141.
557 1083 622 1140 50
644 1085 777 1142 Non
807 1083 1060 1165 denique
1082 1106 1273 1144 sermo
1301 1087 1367 1144 fit
1393 1086 1465 1146 de
1490 1086 1610 1144 sola
1639 1083 2008 1145 Confessione
2035 1096 2403 1168 peccatorum

284 1178 652 1262 publicorum
673 1224 689 1252 ‚
721 1178 823 1238 sed
862 1178 951 1238 de·
976 1179 1353 1240 Confessione
1381 1192 1661 1263 praeterea
1689 1182 2081 1255 occultorum,
2113 1191 2181 1239 ut
2204 1195 2273 1239 ex
2305 1178 2406 1238 ad-

288 1275 476 1334 ductis
506 1275 855 1356 testimoniis
884 1287 1113 1334 constat
1140 1274 1251 1356 (2).

376 1369 510 1429 142.
558 1369 647 1428 Ad
677 1371 787 1446 6¹¹³,
829 1370 981 1450 Ney.
1023 1370 1418 1430 Renaudotius
1454 1371 1648 1447 enim
1686 1372 1947 1431 Morinus
1971 1418 1987 1447 .,
2035 1368 2407 1431 Wanslebius

294 1463 784 1556 irrefragabilibus
825 1465 1192 1525 documentis
1233 1467 1591 1567 contrarium
1630 1468 1946 1542 evincunt
1992 1466 2136 1526 adeo
2167 1476 2233 1525 ut
2262 1465 2410 1524 nihil

293 1563 368 1621 sit
406 1561 778 1643 exploratius,

378 1656 513 1715 143.
564 1656 696 1733 Obj
734 1630 1006 1716 secunda.
1051 1631 1397 1718 Sanctorum
1425 1663 1823 1742 antiquiorum
1850 1661 1971 1721 sive
1992 1638 2409 1741 Episcoporum

305 1753 427 1811 sive
460 1751 944 1831 Presbyterorum
971 1751 1276 1834 biographi
1298 1754 1509 1813 nullibi
1537 1756 1830 1829 referunt
1850 1777 1945 1814 eos
1970 1754 2226 1813 fidelium
2259 1755 2416 1812 Con·-

295 1847 934 1927 fessionesexcepisse,
974 1849 1092 1906 imo
1116 1870 1224 1907 nec
1262 1851 1502 1924 Sanctos
1537 1853 1692 1931 ipsos
1721 1896 1736 1924 7
1782 1850 1990 1908 saltem
2028 1850 2092 1907 in
2119 1850 2252 1908 vitae
2285 1847 2405 1904 dis-

299 1942 908 2000 crimine'constitutos
927 1987 943 2015 ,
973 1942 1423 2022 exomologesim
1454 1944 1671 2003 fecisse.
1712 1945 2091 2025 20-Nuspiam
2123 1942 2370 2022 legimus
2395 1987 2411 2016 ,

299 2036 560 2095 ethnicos
578 2034 795 2116 aliquid
813 2035 1083 2113 objecisse
1110 2037 1388 2097 adversus
1417 2038 1871 2098 Confessionem.
1899 2037 1965 2096 30
1991 2039 2064 2096 In
2087 2038 2416 2096 nosocomio

299 2154 332 2190 a
369 2132 601 2191 Fabiola
632 2135 828 2192 Romae
862 2133 1132 2191 instituto
1171 2132 1402 2190 nullum
1439 2134 1774 2194 invenimus
1823 2125 2237 2215 Presbyterum
2264 2131 2419 2190 exci-

301 2227 530 2308 piendis
567 2227 1431 2309 Confessionibuspraefectum3
1464 2229 1691 2287 nullum
1715 2275 1730 2303 .,
1764 2251 1899 2288 cum
1927 2229 2047 2287 lues
2084 2226 2419 2306 Carthagini

305 2336 406 2382 aut
427 2323 787 2382 Alexandriae
806 2336 1162 2402 grassaretur
1184 2325 1459 2406 Cypriani
1483 2318 1811 2406 etssDionysii
1833 2324 2207 2384 Alexandrini
2227 2334 2415 2394 aetate3

308 2417 538 2477 nullum
560 2465 574 2493 ,
615 2420 715 2500 qui
746 2419 999 2477 militum
1035 2419 1129 2480 vel
1168 2420 1230 2477 in
1267 2420 1514 2481 navibus
1546 2422 1657 2479 iter
1689 2422 1985 2500 agentium
2022 2420 2419 2479 Confessiones

308 2513 553 2572 audiret.
588 2513 655 2571 40
697 2515 1078 2596 Incompertae
1123 2514 1262 2573 olim
1285 2515 1406 2575 sive
1440 2516 1933 2589 Confessariorum
1970 2516 2092 2576 sive
2120 2514 2421 2595 poeniten·

312 2610 459 2667 tium
485 2611 895 2668 instructiones
915 2655 931 2682 ‚
950 2631 1082 2668 cum
1106 2621 1194 2668 tot
1214 2610 1388 2670 hodie
1406 2613 1708 2692 eruperint
1728 2612 1992 2669 Summoe
2007 2655 2023 2685 ,
2051 2610 2384 2667 Sum-mulce
2401 2650 2421 2678 ,

310 2704 674 2763 (latratorum
698 2707 1045 2784 manipuli,
1071 2707 1524 2766 Poenz'tentialia
1540 2750 1561 2778 ,
1594 2707 2111 2784 Confessariorum
2142 2705 2382 2783 specula
2402 2746 2419 2776 ,

382 2870 442 2932 (l)
480 2869 699 2936 Apposite
731 2871 988 2920 Massuetus
1010 2910 1022 2930 ‚
1066 2872 1175 2919 diss.
1224 2887 1276 2920 11¹
1305 2909 1318 2930 ‚
1407 2871 1604 2919 lebant?
1624 2870 1820 2919 Nodum
1842 2870 1970 2918 hunc
1992 2869 2142 2918 solvat
2169 2869 2388 2917 Grabius
2405 2903 2420 2927 ‚

311 2963 395 3000 art.
429 2969 455 3018 7
487 2969 498 3000 :
521 2952 656 3001 Certe
674 2993 690 3014 ,
713 2955 867 3019 inquit
888 2993 902 3016 r
925 2956 971 3000 si
992 2940 1088 3018 ‘quo
1108 2953 1203 3002 alio
1227 2954 1326 3001 sibi
1407 2953 1661 3017 videatque
1680 2990 1691 3009 ,
1733 2969 1851 2999 num
1878 2952 2009 3018 apud
2048 2969 2158 2999 suos
2194 2950 2430 3017 ejusmodi

311 3036 428 3099 ipsoe
464 3034 695 3100 opitulari
718 3052 857 3100 posse
904 3037 1111 3085 remedio
1155 3023 1324 3084 eristi·
1401 3036 1565 3101 pudor
1594 3044 1637 3082 et
1672 3037 1891 3082 anxietas
1912 3043 2217 3100 peccatorum
2253 3041 2430 3080 mentes

315 3125 523 3162 mussent
567 3133 635 3164 eoe
682 3117 939 3179 mulierem
986 3119 1033 3165 si
1071 3118 1167 3165 uni
1218 3116 1326 3164 Deo
1409 3134 1612 3181 usquam
1643 3118 1850 3165 torserit.
1881 3115 1958 3164 Ne
1986 3115 2224 3181 ejusmodi
2264 3115 2430 3161 amba-

313 3197 449 3259 sacta
496 3196 741 3260 Confessio
767 3238 783 3259 ,
823 3202 1107 3264 privataque
1165 3206 1331 3264 sponte
1409 3199 1549 3264 yibus
1567 3215 1783 3263 unquam
1798 3197 2196 3263 implicarentur,
2222 3195 2429 3243 abscissa

317 3286 535 3342 stascepta
543 3280 831 3343 poenitentia
849 3280 1104 3328 sceleribus
1122 3282 1328 3345 expian-
1404 3272 1692 3348 penitusque
1747 3289 1921 3328 resecta
1983 3288 2047 3327 tot
2106 3278 2431 3326 molestiarum

315 3358 389 3405 dis
431 3361 550 3406 satis
581 3360 783 3423 fuisset,
807 3362 947 3426 ⁴quid
978 3363 1281 3426 ambiqebant
1306 3366 1330 3408 ?
1415 3381 1565 3411 causa
1594 3398 1608 3423 ,
1647 3362 1847 3410 sollicite
1894 3368 2143 3409 caverunt.
2187 3357 2285 3410 Sed
2333 3367 2431 3404 tam

315 3440 437 3504 quid
451 3441 510 3488 ab
530 3441 751 3490 Ecclesia
766 3442 1061 3506 deficiebant,
1079 3444 1153 3492 vel
1166 3446 1329 3492 animo
1415 3445 1687 3511 expeditum
1715 3443 1883 3492 salutis
1907 3445 1999 3490 iter
2026 3442 2230 3491 necdum
2249 3440 2282 3487 I
2284 3441 2435 3487 renoei

318 3522 482 3569 dubios
536 3525 663 3571 itzter
710 3523 1013 3588 desectionem
1076 3533 1121 3572 et
1167 3542 1333 3572 recen·
1418 3537 1551 3576 oetate
1578 3535 1742 3575 notum
1761 3533 1879 3573 erat.

314 3603 613 3653 ciliationem
657 3605 944 3655 haerebant?
998 3606 1135 3673 Quin
1168 3609 1336 3672 potius
1497 3610 1563 3675 (Ξ)
1602 3608 1697 3657 Cfr.
1730 3607 2024 3668 Muzzarelli,
2059 3607 2149 3654 loc.
2184 3607 2259 3652 cit.

312 3695 412 3735 tam
443 3688 592 3750 facili
623 3684 829 3739 remedio
871 3690 968 3738 sibi
1004 3691 1125 3756 ipsoe
1160 3707 1333 3739 consu-
