2502 4186
588 279 707 317 CAP.
755 279 838 316 lv.
883 279 951 315 DE
992 277 1242 315 BAP'HSMI
1283 276 1569 314 SUBJECTO.
2040 255 2113 314 51

48 437 274 498 semper
299 415 648 497 suspendere
675 438 820 498 puer
850 427 908 475 et
940 414 1266 474 adolescens
1293 425 1484 474 actum
1513 412 1647 472 fidei
1674 410 1911 472 deberet
1933 435 2115 495 usque

45 510 120 570 ad
154 531 372 569 annum
406 511 500 569 XL
535 522 635 569 aut
668 513 730 568 L.
774 508 937 583 Quod
980 508 1030 565 si
1070 528 1259 586 neque
1299 529 1363 566 ea
1395 518 1561 567 aetate
1596 517 1789 588 posset
1816 528 1875 566 se
1921 506 2117 567 deter-

45 605 266 665 minare
292 650 308 678 .,
345 605 632 682 continget
655 605 858 686 saepius
883 599 1090 661 debere
1112 600 1276 658 illum
1294 603 1450 681 prius
1473 623 1544 661 ex
1568 601 1676 660 hac
1698 602 1814 662 vita
1837 603 2080 682 migrare
2095 648 2113 679 ‚

47 721 221 782 quam
253 710 444 758 actum
472 698 604 756 fidei
631 699 855 758 elicere.
1607 716 1611 719 ’

131 794 264 852 116.
307 793 374 849 40
424 791 616 850 Velint
664 794 895 873 itaque,
941 786 1131 848 nolint
1177 786 1518 862 adversarii,
1565 789 1679 847 huc
1718 788 1954 849 demum
2014 791 2119 852 de-

47 885 359 946 labendum
393 896 480 944 est
506 931 521 960 ,
572 897 638 945 ut
680 887 797 945 sola
825 882 1078 944 Ecclesiae
1128 884 1504 964 proponentis
1554 885 1891 943 auctoritate
1936 886 2121 945 innixi

47 978 274 1061 parvuli
311 979 562 1038 debeant
588 1024 604 1054 ,
667 1000 796 1038 cum
845 974 918 1034 ad
967 975 1203 1034 rationis
1242 998 1410 1034 usum
1460 978 1870 1058 pervenerint,
1930 991 2123 1039 actum

48 1072 182 1132 fidei
222 1072 423 1132 elicere
468 1072 680 1153 absque
711 1069 988 1147 ejusmodi
1024 1071 1305 1128 examine.
1359 1070 1507 1128 Talis
1543 1072 1701 1129 enim
1737 1083 1824 1130 est
1861 1072 2124 1132 Ecclesiae

49 1169 352 1226 auctoritas
372 1211 388 1242 ‚
418 1177 484 1225 ut
511 1166 626 1225 sola
655 1163 834 1244 possit
867 1163 1189 1222 intrinsecis
1221 1164 1452 1224 motivis
1472 1208 1487 1237 ,
1519 1186 1767 1245 quorum
1806 1166 1926 1228 vim
1961 1167 2130 1247 pueri

51 1259 409 1343 perpendere
421 1280 538 1318 non
552 1256 746 1318 valent
761 1301 776 1331 a
801 1257 1065 1338 supplere
1082 1283 1098 1331 ς
1124 1258 1247 1318 haec
1269 1270 1463 1318 autem
1479 1259 1733 1320 Ecclesiae
1749 1262 2127 1340 proponentis

50 1356 353 1413 auctoritas
390 1362 632 1428 <vocatur
673 1352 959 1410 motivum
1012 1352 1404 1411 extrinsecum
1430 1398 1447 1427 ‚
1489 1375 1590 1411 seu
1633 1353 1951 1413 infallibilis
1989 1356 2127 1416 fidei

50 1448 243 1527 regula
275 1446 534 1528 proxima
563 1445 673 1523 (1).
705 1446 927 1519 Quaevis
960 1445 1068 1504 alia
1098 1446 1192 1506 via
1227 1447 1606 1523 ezrcogitetur²
1631 1459 1730 1504 aut
1754 1447 2001 1507 absurda
2028 1448 2127 1508 illa

51 1552 138 1600 est
157 1586 174 1615 ‚
214 1551 312 1599 aut
340 1539 414 1597 ad
439 1538 902 1598 incredulitatem
936 1538 1092 1597 ducit
1109 1583 1125 1612 ,
1165 1550 1231 1597 ut
1258 1559 1328 1597 ex
1347 1537 1519 1621 „dictis
1546 1550 1788 1597 constat.

132 1633 265 1691 117.
312 1631 616 1713 Reliquum
650 1643 770 1709 est,
815 1642 880 1689 ut
921 1633 1249 1692 evincamus
1265 1673 1288 1703 ,
1327 1653 1449 1689 non
1481 1652 1602 1690 esse
1629 1653 1838 1713 pueros
1876 1635 2127 1694 interro-

46 1727 258 1807 gandos
308 1726 497 1808 quoad
520 1727 926 1808 promissiones
956 1747 1155 1785 eorum
1178 1725 1415 1784 nomine
1437 1725 1613 1784 factas
1650 1747 1756 1806 per
1778 1748 2085 1807 sponsores
2106 1774 2124 1803 .,

44 1842 119 1879 an
159 1820 368 1880 scilicet
402 1841 495 1880 eas
540 1832 691 1879 ratas
731 1818 946 1878 habere
998 1819 1201 1881 velint.
1252 1819 1420 1893 Quod
1461 1820 1538 1877 sic
1586 1821 1963 1881 ostendimus,
2009 1825 2126 1883 Nec

43 1925 235 1995 potest
261 1936 367 1975 nec
403 1913 576 1974 d'ebet
609 1914 839 1974 admitti
869 1914 1239 1992 interrogatio
1265 1959 1280 1988 .,
1312 1934 1424 1994 qua
1461 1915 1521 1971 in
1560 1913 1803 1972 dubium
1827 1928 2130 1978 revocatur

46 2007 313 2088 obligatio
347 2009 475 2082 illa,
505 2031 631 2090 quae
662 2031 730 2068 ex
750 2014 880 2086 jure
905 2007 1102 2070 divino
1133 2020 1191 2067 et
1211 2007 1462 2067 naturali
1483 2009 1706 2087 exurgit
1733 2035 1748 2083 ς
1790 2009 1918 2068 talis
1956 2033 2130 2091 porro

48 2113 133 2160 est
162 2103 530 2183 interrogatio
563 2102 634 2162 de
654 2125 765 2184 qua
791 2103 995 2182 agitur.

133 2197 268 2256 118.
315 2199 461 2258 Sane
499 2199 561 2256 in
593 2199 822 2280 primis,
867 2196 1145 2279 ejusmodi
1176 2197 1623 2275 interrogatione
1655 2198 1717 2256 in
1757 2197 2002 2258 dubium
2034 2222 2130 2260 re-

50 2291 242 2349 vocari
276 2291 1062 2368 contractam‘obligationem
1081 2334 1097 2363 a
1123 2302 1285 2370 patet
1309 2311 1380 2368 ex
1404 2312 1470 2349 eo
1490 2335 1506 2364 ‚
1541 2292 1698 2371 quod
1723 2294 2093 2371 interrogatio
2110 2337 2127 2367 ,

51 2405 126 2441 an
156 2385 282 2464 quis
311 2384 451 2445 velit
473 2385 580 2442 hoc
613 2384 706 2445 vel
742 2382 886 2441 illud
911 2383 1131 2441 efficere
1164 2394 1263 2439 aut
1297 2393 1570 2462 praestare
1591 2428 1607 2455 .,
1647 2397 1935 2464 supponat
1962 2385 2131 2446 liber-

49 2488 231 2537 tatem
266 2480 327 2537 in
356 2501 422 2538 eo
455 2480 553 2560 qui
589 2479 665 2536 sic
691 2479 1107 2554 interrogatur,
1152 2486 1439 2556 supponat
1476 2475 1820 2536 solutionem
1856 2501 1888 2537 a
1927 2482 2130 2559 quovis

52 2573 298 2634 vincula
338 2574 396 2632 Si
433 2573 589 2632 enim
626 2571 909 2652 quispiam
948 2572 1026 2628 sic
1054 2571 1435 2648 interrogatus
1464 2571 1838 2651 responderet
1873 2574 2130 2635 affirma-

53 2666 170 2727 tive
189 2713 205 2742 .‚
237 2667 414 2726 libere
437 2687 500 2725 ac
523 2677 726 2747 sponte
751 2665 860 2722 hoc
883 2666 1006 2744 ipso
1032 2664 1400 2744 profiteretur
1417 2686 1475 2723 se
1499 2665 1560 2721 in
1589 2686 1647 2722 se
1680 2668 1967 2746 suscipere
1988 2668 2130 2727 obli-

56 2762 340 2838 gationem
365 2773 464 2820 aut
493 2783 637 2819 onus
657 2806 673 2835 7
711 2782 742 2819 a
777 2781 891 2841 quo
918 2770 1088 2817 antea
1125 2757 1272 2816 liber
1300 2768 1422 2816 erat
1441 2803 1456 2833 ,
1500 2758 1754 2839 alioquin
1792 2761 2000 2822 frustra
2032 2784 2130 2823 ex-

58 2852 515 2934 ploraretuiffejus
543 2856 843 2927 voluntas:,
875 2852 1031 2934 quod
1054 2853 1100 2910 si
1128 2852 1490 2933 responderit
1528 2855 1820 2932 negative,
1854 2855 1965 2915 hoc
2002 2858 2127 2938 ipso

66 2948 279 3024 pariter
307 2948 555 3008 declarat
588 2971 647 3009 se
686 2950 1008 3008 immunem
1051 2968 1170 3006 esse
1208 2967 1271 3005 ac
1303 2946 1560 3019 liberum
1600 2969 1631 3005 a
1677 2950 1878 3029 quavis
1911 2949 2130 3031 obliga-

66 3041 258 3115 tione,
297 3052 362 3100 ut
397 3065 500 3124 per
538 3066 597 3104 se
630 3053 831 3126 patett,
875 3063 1013 3101 nam
1048 3041 1315 3120 obligatio
1350 3051 1408 3100 et
1448 3041 1784 3100 immunitas
1822 3043 1895 3102 ab
1921 3043 2132 3124 obliga·
2207 3069 2209 3072 ·

64 3136 220 3193 tione
256 3145 391 3193 sunt
422 3139 681 3197 notiones
711 3183 726 3212 ,
771 3157 894 3218 quae
931 3159 991 3197 se
1016 3157 1075 3195 se
1115 3137 1366 3195 invicem
1391 3135 1722 3195 excludunt.

148 3229 286 3287 119.
331 3230 530 3302 Quoad
568 3231 811 3291 alterum
847 3253 984 3291 vero
1010 3279 1025 3306 .,
1069 3229 1474 3310 obligationem
1516 3227 1727 3289 scilicet
1774 3231 1964 3290 standi
2002 3254 2135 3314 pro-

65 3323 247 3382 missis
267 3368 283 3395 ,
328 3324 461 3381 oriri
496 3344 564 3382 ex
591 3328 718 3401 jure
752 3326 947 3385 divino
970 3346 1033 3383 ac
1063 3325 1310 3384 naturali
1343 3326 1404 3383 in
1435 3324 1752 3383 infantibus
1786 3326 2090 3407 baptizatis
2113 3369 2131 3400 ‚

66 3438 155 3476 res
201 3418 322 3500 ipsa
363 3418 587 3478 clamat.
627 3420 704 3477 Ac
739 3421 926 3499 primo
983 3421 1219 3502 quidem
1266 3419 1336 3479 de
1369 3424 1501 3498 jure
1553 3420 1749 3480 divino
1796 3432 2027 3488 constat,
2063 3441 2136 3480 ex

72 3511 287 3587 verbiS,
317 3512 521 3595 quibus
538 3513 792 3572 Christus
811 3512 996 3592 legem
1011 3515 1285 3596 Baptismi
1311 3514 1464 3588 tulit,
1492 3514 1703 3576 Matth.
1727 3517 1989 3590 xxvln,
2015 3516 2087 3574 19
2115 3535 2129 3571 :

139 3729 203 3793 (1)
243 3728 341 3779 cfr.
369 3729 560 3794 Suarez,
588 3738 719 3778 tract.
742 3730 821 3777 cit.
852 3736 959 3776 sect.
990 3735 1086 3777 net
1098 3744 1195 3794 seq.
