2502 4186
353 285 476 324 CAP.
524 286 632 324 vn.
678 287 738 323 IN
781 286 937 324 DOGT·
981 283 1271 323 HACTENUS
1313 280 1665 322 VINDICATAM
1688 279 1936 319 SCHOLIA·
2111 259 2190 318 85

115 427 290 486 alesia
331 426 612 485 hactenus
655 428 1054 494 observatam,
1094 423 1453 482 Judoeorum
1476 466 1493 497 ,
1540 424 1750 479 invitis
1787 421 2150 499 parentibus
2165 463 2187 491 ,

112 525 232 601 filii
250 523 642 600 baptizentur.
670 522 730 579 E
733 531 757 578 t
777 523 956 598 hujus
976 522 1129 576 ratio
1154 527 1238 574 est
1257 518 1473 593 dupleoe
1487 537 1507 574 .·
1533 537 1657 573 una
1687 517 1926 592 quidem
1941 525 2189 595 propter

108 618 450 695 periculum
483 615 682 692 fidei...
732 619 857 672 alea
892 632 1020 671 vero
1058 613 1212 668 ratio
1260 618 1374 680 est,
1410 612 1559 687 quia
1597 606 1894 687 repuqnai'
1924 613 2185 686 Justztioe

113 711 390 768 naturali
427 717 533 767 etc.
580 707 686 787 (1).
726 707 879 784 Quas
911 703 1141 786 quidem
1177 703 1425 761 rationes
1462 700 1914 761 luculentissime
1942 702 2180 764 evolvit.

112 799 380 861 Rationes
415 794 787 860 Scotistarum
812 799 988 879 magis
1015 795 1250 866 subtiles
1275 818 1450 877 quam
1488 795 1681 855 solidae
1706 795 2012 870 videntur
2054 817 2183 878 quae

112 896 360 977 expendi
389 905 666 976 poterunt
703 893 857 1000 apud
879 892 1132 964 Estium‚
1162 891 1260 970 qui
1293 891 1501 949 horum
1529 901 1722 971 partes
1755 890 2002 971 suscepit
2032 891 2139 969 (2).

194 989 328 1048 186.
376 989 692 1047 Launoium
707 987 843 1068 qui
871 996 1086 1044 temere
1108 983 1338 1045 vellicat
1365 995 1491 1042 tum
1521 986 1578 1043 S.
1602 984 1884 1042 Thomam
1910 994 2034 1042 tum
2058 987 2185 1043 Sco-

109 1094 274 1142 tum.
264 1083 532 1161 egregie
573 1079 886 1157 confutavit
907 1079 972 1137 P.
1004 1081 1174 1138 Joan
1206 1063 1421 1137 Nicolai
1447 1078 1535 1158 (3)
1556 1124 1572 1153 ,
1597 1090 1677 1138 et
1688 1078 1858 1138 malae
1892 1078 2022 1138 fidei
2049 1100 2183 1137 eum

109 1198 232 1236 esse
264 1176 561 1236 ostendit
545 1198 607 1234 1n
634 1172 880 1232 textibus
911 1171 1236 1232 afferendis
1277 1173 1479 1254 Inepte
1518 1184 1711 1232 autem
1756 1173 2017 1253 Synodus
2058 1175 2181 1232 Pis-

108 1272 372 1330 toriensis
418 1274 656 1331 vetitum
690 1266 762 1325 ab
806 1266 1050 1326 Ecclesia
1099 1268 1297 1327 asserit
1336 1267 1629 1350 baptizare
1669 1267 1993 1327 infidelium
2034 1267 2180 1327 filios

109 1366 305 1425 invitis
331 1361 662 1447 parentibus
700 1361 809 1443 (4).
847 1363 1107 1444 Quippe,
1135 1367 1302 1439 juxta
1335 1363 1718 1424 Horatianum
1751 1362 1934 1421 illud:

339 1514 503 1573 Dum
542 1515 738 1570 vitant
776 1513 947 1569 stulti
983 1514 1167 1587 vitia,
1211 1515 1282 1570 in
1323 1517 1632 1572 contraria
1671 1525 1958 1572 currunt.

196 1660 327 1719 187.
389 1658 657 1718 Illicitum
719 1658 936 1742 par-iter
1006 1669 1178 1740 atque
1229 1681 1259 1718 a
1314 1659 1636 1719 christianae
1687 1659 1917 1743 pietatis
1977 1661 2186 1742 spiritu

99 1754 347 1814 alienum
378 1775 499 1814 esse
519 1798 535 1828 ⁷
566 1756 899 1835 quempiam
920 1753 1187 1813 adultum
1207 1755 1457 1814 invitum
1483 1754 1557 1813 ad
1575 1755 1932 1836 Baptismum
1958 1776 2180 1834 cogere,

100 1871 277 1909 nemo
306 1850 613 1908 inficiatur.
658 1849 870 1909 Utrum
905 1871 1043 1913 vero
1078 1849 1360 1927 ejusmodi
1400 1850 1690 1931 Baptisma
1728 1861 1922 1909 ratum
1948 1871 2012 1908 ac
2048 1850 2186 1909 vali-

97 1944 237 2002 dum
275 1944 348 2002 sit
383 1965 488 2003 nec
534 1965 641 2020 ne,
691 1944 1018 2026 disceptant
1053 1945 1206 2003 inter
1240 1966 1300 2004 se
1349 1945 1640 2025 Theologi.
1696 1946 1892 2004 Verior
1934 1957 1992 2004 et
2027 1966 2180 2004 com-

96 2039 327 2097 munior
366 2039 652 2097 sententia
684 2049 798 2097 stat
835 2061 942 2120 pro
984 2042 1104 2116 ejus
1143 2038 1332 2100 valore
1354 2085 1369 2112 ,
1411 2040 1643 2121 quando
1679 2041 1805 2121 quis
1841 2042 2049 2099 timore
2087 2041 2182 2098 in-

99 2131 325 2191 ducitur
362 2132 451 2197 ad,
479 2131 623 2190 illud
669 2133 1134 2214 suscipiendum3
1187 2136 1319 2215 quia
1364 2157 1484 2193 non
1520 2146 1790 2194 censetur
1833 2135 2073 2194 omnino
2123 2146 2183 2194 et

97 2224 428 2306 simpliciter
464 2226 714 2299 invituS,
760 2228 858 2308 qui
893 2248 964 2285 ex
1000 2228 1209 2306 timore
1245 2250 1351 2287 nec
1396 2230 1554 2307 gravi
1604 2251 1792 2310 neque
1840 2230 2081 2289 cadente
2116 2231 2177 2287 in

95 2323 283 2381 virum
334 2331 693 2380 constantem
729 2331 1013 2382 movetur.
1063 2323 1165 2380 Ast
1202 2323 1276 2382 de
1316 2323 1406 2382 his
1454 2323 1830 2383 consulantur
1876 2324 2177 2402 theologiae

94 2414 326 2474 moralis
346 2415 728 2474 institutores·

178 2509 311 2568 188.
359 2511 493 2568 Post
530 2531 594 2568 ea
618 2556 633 2584 7
669 2532 796 2590 quae
828 2510 900 2569 de
931 2513 1432 2570 Sacramentorum
1475 2512 1813 2571 ceremoniis
1858 2514 2175 2592 generatim

95 2604 371 2679 diximus.
400 2626 519 2663 non
558 2616 645 2663 est
667 2625 768 2663 cur
803 2605 875 2664 de
914 2605 1295 2687 peculiaribus
1335 2607 1611 2687 Baptismi
1639 2606 1847 2666 ritibus
1880 2608 1941 2665 in
1983 2607 2172 2689 specie

163 2818 224 2881 (1)
260 2835 306 2866 2.
343 2835 470 2886 2·.q-
504 2836 594 2881 10,
616 2826 669 2871 a.
705 2836 783 2870 12.
1169 2823 1321 2889 Cujus
1370 2823 1682 2889 affirmantem
1718 2834 1906 2891 partem
1953 2825 2174 2873 similiter

166 2898 229 2960 (2)
264 2898 302 2946 I
298 2917 332 2947 n
351 2917 395 2949 lv
415 2901 497 2951 lib.
510 2900 647 2951 Sem.
665 2903 709 2951 d.
728 2900 760 2950 6
774 2941 786 2963 ‚
808 2901 896 2967 §m
914 2903 1084 2968 Quam·
1165 2915 1287 2953 tenet
1305 2891 1472 2955 Scotus
1489 2943 1502 2967 ,
1535 2906 1647 2956 aliis
1669 2907 1910 2972 plerisque
1931 2907 2171 2956 diversum

97 2981 162 3028 vis
178 2997 310 3044 porro
325 2979 398 3030 hic
413 2984 644 3049 theologus
658 2984 939 3049 probabilem
957 2982 1083 3033 Scoti
1162 2989 1501 3038 asserentibm.

98 3065 367 3110 sententiam
397 3067 654 3126 existimet,
689 3076 820 3115 caute
846 3075 1002 3115 tamen
1030 3083 1083 3115 ac
1230 3070 1300 3133 (3)
1338 3070 1392 3118 ln
1425 3070 1604 3119 duabus
1633 3071 2024 3120 dissertationibus
2047 3087 2166 3119 anno

92 3143 342 3207 prudenter
380 3144 506 3192 addit
540 3163 555 3193 ε
588 3147 656 3194 In
699 3147 787 3195 hac
834 3165 914 3208 re,
958 3150 1085 3196 sicut
1169 3148 1296 3200 1666
1330 3153 1459 3200 editis
1483 3190 1496 3212 ‚
1542 3170 1706 3216 nempe
1738 3170 1750 3200 :
1795 3152 1874 3200 De
1913 3148 2166 3218 'Baptismi

93 3226 150 3271 in
173 3223 288 3272 aliis
316 3225 478 3273 multis
495 3260 512 3286 ,
541 3242 635 3274 non
653 3236 840 3276 tantum
869 3229 986 3292 quid
1017 3229 1079 3277 li-
1160 3236 1356 3298 antiquo
1382 3251 1502 3290 usu,
1533 3245 1575 3283 et
1603 3234 1685 3285 De
1711 3234 1900 3283 Judoeis
1937 3243 2022 3283 aut
2054 3236 2163 3299 qui-

93 3314 220 3366 wat,
251 3323 415 3354 verum
440 3308 583 3354 etiam
609 3308 726 3370 quid
751 3309 969 3374 empediat
1010 3312 1081 3358 vi·
1159 3315 1446 3380 hamumque
1475 3315 1747 3381 infidelibus
1773 3317 1838 3365 ad
1860 3316 2164 3383 Baptismum

90 3385 295 3433 (lendum
336 3396 419 3436 est.
474 3387 542 3434 Id
587 3388 710 3451 quod
746 3392 888 3437 etiam
927 3391 1080 3440 locum
1160 3412 1258 3443 non
1285 3397 1517 3461 coqendis.

90 3465 257 3517 habere
283 3467 413 3516 debet
442 3470 498 3515 in
526 3468 671 3516 altera
697 3472 948 3533 'quw-stione
967 3472 1080 3520 huic
1227 3476 1295 3542 (lt)
1336 3477 1442 3525 Atti
1469 3496 1493 3526 e
1524 3478 1694 3526 decreti
1732 3477 1809 3526 del
1828 3478 2028 3527 concilio
2064 3478 2161 3525 dio·

88 3557 285 3612 coquam
313 3566 332 3597 .·
350 3546 437 3596 An
454 3550 665 3613 infideles
682 3586 695 3613 ‚
721 3553 809 3614 qui
832 3567 1080 3619 nunquam
1162 3574 1331 3607 cesano
1367 3559 1419 3607 di
1449 3561 1638 3626 Pistqja
1683 3559 1791 3610 dell?
1828 3577 1956 3610 anno
2003 3556 2185 3626 1786‚.
2240 3550 2242 3552 ¹

81 3630 224 3693 fidem
260 3642 595 3698 susceperunt,
626 3634 780 3699 paenis
814 3633 939 3682 licite
952 3651 1074 3683 com·
1153 3655 1262 3689 sess.
1289 3657 1351 3690 ιν.

81 3710 197 3775 pelli
219 3715 407 3778 possint
444 3715 512 3763 ad
554 3732 655 3764 eam
701 3715 1069 3780 suscipiendam.
