<?xml version="1.0" encoding="UTF-8"?>
<!DOCTYPE html PUBLIC "-//W3C//DTD XHTML 1.0 Transitional//EN"
    "http://www.w3.org/TR/xhtml1/DTD/xhtml1-transitional.dtd">
<html xmlns="http://www.w3.org/1999/xhtml" xml:lang="en" lang="en">
 <head>
  <title>
</title>
<meta http-equiv="Content-Type" content="text/html;charset=utf-8" />
  <meta name='ocr-system' content='tesseract 3.04.00' />
  <meta name='ocr-capabilities' content='ocr_page ocr_carea ocr_par ocr_line ocrx_word'/>
</head>
<body>
  <div class='ocr_page' id='page_1' title='image "a603693806perruoft_0484.png"; bbox 0 0 2502 4186; ppageno 0'>
   <div class='ocr_carea' id='block_1_1' title="bbox 231 212 1741 276">
    <p class='ocr_par' dir='ltr' id='par_1_1' title="bbox 231 212 1741 276">
     <span class='ocr_line' id='line_1_1' title="bbox 231 212 1741 276; baseline 0.003 -4"><span class='ocrx_word' id='word_1_1' title='bbox 231 212 351 274; x_wconf 77' lang='lat'><strong>476</strong></span> <span class='ocrx_word' id='word_1_2' title='bbox 590 256 592 258; x_wconf 91' lang='lat'>-</span> <span class='ocrx_word' id='word_1_3' title='bbox 863 232 1192 272; x_wconf 59' lang='lat' dir='ltr'><strong>&#39;maci-uus</strong></span> <span class='ocrx_word' id='word_1_4' title='bbox 1234 233 1304 271; x_wconf 72' lang='lat' dir='ltr'><strong>nn</strong></span> <span class='ocrx_word' id='word_1_5' title='bbox 1347 233 1741 276; x_wconf 72' lang='lat' dir='ltr'><strong>romu-murm.</strong></span> 
     </span>
    </p>
   </div>
   <div class='ocr_carea' id='block_1_2' title="bbox 220 374 2366 748">
    <p class='ocr_par' dir='ltr' id='par_1_2' title="bbox 220 374 2366 748">
     <span class='ocr_line' id='line_1_2' title="bbox 229 374 2364 460; baseline 0.005 -22"><span class='ocrx_word' id='word_1_6' title='bbox 229 382 301 438; x_wconf 78' lang='lat' dir='ltr'><strong>in</strong></span> <span class='ocrx_word' id='word_1_7' title='bbox 341 378 631 456; x_wconf 77' lang='lat' dir='ltr'><strong>Pontifice</strong></span> <span class='ocrx_word' id='word_1_8' title='bbox 673 374 942 436; x_wconf 69' lang='lat' dir='ltr'><strong>maaeimo</strong></span> <span class='ocrx_word' id='word_1_9' title='bbox 977 387 1035 435; x_wconf 79' lang='lat' dir='ltr'><strong>et</strong></span> <span class='ocrx_word' id='word_1_10' title='bbox 1076 374 1376 458; x_wconf 74' lang='lat' dir='ltr'><em>Episcopo</em></span> <span class='ocrx_word' id='word_1_11' title='bbox 1409 390 1670 460; x_wconf 76' lang='lat' dir='ltr'><strong>potestas</strong></span> <span class='ocrx_word' id='word_1_12' title='bbox 1711 392 1797 440; x_wconf 75' lang='lat' dir='ltr'><strong>est</strong></span> <span class='ocrx_word' id='word_1_13' title='bbox 1835 387 2147 445; x_wconf 74' lang='lat' dir='ltr'><strong>statuendi</strong></span> <span class='ocrx_word' id='word_1_14' title='bbox 2184 410 2364 448; x_wconf 77' lang='lat' dir='ltr'><strong>casus</strong></span> 
     </span>
     <span class='ocr_line' id='line_1_3' title="bbox 229 474 2362 557; baseline 0.004 -24"><span class='ocrx_word' id='word_1_15' title='bbox 229 482 595 544; x_wconf 75' lang='lat' dir='ltr'><strong>reservatos,</strong></span> <span class='ocrx_word' id='word_1_16' title='bbox 634 477 750 551; x_wconf 84' lang='lat' dir='ltr'><strong>qui</strong></span> <span class='ocrx_word' id='word_1_17' title='bbox 773 494 813 531; x_wconf 82' lang='grc' dir='ltr'><em>α</em></span> <span class='ocrx_word' id='word_1_18' title='bbox 841 475 1052 551; x_wconf 75' lang='lat' dir='ltr'><strong>quovis</strong></span> <span class='ocrx_word' id='word_1_19' title='bbox 1094 474 1401 532; x_wconf 74' lang='lat' dir='ltr'><strong><em>Sacerdote</em></strong></span> <span class='ocrx_word' id='word_1_20' title='bbox 1429 480 1665 535; x_wconf 75' lang='lat' dir='ltr'><em>remitti</em></span> <span class='ocrx_word' id='word_1_21' title='bbox 1698 498 1820 536; x_wconf 78' lang='lat' dir='ltr'><strong>non</strong></span> <span class='ocrx_word' id='word_1_22' title='bbox 1847 491 2107 557; x_wconf 75' lang='lat' dir='ltr'><strong>possunt</strong></span> <span class='ocrx_word' id='word_1_23' title='bbox 2130 487 2258 541; x_wconf 80' lang='lat' dir='ltr'><strong>nisi</strong></span> <span class='ocrx_word' id='word_1_24' title='bbox 2290 488 2362 542; x_wconf 76' lang='lat' dir='ltr'><strong>in</strong></span> 
     </span>
     <span class='ocr_line' id='line_1_4' title="bbox 220 568 2366 656; baseline 0.005 -31"><span class='ocrx_word' id='word_1_25' title='bbox 220 572 497 648; x_wconf 77' lang='lat' dir='ltr'><strong>periculo</strong></span> <span class='ocrx_word' id='word_1_26' title='bbox 525 571 738 626; x_wconf 72' lang='lat' dir='ltr'><strong>mortis</strong></span> <span class='ocrx_word' id='word_1_27' title='bbox 750 611 772 639; x_wconf 88' lang='lat'><strong>,</strong></span> <span class='ocrx_word' id='word_1_28' title='bbox 796 568 851 626; x_wconf 75' lang='lat' dir='ltr'><strong>et</strong></span> <span class='ocrx_word' id='word_1_29' title='bbox 862 569 1309 648; x_wconf 76' lang='lat' dir='ltr'><strong>proescribendi</strong></span> <span class='ocrx_word' id='word_1_30' title='bbox 1329 591 1584 631; x_wconf 76' lang='lat' dir='ltr'><strong>canones</strong></span> <span class='ocrx_word' id='word_1_31' title='bbox 1597 576 2067 651; x_wconf 49' lang='lat' dir='ltr'><strong>paenitentialem</strong></span> <span class='ocrx_word' id='word_1_32' title='bbox 2082 618 2121 634; x_wconf 88' lang='lat'><strong>..</strong></span> <span class='ocrx_word' id='word_1_33' title='bbox 2140 579 2366 656; x_wconf 78' lang='lat' dir='ltr'><strong>quihus</strong></span> 
     </span>
     <span class='ocr_line' id='line_1_5' title="bbox 231 662 1817 748; baseline 0.002 -24"><span class='ocrx_word' id='word_1_34' title='bbox 231 686 272 724; x_wconf 83' lang='lat' dir='ltr'><strong>a</strong></span> <span class='ocrx_word' id='word_1_35' title='bbox 293 663 599 742; x_wconf 76' lang='lat' dir='ltr'><strong>confitente</strong></span> <span class='ocrx_word' id='word_1_36' title='bbox 625 662 917 744; x_wconf 61' lang='lat' dir='ltr'><strong>neglectis.</strong></span> <span class='ocrx_word' id='word_1_37' title='bbox 933 707 971 722; x_wconf 92' lang='lat'><strong>..</strong></span> <span class='ocrx_word' id='word_1_38' title='bbox 994 666 1187 723; x_wconf 79' lang='lat' dir='ltr'><strong>irrita</strong></span> <span class='ocrx_word' id='word_1_39' title='bbox 1210 665 1509 724; x_wconf 81' lang='lat' dir='ltr'><strong>absolutio</strong></span> <span class='ocrx_word' id='word_1_40' title='bbox 1534 678 1678 727; x_wconf 74' lang='lat' dir='ltr'><strong>esset</strong></span> <span class='ocrx_word' id='word_1_41' title='bbox 1707 667 1817 748; x_wconf 91' lang='lat'>(1).</span> 
     </span>
    </p>
   </div>
   <div class='ocr_carea' id='block_1_3' title="bbox 1042 827 1531 871">
    <p class='ocr_par' dir='ltr' id='par_1_3' title="bbox 1042 827 1531 871">
     <span class='ocr_line' id='line_1_6' title="bbox 1042 827 1531 871; baseline 0.002 -2"><span class='ocrx_word' id='word_1_42' title='bbox 1042 827 1531 871; x_wconf 82' lang='lat' dir='ltr'><strong>DIFFICULTATES.</strong></span> 
     </span>
    </p>
   </div>
   <div class='ocr_carea' id='block_1_4' title="bbox 232 965 2380 3636">
    <p class='ocr_par' dir='ltr' id='par_1_4' title="bbox 234 965 2380 1912">
     <span class='ocr_line' id='line_1_7' title="bbox 321 965 2369 1052; baseline 0.003 -27"><span class='ocrx_word' id='word_1_43' title='bbox 321 967 469 1028; x_wconf 79' lang='lat'><strong>270.</strong></span> <span class='ocrx_word' id='word_1_44' title='bbox 493 965 628 1046; x_wconf 81' lang='lat' dir='ltr'><strong>obj.</strong></span> <span class='ocrx_word' id='word_1_45' title='bbox 655 967 873 1050; x_wconf 86' lang='lat' dir='ltr'><strong>prima.</strong></span> <span class='ocrx_word' id='word_1_46' title='bbox 904 967 1267 1050; x_wconf 77' lang='lat' dir='ltr'><strong>1⁰Potesta5,</strong></span> <span class='ocrx_word' id='word_1_47' title='bbox 1293 991 1423 1052; x_wconf 87' lang='lat' dir='ltr'><strong>quae</strong></span> <span class='ocrx_word' id='word_1_48' title='bbox 1444 969 1743 1029; x_wconf 80' lang='lat' dir='ltr'><strong>confertur</strong></span> <span class='ocrx_word' id='word_1_49' title='bbox 1766 967 2194 1047; x_wconf 80' lang='lat' dir='ltr'><strong>SacerdotibuS,</strong></span> <span class='ocrx_word' id='word_1_50' title='bbox 2223 971 2369 1032; x_wconf 87' lang='lat' dir='ltr'><strong>dum</strong></span> 
     </span>
     <span class='ocr_line' id='line_1_8' title="bbox 239 1061 2370 1165; baseline 0.001 -41"><span class='ocrx_word' id='word_1_51' title='bbox 239 1064 691 1165; x_wconf 76' lang='lat' dir='ltr'><strong>inaugurantur,</strong></span> <span class='ocrx_word' id='word_1_52' title='bbox 713 1061 934 1146; x_wconf 83' lang='lat' dir='ltr'><strong>absque</strong></span> <span class='ocrx_word' id='word_1_53' title='bbox 957 1062 1076 1122; x_wconf 89' lang='lat' dir='ltr'><strong>ulla</strong></span> <span class='ocrx_word' id='word_1_54' title='bbox 1101 1066 1497 1126; x_wconf 85' lang='lat' dir='ltr'><strong>reservatione</strong></span> <span class='ocrx_word' id='word_1_55' title='bbox 1516 1076 1628 1142; x_wconf 88' lang='lat' dir='ltr'><strong>est,</strong></span> <span class='ocrx_word' id='word_1_56' title='bbox 1661 1085 1794 1124; x_wconf 84' lang='lat' dir='ltr'><strong>curn</strong></span> <span class='ocrx_word' id='word_1_57' title='bbox 1818 1065 1887 1125; x_wconf 83' lang='lat' dir='ltr'><strong>iis</strong></span> <span class='ocrx_word' id='word_1_58' title='bbox 1910 1065 2168 1125; x_wconf 88' lang='lat' dir='ltr'><strong>dicatur:</strong></span> <span class='ocrx_word' id='word_1_59' title='bbox 2209 1067 2370 1147; x_wconf 78' lang='lat' dir='ltr'><strong>Quo-</strong></span> 
     </span>
     <span class='ocr_line' id='line_1_9' title="bbox 234 1160 2371 1243; baseline 0.001 -23"><span class='ocrx_word' id='word_1_60' title='bbox 234 1162 382 1220; x_wconf 79' lang='lat' dir='ltr'><strong>rum</strong></span> <span class='ocrx_word' id='word_1_61' title='bbox 420 1161 777 1218; x_wconf 73' lang='lat' dir='ltr'><strong>remiseritis</strong></span> <span class='ocrx_word' id='word_1_62' title='bbox 788 1202 811 1231; x_wconf 89' lang='lat'><strong>,</strong></span> <span class='ocrx_word' id='word_1_63' title='bbox 852 1169 963 1219; x_wconf 90' lang='lat' dir='ltr'><strong>etc.</strong></span> <span class='ocrx_word' id='word_1_64' title='bbox 1002 1160 1139 1219; x_wconf 88' lang='lat' dir='ltr'><strong>Haec</strong></span> <span class='ocrx_word' id='word_1_65' title='bbox 1173 1171 1370 1219; x_wconf 87' lang='lat' dir='ltr'><strong>autem</strong></span> <span class='ocrx_word' id='word_1_66' title='bbox 1400 1160 1644 1220; x_wconf 87' lang='lat' dir='ltr'><strong>facultas</strong></span> <span class='ocrx_word' id='word_1_67' title='bbox 1681 1160 1965 1241; x_wconf 79' lang='lat' dir='ltr'><strong>generalis</strong></span> <span class='ocrx_word' id='word_1_68' title='bbox 2006 1161 2231 1243; x_wconf 89' lang='lat' dir='ltr'><strong>concipi</strong></span> <span class='ocrx_word' id='word_1_69' title='bbox 2271 1184 2371 1222; x_wconf 91' lang='lat' dir='ltr'><strong>ne-</strong></span> 
     </span>
     <span class='ocr_line' id='line_1_10' title="bbox 234 1253 2370 1338; baseline 0.002 -25"><span class='ocrx_word' id='word_1_70' title='bbox 234 1256 399 1338; x_wconf 82' lang='lat' dir='ltr'><strong>quit,</strong></span> <span class='ocrx_word' id='word_1_71' title='bbox 441 1255 922 1338; x_wconf 86' lang='lat' dir='ltr'><strong>quotiescumque</strong></span> <span class='ocrx_word' id='word_1_72' title='bbox 966 1253 1041 1314; x_wconf 89' lang='lat' dir='ltr'><strong>ab</strong></span> <span class='ocrx_word' id='word_1_73' title='bbox 1077 1255 1239 1314; x_wconf 91' lang='lat' dir='ltr'><strong>omni</strong></span> <span class='ocrx_word' id='word_1_74' title='bbox 1273 1267 1511 1338; x_wconf 93' lang='lat' dir='ltr'><strong>peccato</strong></span> <span class='ocrx_word' id='word_1_75' title='bbox 1558 1256 1899 1316; x_wconf 90' lang='lat' dir='ltr'><strong>Sacerdotes</strong></span> <span class='ocrx_word' id='word_1_76' title='bbox 1929 1277 2134 1315; x_wconf 88' lang='lat' dir='ltr'><strong>omnes</strong></span> <span class='ocrx_word' id='word_1_77' title='bbox 2175 1254 2370 1317; x_wconf 85' lang='lat' dir='ltr'><strong>valide</strong></span> 
     </span>
     <span class='ocr_line' id='line_1_11' title="bbox 234 1348 2366 1433; baseline 0.001 -25"><span class='ocrx_word' id='word_1_78' title='bbox 234 1371 359 1409; x_wconf 90' lang='lat' dir='ltr'><strong>non</strong></span> <span class='ocrx_word' id='word_1_79' title='bbox 387 1348 718 1411; x_wconf 86' lang='lat' dir='ltr'><strong>absolvant.</strong></span> <span class='ocrx_word' id='word_1_80' title='bbox 747 1351 816 1408; x_wconf 77' lang='lat'><strong>20</strong></span> <span class='ocrx_word' id='word_1_81' title='bbox 842 1348 1252 1410; x_wconf 80' lang='lat' dir='ltr'><strong>Tridentinum</strong></span> <span class='ocrx_word' id='word_1_82' title='bbox 1269 1396 1285 1426; x_wconf 89' lang='lat'><strong>,</strong></span> <span class='ocrx_word' id='word_1_83' title='bbox 1306 1372 1442 1411; x_wconf 73' lang='lat' dir='ltr'><strong>sese.</strong></span> <span class='ocrx_word' id='word_1_84' title='bbox 1462 1352 1677 1429; x_wconf 86' lang='lat' dir='ltr'><strong>XXIII,</strong></span> <span class='ocrx_word' id='word_1_85' title='bbox 1705 1372 1833 1433; x_wconf 85' lang='lat' dir='ltr'><strong>cap.</strong></span> <span class='ocrx_word' id='word_1_86' title='bbox 1863 1354 1886 1410; x_wconf 96' lang='lat' dir='ltr'>I</span> <span class='ocrx_word' id='word_1_87' title='bbox 1909 1397 1925 1428; x_wconf 85' lang='lat'><strong>,</strong></span> <span class='ocrx_word' id='word_1_88' title='bbox 1952 1350 2159 1410; x_wconf 88' lang='lat' dir='ltr'><strong>eodem</strong></span> <span class='ocrx_word' id='word_1_89' title='bbox 2187 1350 2366 1411; x_wconf 91' lang='lat' dir='ltr'><strong>modo</strong></span> 
     </span>
     <span class='ocr_line' id='line_1_12' title="bbox 235 1444 2364 1529; baseline 0.001 -25"><span class='ocrx_word' id='word_1_90' title='bbox 235 1444 500 1528; x_wconf 88' lang='lat' dir='ltr'><strong>loquitur</strong></span> <span class='ocrx_word' id='word_1_91' title='bbox 551 1444 626 1507; x_wconf 90' lang='lat' dir='ltr'><strong>de</strong></span> <span class='ocrx_word' id='word_1_92' title='bbox 661 1457 952 1528; x_wconf 87' lang='lat' dir='ltr'><strong>potestate</strong></span> <span class='ocrx_word' id='word_1_93' title='bbox 992 1468 1025 1506; x_wconf 90' lang='lat' dir='ltr'><strong>a</strong></span> <span class='ocrx_word' id='word_1_94' title='bbox 1065 1445 1297 1506; x_wconf 85' lang='lat' dir='ltr'><strong>Christo</strong></span> <span class='ocrx_word' id='word_1_95' title='bbox 1334 1446 1619 1529; x_wconf 89' lang='lat' dir='ltr'><strong>Apostolis</strong></span> <span class='ocrx_word' id='word_1_96' title='bbox 1663 1447 1912 1522; x_wconf 88' lang='lat' dir='ltr'><strong>tradita,</strong></span> <span class='ocrx_word' id='word_1_97' title='bbox 1944 1469 2267 1527; x_wconf 73' lang='lat' dir='ltr'><strong>eorumque</strong></span> <span class='ocrx_word' id='word_1_98' title='bbox 2293 1452 2364 1507; x_wconf 84' lang='lat' dir='ltr'><strong>in</strong></span> 
     </span>
     <span class='ocr_line' id='line_1_13' title="bbox 235 1544 2380 1624; baseline -0 -22"><span class='ocrx_word' id='word_1_99' title='bbox 235 1544 579 1603; x_wconf 67' lang='lat' dir='ltr'><strong>Sacer-detio</strong></span> <span class='ocrx_word' id='word_1_100' title='bbox 605 1544 1078 1620; x_wconf 69' lang='lat' dir='ltr'><strong>successorihus,</strong></span> <span class='ocrx_word' id='word_1_101' title='bbox 1115 1545 1544 1616; x_wconf 78' lang='lat' dir='ltr'><strong>consecrandi,</strong></span> <span class='ocrx_word' id='word_1_102' title='bbox 1576 1544 1864 1624; x_wconf 73' lang='lat' dir='ltr'><strong>offerendi</strong></span> <span class='ocrx_word' id='word_1_103' title='bbox 1883 1554 1939 1604; x_wconf 76' lang='lat' dir='ltr'><strong>et</strong></span> <span class='ocrx_word' id='word_1_104' title='bbox 1970 1544 2380 1602; x_wconf 77' lang='lat' dir='ltr'><strong>ministrandi</strong></span> 
     </span>
     <span class='ocr_line' id='line_1_14' title="bbox 241 1639 2379 1720; baseline -0 -22"><span class='ocrx_word' id='word_1_105' title='bbox 241 1639 476 1719; x_wconf 80' lang='lat' dir='ltr'><strong>Corpus</strong></span> <span class='ocrx_word' id='word_1_106' title='bbox 499 1650 555 1698; x_wconf 79' lang='lat' dir='ltr'><strong>et</strong></span> <span class='ocrx_word' id='word_1_107' title='bbox 579 1641 954 1720; x_wconf 73' lang='lat' dir='ltr'><strong>Saozquinem</strong></span> <span class='ocrx_word' id='word_1_108' title='bbox 973 1642 1263 1712; x_wconf 77' lang='lat' dir='ltr'><strong>Domini,</strong></span> <span class='ocrx_word' id='word_1_109' title='bbox 1304 1661 1370 1699; x_wconf 90' lang='lat' dir='ltr'><strong>ac</strong></span> <span class='ocrx_word' id='word_1_110' title='bbox 1391 1641 1461 1698; x_wconf 85' lang='lat' dir='ltr'><strong>de</strong></span> <span class='ocrx_word' id='word_1_111' title='bbox 1464 1650 1746 1720; x_wconf 77' lang='lat' dir='ltr'><strong>potestate</strong></span> <span class='ocrx_word' id='word_1_112' title='bbox 1762 1650 2007 1720; x_wconf 80' lang='lat' dir='ltr'><strong>peccata</strong></span> <span class='ocrx_word' id='word_1_113' title='bbox 2026 1639 2379 1698; x_wconf 78' lang='lat' dir='ltr'><strong>dimittendi</strong></span> 
     </span>
     <span class='ocr_line' id='line_1_15' title="bbox 236 1734 2370 1816; baseline 0 -24"><span class='ocrx_word' id='word_1_114' title='bbox 236 1744 295 1792; x_wconf 74' lang='lat' dir='ltr'><strong>et</strong></span> <span class='ocrx_word' id='word_1_115' title='bbox 328 1736 640 1793; x_wconf 72' lang='lat' dir='ltr'><strong>retinendi</strong></span> <span class='ocrx_word' id='word_1_116' title='bbox 653 1758 673 1801; x_wconf 89' lang='lat'><em>;</em></span> <span class='ocrx_word' id='word_1_117' title='bbox 718 1735 879 1816; x_wconf 90' lang='lat' dir='ltr'><strong>atqui</strong></span> <span class='ocrx_word' id='word_1_118' title='bbox 932 1745 1191 1816; x_wconf 88' lang='lat' dir='ltr'><strong>potestas</strong></span> <span class='ocrx_word' id='word_1_119' title='bbox 1241 1735 1620 1794; x_wconf 91' lang='lat' dir='ltr'><strong>consecrandi</strong></span> <span class='ocrx_word' id='word_1_120' title='bbox 1668 1734 1833 1794; x_wconf 89' lang='lat' dir='ltr'><strong>nullo</strong></span> <span class='ocrx_word' id='word_1_121' title='bbox 1882 1734 2059 1794; x_wconf 91' lang='lat' dir='ltr'><strong>modo</strong></span> <span class='ocrx_word' id='word_1_122' title='bbox 2111 1734 2326 1794; x_wconf 75' lang='lat' dir='ltr'><strong>aul’erri</strong></span> <span class='ocrx_word' id='word_1_123' title='bbox 2352 1779 2370 1811; x_wconf 84' lang='lat'>‚</span> 
     </span>
     <span class='ocr_line' id='line_1_16' title="bbox 237 1828 2365 1912; baseline 0 -24"><span class='ocrx_word' id='word_1_124' title='bbox 237 1828 521 1909; x_wconf 86' lang='lat' dir='ltr'><strong>suspendi</strong></span> <span class='ocrx_word' id='word_1_125' title='bbox 551 1828 1075 1888; x_wconf 82' lang='lat' dir='ltr'><strong>aut&#39;circumscribi</strong></span> <span class='ocrx_word' id='word_1_126' title='bbox 1096 1841 1319 1911; x_wconf 74' lang='lat' dir='ltr'><strong>potest3</strong></span> <span class='ocrx_word' id='word_1_127' title='bbox 1347 1851 1483 1909; x_wconf 79' lang='lat' dir='ltr'><strong>ergo</strong></span> <span class='ocrx_word' id='word_1_128' title='bbox 1505 1851 1695 1912; x_wconf 88' lang='lat' dir='ltr'><strong>neque</strong></span> <span class='ocrx_word' id='word_1_129' title='bbox 1719 1842 1977 1912; x_wconf 88' lang='lat' dir='ltr'><strong>potestas</strong></span> <span class='ocrx_word' id='word_1_130' title='bbox 2003 1829 2365 1890; x_wconf 83' lang='lat' dir='ltr'><strong>absolvendi.</strong></span> 
     </span>
    </p>

    <p class='ocr_par' dir='ltr' id='par_1_5' title="bbox 233 1924 2371 3054">
     <span class='ocr_line' id='line_1_17' title="bbox 318 1924 2367 2006; baseline 0 -24"><span class='ocrx_word' id='word_1_131' title='bbox 318 1925 462 1983; x_wconf 83' lang='lat'>271.</span> <span class='ocrx_word' id='word_1_132' title='bbox 512 1926 688 2005; x_wconf 87' lang='lat' dir='ltr'><strong>Resp.</strong></span> <span class='ocrx_word' id='word_1_133' title='bbox 730 1924 820 1984; x_wconf 92' lang='lat' dir='ltr'><strong>Ad</strong></span> <span class='ocrx_word' id='word_1_134' title='bbox 853 1925 932 1982; x_wconf 81' lang='lat'><strong>1¹¹²</strong></span> <span class='ocrx_word' id='word_1_135' title='bbox 952 1969 968 1999; x_wconf 83' lang='lat'><strong>,</strong></span> <span class='ocrx_word' id='word_1_136' title='bbox 1008 1926 1165 1984; x_wconf 77' lang='lat' dir='ltr'><strong>Disc.</strong></span> <span class='ocrx_word' id='word_1_137' title='bbox 1206 1924 1351 2001; x_wconf 88' lang='lat' dir='ltr'><strong>Quae</strong></span> <span class='ocrx_word' id='word_1_138' title='bbox 1381 1935 1580 1983; x_wconf 89' lang='lat' dir='ltr'><strong>tamen</strong></span> <span class='ocrx_word' id='word_1_139' title='bbox 1611 1946 1683 1984; x_wconf 84' lang='lat' dir='ltr'><strong>ex</strong></span> <span class='ocrx_word' id='word_1_140' title='bbox 1719 1925 1845 2005; x_wconf 89' lang='lat' dir='ltr'><strong>ipsa</strong></span> <span class='ocrx_word' id='word_1_141' title='bbox 1876 1936 2086 1984; x_wconf 87' lang='lat' dir='ltr'><strong>natura</strong></span> <span class='ocrx_word' id='word_1_142' title='bbox 2113 1925 2198 1984; x_wconf 87' lang='lat' dir='ltr'><strong>rei</strong></span> <span class='ocrx_word' id='word_1_143' title='bbox 2223 1946 2367 2006; x_wconf 85' lang='lat' dir='ltr'><strong>sup—</strong></span> 
     </span>
     <span class='ocr_line' id='line_1_18' title="bbox 234 2017 2367 2102; baseline 0 -25"><span class='ocrx_word' id='word_1_144' title='bbox 234 2020 478 2102; x_wconf 89' lang='lat' dir='ltr'><strong>ponitur</strong></span> <span class='ocrx_word' id='word_1_145' title='bbox 501 2041 567 2079; x_wconf 92' lang='lat' dir='ltr'><strong>ac</strong></span> <span class='ocrx_word' id='word_1_146' title='bbox 591 2018 1084 2099; x_wconf 76' lang='lat' dir='ltr'><strong>subintelligitur,</strong></span> <span class='ocrx_word' id='word_1_147' title='bbox 1124 2041 1322 2094; x_wconf 82' lang='lat' dir='ltr'><strong>conc.‚·</strong></span> <span class='ocrx_word' id='word_1_148' title='bbox 1349 2041 1542 2097; x_wconf 78' lang='lat' dir='ltr'><strong>schS,</strong></span> <span class='ocrx_word' id='word_1_149' title='bbox 1577 2042 1709 2100; x_wconf 73' lang='lat' dir='ltr'><strong>neq.</strong></span> <span class='ocrx_word' id='word_1_150' title='bbox 1746 2021 1807 2078; x_wconf 79' lang='lat' dir='ltr'><strong>Si</strong></span> <span class='ocrx_word' id='word_1_151' title='bbox 1842 2019 1985 2102; x_wconf 88' lang='lat' dir='ltr'><strong>quid</strong></span> <span class='ocrx_word' id='word_1_152' title='bbox 2017 2017 2179 2079; x_wconf 88' lang='lat' dir='ltr'><strong>enim</strong></span> <span class='ocrx_word' id='word_1_153' title='bbox 2209 2021 2367 2079; x_wconf 88' lang='lat' dir='ltr'><strong>evin-</strong></span> 
     </span>
     <span class='ocr_line' id='line_1_19' title="bbox 236 2102 2371 2198; baseline -0 -23"><span class='ocrx_word' id='word_1_154' title='bbox 236 2127 394 2176; x_wconf 90' lang='lat' dir='ltr'><strong>ceret</strong></span> <span class='ocrx_word' id='word_1_155' title='bbox 408 2115 879 2177; x_wconf 87' lang='lat' dir='ltr'><strong>adversariorum</strong></span> <span class='ocrx_word' id='word_1_156' title='bbox 902 2102 1353 2196; x_wconf 79' lang='lat' dir='ltr'><strong>argumentati0‚</strong></span> <span class='ocrx_word' id='word_1_157' title='bbox 1376 2115 1584 2176; x_wconf 89' lang='lat' dir='ltr'><strong>eodem</strong></span> <span class='ocrx_word' id='word_1_158' title='bbox 1594 2120 1726 2193; x_wconf 87' lang='lat' dir='ltr'><strong>jure</strong></span> <span class='ocrx_word' id='word_1_159' title='bbox 1746 2115 1949 2183; x_wconf 85' lang='lat' dir='ltr'><strong>inferri</strong></span> <span class='ocrx_word' id='word_1_160' title='bbox 1966 2126 2159 2198; x_wconf 89' lang='lat' dir='ltr'><strong>posset</strong></span> <span class='ocrx_word' id='word_1_161' title='bbox 2178 2137 2191 2173; x_wconf 91' lang='lat'>:</span> <span class='ocrx_word' id='word_1_162' title='bbox 2213 2137 2371 2196; x_wconf 80' lang='lat' dir='ltr'><strong>ergO,</strong></span> 
     </span>
     <span class='ocr_line' id='line_1_20' title="bbox 237 2211 2368 2295; baseline -0.001 -24"><span class='ocrx_word' id='word_1_163' title='bbox 237 2212 373 2295; x_wconf 90' lang='lat' dir='ltr'><strong>quia</strong></span> <span class='ocrx_word' id='word_1_164' title='bbox 398 2211 560 2271; x_wconf 89' lang='lat' dir='ltr'><strong>nulla</strong></span> <span class='ocrx_word' id='word_1_165' title='bbox 588 2212 742 2273; x_wconf 89' lang='lat' dir='ltr'><strong>verae</strong></span> <span class='ocrx_word' id='word_1_166' title='bbox 767 2212 1137 2271; x_wconf 85' lang='lat' dir='ltr'><strong>Poenitentiae</strong></span> <span class='ocrx_word' id='word_1_167' title='bbox 1156 2213 1224 2271; x_wconf 91' lang='lat' dir='ltr'><strong>fit</strong></span> <span class='ocrx_word' id='word_1_168' title='bbox 1247 2213 1471 2271; x_wconf 89' lang='lat' dir='ltr'><strong>mentio</strong></span> <span class='ocrx_word' id='word_1_169' title='bbox 1493 2257 1508 2287; x_wconf 74' lang='lat'><strong>,</strong></span> <span class='ocrx_word' id='word_1_170' title='bbox 1536 2211 1785 2294; x_wconf 87' lang='lat' dir='ltr'><strong>quilibet</strong></span> <span class='ocrx_word' id='word_1_171' title='bbox 1814 2213 1923 2272; x_wconf 90' lang='lat' dir='ltr'><strong>etsi</strong></span> <span class='ocrx_word' id='word_1_172' title='bbox 1946 2211 2328 2294; x_wconf 87' lang='lat' dir='ltr'><strong>impoenitens</strong></span> <span class='ocrx_word' id='word_1_173' title='bbox 2351 2255 2368 2287; x_wconf 83' lang='lat'><strong>,</strong></span> 
     </span>
     <span class='ocr_line' id='line_1_21' title="bbox 236 2307 2369 2391; baseline -0.001 -22"><span class='ocrx_word' id='word_1_174' title='bbox 236 2330 307 2369; x_wconf 87' lang='lat' dir='ltr'><strong>ex</strong></span> <span class='ocrx_word' id='word_1_175' title='bbox 342 2331 410 2369; x_wconf 91' lang='lat' dir='ltr'><strong>eo</strong></span> <span class='ocrx_word' id='word_1_176' title='bbox 442 2309 601 2391; x_wconf 89' lang='lat' dir='ltr'><strong>quod</strong></span> <span class='ocrx_word' id='word_1_177' title='bbox 625 2319 860 2391; x_wconf 86' lang='lat' dir='ltr'><strong>peccata</strong></span> <span class='ocrx_word' id='word_1_178' title='bbox 884 2330 987 2367; x_wconf 91' lang='lat' dir='ltr'><strong>sua</strong></span> <span class='ocrx_word' id='word_1_179' title='bbox 1014 2310 1361 2368; x_wconf 89' lang='lat' dir='ltr'><strong>confiteatur</strong></span> <span class='ocrx_word' id='word_1_180' title='bbox 1384 2353 1400 2384; x_wconf 86' lang='lat'><strong>,</strong></span> <span class='ocrx_word' id='word_1_181' title='bbox 1437 2310 1546 2368; x_wconf 90' lang='lat' dir='ltr'><strong>erit</strong></span> <span class='ocrx_word' id='word_1_182' title='bbox 1577 2307 2004 2383; x_wconf 76' lang='lat' dir='ltr'><strong>absolvendus3</strong></span> <span class='ocrx_word' id='word_1_183' title='bbox 2042 2329 2209 2388; x_wconf 84' lang='lat' dir='ltr'><strong>erg0‚</strong></span> <span class='ocrx_word' id='word_1_184' title='bbox 2234 2307 2369 2388; x_wconf 90' lang='lat' dir='ltr'><strong>quia</strong></span> 
     </span>
     <span class='ocr_line' id='line_1_22' title="bbox 234 2401 2370 2487; baseline -0.001 -23"><span class='ocrx_word' id='word_1_185' title='bbox 234 2405 402 2465; x_wconf 88' lang='lat' dir='ltr'><strong>nulla</strong></span> <span class='ocrx_word' id='word_1_186' title='bbox 442 2405 525 2464; x_wconf 90' lang='lat' dir='ltr'><strong>ibi</strong></span> <span class='ocrx_word' id='word_1_187' title='bbox 564 2407 632 2464; x_wconf 93' lang='lat' dir='ltr'><strong>fit</strong></span> <span class='ocrx_word' id='word_1_188' title='bbox 667 2404 938 2463; x_wconf 86' lang='lat' dir='ltr'><strong>limitatio</strong></span> <span class='ocrx_word' id='word_1_189' title='bbox 981 2404 1090 2465; x_wconf 91' lang='lat' dir='ltr'><strong>loci</strong></span> <span class='ocrx_word' id='word_1_190' title='bbox 1111 2450 1127 2478; x_wconf 85' lang='lat'><strong>,</strong></span> <span class='ocrx_word' id='word_1_191' title='bbox 1171 2404 1439 2487; x_wconf 88' lang='lat' dir='ltr'><strong>Episcopi</strong></span> <span class='ocrx_word' id='word_1_192' title='bbox 1469 2426 1673 2464; x_wconf 89' lang='lat' dir='ltr'><strong>omnes</strong></span> <span class='ocrx_word' id='word_1_193' title='bbox 1706 2404 2046 2464; x_wconf 84' lang='lat' dir='ltr'><strong>auctoritate</strong></span> <span class='ocrx_word' id='word_1_194' title='bbox 2076 2401 2370 2462; x_wconf 88' lang='lat' dir='ltr'><strong>ordinaria</strong></span> 
     </span>
     <span class='ocr_line' id='line_1_23' title="bbox 235 2497 2363 2583; baseline -0.002 -23"><span class='ocrx_word' id='word_1_195' title='bbox 235 2502 299 2560; x_wconf 91' lang='lat' dir='ltr'><strong>in</strong></span> <span class='ocrx_word' id='word_1_196' title='bbox 327 2500 517 2561; x_wconf 88' lang='lat' dir='ltr'><strong>aliena</strong></span> <span class='ocrx_word' id='word_1_197' title='bbox 547 2500 787 2563; x_wconf 89' lang='lat' dir='ltr'><strong>dioecesi</strong></span> <span class='ocrx_word' id='word_1_198' title='bbox 810 2512 1093 2583; x_wconf 88' lang='lat' dir='ltr'><strong>poterunt</strong></span> <span class='ocrx_word' id='word_1_199' title='bbox 1118 2499 1410 2583; x_wconf 90' lang='lat' dir='ltr'><strong>quoslibet</strong></span> <span class='ocrx_word' id='word_1_200' title='bbox 1438 2499 1758 2562; x_wconf 91' lang='lat' dir='ltr'><strong>absolvere.</strong></span> <span class='ocrx_word' id='word_1_201' title='bbox 1792 2501 1931 2573; x_wconf 84' lang='lat' dir='ltr'><strong>Quae</strong></span> <span class='ocrx_word' id='word_1_202' title='bbox 1967 2498 2207 2581; x_wconf 89' lang='lat' dir='ltr'><strong>quidem</strong></span> <span class='ocrx_word' id='word_1_203' title='bbox 2228 2497 2363 2556; x_wconf 90' lang='lat' dir='ltr'><strong>alia-</strong></span> 
     </span>
     <span class='ocr_line' id='line_1_24' title="bbox 241 2595 2370 2680; baseline -0.002 -25"><span class='ocrx_word' id='word_1_204' title='bbox 241 2619 355 2680; x_wconf 91' lang='lat' dir='ltr'><strong>que</strong></span> <span class='ocrx_word' id='word_1_205' title='bbox 386 2597 676 2677; x_wconf 86' lang='lat' dir='ltr'><strong>ejusmodi</strong></span> <span class='ocrx_word' id='word_1_206' title='bbox 701 2595 996 2678; x_wconf 81' lang='lat' dir='ltr'><strong>paradoxa</strong></span> <span class='ocrx_word' id='word_1_207' title='bbox 1026 2618 1159 2655; x_wconf 90' lang='lat' dir='ltr'><strong>cum</strong></span> <span class='ocrx_word' id='word_1_208' title='bbox 1185 2596 1419 2679; x_wconf 87' lang='lat' dir='ltr'><strong>probari</strong></span> <span class='ocrx_word' id='word_1_209' title='bbox 1445 2608 1744 2679; x_wconf 86' lang='lat' dir='ltr'><strong>nequeant</strong></span> <span class='ocrx_word' id='word_1_210' title='bbox 1771 2595 1996 2655; x_wconf 90' lang='lat' dir='ltr'><strong>homini</strong></span> <span class='ocrx_word' id='word_1_211' title='bbox 2026 2616 2168 2654; x_wconf 90' lang='lat' dir='ltr'><strong>sano</strong></span> <span class='ocrx_word' id='word_1_212' title='bbox 2189 2639 2204 2668; x_wconf 86' lang='lat'><strong>,</strong></span> <span class='ocrx_word' id='word_1_213' title='bbox 2239 2614 2370 2652; x_wconf 90' lang='lat' dir='ltr'><strong>con·</strong></span> 
     </span>
     <span class='ocr_line' id='line_1_25' title="bbox 236 2691 2364 2775; baseline -0.002 -23"><span class='ocrx_word' id='word_1_214' title='bbox 236 2714 488 2775; x_wconf 89' lang='lat' dir='ltr'><strong>sequens</strong></span> <span class='ocrx_word' id='word_1_215' title='bbox 519 2692 767 2775; x_wconf 85' lang='lat' dir='ltr'><strong>proinde</strong></span> <span class='ocrx_word' id='word_1_216' title='bbox 790 2704 880 2752; x_wconf 92' lang='lat' dir='ltr'><strong>est</strong></span> <span class='ocrx_word' id='word_1_217' title='bbox 897 2738 914 2769; x_wconf 84' lang='lat'>‚</span> <span class='ocrx_word' id='word_1_218' title='bbox 940 2691 1119 2754; x_wconf 88' lang='lat' dir='ltr'><strong>verba</strong></span> <span class='ocrx_word' id='word_1_219' title='bbox 1150 2691 1519 2772; x_wconf 80' lang='lat' dir='ltr'><strong>evangelica:</strong></span> <span class='ocrx_word' id='word_1_220' title='bbox 1546 2693 1814 2773; x_wconf 75' lang='lat' dir='ltr'><strong>Quorum</strong></span> <span class='ocrx_word' id='word_1_221' title='bbox 1832 2694 2185 2751; x_wconf 77' lang='lat' dir='ltr'><strong>remiseritis</strong></span> <span class='ocrx_word' id='word_1_222' title='bbox 2205 2734 2228 2761; x_wconf 86' lang='lat'><strong>,</strong></span> <span class='ocrx_word' id='word_1_223' title='bbox 2253 2701 2364 2748; x_wconf 86' lang='lat' dir='ltr'><strong>etc.</strong></span> 
     </span>
     <span class='ocr_line' id='line_1_26' title="bbox 235 2785 2368 2870; baseline -0.002 -23"><span class='ocrx_word' id='word_1_224' title='bbox 235 2787 614 2868; x_wconf 80' lang='lat' dir='ltr'><strong>intelligenda</strong></span> <span class='ocrx_word' id='word_1_225' title='bbox 650 2810 774 2848; x_wconf 90' lang='lat' dir='ltr'><strong>esse</strong></span> <span class='ocrx_word' id='word_1_226' title='bbox 813 2810 945 2848; x_wconf 89' lang='lat' dir='ltr'><strong>cum</strong></span> <span class='ocrx_word' id='word_1_227' title='bbox 982 2810 1048 2848; x_wconf 90' lang='lat' dir='ltr'><strong>ea</strong></span> <span class='ocrx_word' id='word_1_228' title='bbox 1074 2789 1644 2870; x_wconf 73' lang='lat' dir='ltr'><strong>circumscriptione,</strong></span> <span class='ocrx_word' id='word_1_229' title='bbox 1672 2810 1851 2870; x_wconf 88' lang='lat' dir='ltr'><strong>quam</strong></span> <span class='ocrx_word' id='word_1_230' title='bbox 1871 2788 1994 2869; x_wconf 91' lang='lat' dir='ltr'><strong>ipsa</strong></span> <span class='ocrx_word' id='word_1_231' title='bbox 2028 2785 2206 2846; x_wconf 89' lang='lat' dir='ltr'><strong>verba</strong></span> <span class='ocrx_word' id='word_1_232' title='bbox 2245 2807 2368 2844; x_wconf 90' lang='lat' dir='ltr'><strong>non</strong></span> 
     </span>
     <span class='ocr_line' id='line_1_27' title="bbox 236 2879 2367 2966; baseline -0.001 -23"><span class='ocrx_word' id='word_1_233' title='bbox 236 2883 559 2944; x_wconf 82' lang='lat' dir='ltr'><strong>excludunt</strong></span> <span class='ocrx_word' id='word_1_234' title='bbox 578 2929 593 2958; x_wconf 87' lang='lat'><strong>,</strong></span> <span class='ocrx_word' id='word_1_235' title='bbox 632 2885 753 2943; x_wconf 90' lang='lat' dir='ltr'><strong>imo</strong></span> <span class='ocrx_word' id='word_1_236' title='bbox 784 2897 1129 2966; x_wconf 88' lang='lat' dir='ltr'><strong>supponunt</strong></span> <span class='ocrx_word' id='word_1_237' title='bbox 1154 2895 1330 2966; x_wconf 91' lang='lat' dir='ltr'><strong>atque</strong></span> <span class='ocrx_word' id='word_1_238' title='bbox 1357 2894 1696 2965; x_wconf 82' lang='lat' dir='ltr'><strong>exposcunt.</strong></span> <span class='ocrx_word' id='word_1_239' title='bbox 1728 2884 1802 2942; x_wconf 90' lang='lat' dir='ltr'><strong>At</strong></span> <span class='ocrx_word' id='word_1_240' title='bbox 1833 2883 1958 2942; x_wconf 80' lang='lat' dir='ltr'><strong>haec</strong></span> <span class='ocrx_word' id='word_1_241' title='bbox 1987 2881 2261 2941; x_wconf 88' lang='lat' dir='ltr'><strong>limitatio</strong></span> <span class='ocrx_word' id='word_1_242' title='bbox 2291 2879 2367 2940; x_wconf 90' lang='lat' dir='ltr'><strong>ab</strong></span> 
     </span>
     <span class='ocr_line' id='line_1_28' title="bbox 233 2977 2161 3054; baseline -0.002 -16"><span class='ocrx_word' id='word_1_243' title='bbox 233 2979 526 3039; x_wconf 87' lang='lat' dir='ltr'><strong>infallibili</strong></span> <span class='ocrx_word' id='word_1_244' title='bbox 565 2979 830 3040; x_wconf 83' lang='lat' dir='ltr'><strong>Ecclesiae</strong></span> <span class='ocrx_word' id='word_1_245' title='bbox 861 2979 1096 3040; x_wconf 89' lang='lat' dir='ltr'><strong>decreto</strong></span> <span class='ocrx_word' id='word_1_246' title='bbox 1127 2979 1418 3040; x_wconf 86' lang='lat' dir='ltr'><strong>declarata</strong></span> <span class='ocrx_word' id='word_1_247' title='bbox 1458 2978 1605 3054; x_wconf 86' lang='lat' dir='ltr'><strong>fuit,</strong></span> <span class='ocrx_word' id='word_1_248' title='bbox 1646 2979 1733 3036; x_wconf 88' lang='lat' dir='ltr'><strong>uti</strong></span> <span class='ocrx_word' id='word_1_249' title='bbox 1774 2977 2161 3037; x_wconf 56' lang='lat' dir='ltr'><strong>ostendimus</strong></span> 
     </span>
    </p>

    <p class='ocr_par' dir='ltr' id='par_1_6' title="bbox 232 3071 2373 3636">
     <span class='ocr_line' id='line_1_29' title="bbox 316 3071 2373 3154; baseline -0.001 -21"><span class='ocrx_word' id='word_1_250' title='bbox 316 3075 458 3134; x_wconf 80' lang='lat'><strong>272.</strong></span> <span class='ocrx_word' id='word_1_251' title='bbox 487 3075 578 3135; x_wconf 89' lang='lat' dir='ltr'><strong>Ad</strong></span> <span class='ocrx_word' id='word_1_252' title='bbox 590 3076 675 3134; x_wconf 76' lang='lat'><strong>2¹¹¹</strong></span> <span class='ocrx_word' id='word_1_253' title='bbox 694 3121 710 3151; x_wconf 81' lang='lat'><strong>,</strong></span> <span class='ocrx_word' id='word_1_254' title='bbox 740 3079 900 3136; x_wconf 81' lang='lat' dir='ltr'><strong>Dist.</strong></span> <span class='ocrx_word' id='word_1_255' title='bbox 932 3074 1152 3135; x_wconf 87' lang='lat' dir='ltr'><strong>Eodem</strong></span> <span class='ocrx_word' id='word_1_256' title='bbox 1183 3074 1359 3133; x_wconf 89' lang='lat' dir='ltr'><strong>modo</strong></span> <span class='ocrx_word' id='word_1_257' title='bbox 1388 3073 1646 3154; x_wconf 87' lang='lat' dir='ltr'><strong>loquitur</strong></span> <span class='ocrx_word' id='word_1_258' title='bbox 1675 3073 2088 3133; x_wconf 86' lang='lat' dir='ltr'><strong>Tridentinum</strong></span> <span class='ocrx_word' id='word_1_259' title='bbox 2118 3071 2191 3131; x_wconf 90' lang='lat' dir='ltr'><strong>de</strong></span> <span class='ocrx_word' id='word_1_260' title='bbox 2218 3082 2373 3131; x_wconf 83' lang='lat' dir='ltr'><strong>utra·</strong></span> 
     </span>
     <span class='ocr_line' id='line_1_30' title="bbox 236 3166 2372 3252; baseline -0.001 -24"><span class='ocrx_word' id='word_1_261' title='bbox 236 3190 350 3251; x_wconf 88' lang='lat' dir='ltr'><strong>que</strong></span> <span class='ocrx_word' id='word_1_262' title='bbox 385 3182 676 3252; x_wconf 86' lang='lat' dir='ltr'><strong>potestate</strong></span> <span class='ocrx_word' id='word_1_263' title='bbox 697 3217 713 3246; x_wconf 86' lang='lat'><strong>,</strong></span> <span class='ocrx_word' id='word_1_264' title='bbox 740 3183 801 3230; x_wconf 88' lang='lat' dir='ltr'><strong>at</strong></span> <span class='ocrx_word' id='word_1_265' title='bbox 830 3170 1063 3232; x_wconf 83' lang='lat' dir='ltr'><strong>diverso</strong></span> <span class='ocrx_word' id='word_1_266' title='bbox 1091 3191 1264 3230; x_wconf 87' lang='lat' dir='ltr'><strong>sensu</strong></span> <span class='ocrx_word' id='word_1_267' title='bbox 1286 3215 1302 3245; x_wconf 88' lang='lat'><strong>,</strong></span> <span class='ocrx_word' id='word_1_268' title='bbox 1333 3191 1526 3237; x_wconf 80' lang='lat' dir='ltr'><strong>conc.,·</strong></span> <span class='ocrx_word' id='word_1_269' title='bbox 1553 3169 1760 3229; x_wconf 91' lang='lat' dir='ltr'><strong>eodem</strong></span> <span class='ocrx_word' id='word_1_270' title='bbox 1791 3190 1998 3245; x_wconf 91' lang='lat' dir='ltr'><strong>sensu,</strong></span> <span class='ocrx_word' id='word_1_271' title='bbox 2030 3166 2275 3250; x_wconf 89' lang='lat' dir='ltr'><strong>perinde</strong></span> <span class='ocrx_word' id='word_1_272' title='bbox 2306 3187 2372 3225; x_wconf 91' lang='lat' dir='ltr'><strong>ac</strong></span> 
     </span>
     <span class='ocr_line' id='line_1_31' title="bbox 232 3262 2372 3349; baseline -0.002 -25"><span class='ocrx_word' id='word_1_273' title='bbox 232 3286 343 3349; x_wconf 88' lang='lat' dir='ltr'><strong>par</strong></span> <span class='ocrx_word' id='word_1_274' title='bbox 380 3267 456 3324; x_wconf 92' lang='lat' dir='ltr'><strong>sit</strong></span> <span class='ocrx_word' id='word_1_275' title='bbox 485 3266 788 3348; x_wconf 88' lang='lat' dir='ltr'><strong>utriusque</strong></span> <span class='ocrx_word' id='word_1_276' title='bbox 827 3267 1130 3349; x_wconf 85' lang='lat' dir='ltr'><strong>potestatis</strong></span> <span class='ocrx_word' id='word_1_277' title='bbox 1177 3266 1325 3325; x_wconf 87' lang='lat' dir='ltr'><strong>ratio</strong></span> <span class='ocrx_word' id='word_1_278' title='bbox 1345 3311 1359 3340; x_wconf 89' lang='lat'><strong>,</strong></span> <span class='ocrx_word' id='word_1_279' title='bbox 1392 3288 1523 3346; x_wconf 69' lang='lat' dir='ltr'><strong>neq.</strong></span> <span class='ocrx_word' id='word_1_280' title='bbox 1555 3268 1692 3325; x_wconf 85' lang='lat' dir='ltr'><strong>Jam</strong></span> <span class='ocrx_word' id='word_1_281' title='bbox 1726 3286 1866 3325; x_wconf 90' lang='lat' dir='ltr'><strong>vero</strong></span> <span class='ocrx_word' id='word_1_282' title='bbox 1888 3310 1903 3338; x_wconf 86' lang='lat'><strong>,</strong></span> <span class='ocrx_word' id='word_1_283' title='bbox 1936 3265 2049 3323; x_wconf 89' lang='lat' dir='ltr'><strong>nisi</strong></span> <span class='ocrx_word' id='word_1_284' title='bbox 2081 3262 2191 3322; x_wconf 89' lang='lat' dir='ltr'><strong>sibi</strong></span> <span class='ocrx_word' id='word_1_285' title='bbox 2223 3263 2372 3321; x_wconf 84' lang='lat' dir='ltr'><strong>Con-</strong></span> 
     </span>
     <span class='ocr_line' id='line_1_32' title="bbox 235 3357 2371 3444; baseline -0.003 -24"><span class='ocrx_word' id='word_1_286' title='bbox 235 3361 434 3420; x_wconf 89' lang='lat' dir='ltr'><strong>cilium</strong></span> <span class='ocrx_word' id='word_1_287' title='bbox 463 3362 718 3444; x_wconf 84' lang='lat' dir='ltr'><strong>turpiter</strong></span> <span class='ocrx_word' id='word_1_288' title='bbox 747 3362 1195 3422; x_wconf 83' lang='lat' dir='ltr'><strong>contradixisset</strong></span> <span class='ocrx_word' id='word_1_289' title='bbox 1218 3406 1234 3439; x_wconf 80' lang='lat'><strong>,</strong></span> <span class='ocrx_word' id='word_1_290' title='bbox 1264 3383 1384 3420; x_wconf 92' lang='lat' dir='ltr'><strong>non</strong></span> <span class='ocrx_word' id='word_1_291' title='bbox 1408 3362 1602 3443; x_wconf 85' lang='lat' dir='ltr'><strong>potuit</strong></span> <span class='ocrx_word' id='word_1_292' title='bbox 1635 3360 1926 3419; x_wconf 87' lang='lat' dir='ltr'><strong>affirmare</strong></span> <span class='ocrx_word' id='word_1_293' title='bbox 1955 3357 2225 3418; x_wconf 85' lang='lat' dir='ltr'><strong>eamdem</strong></span> <span class='ocrx_word' id='word_1_294' title='bbox 2247 3377 2371 3415; x_wconf 91' lang='lat' dir='ltr'><strong>esse</strong></span> 
     </span>
     <span class='ocr_line' id='line_1_33' title="bbox 233 3455 2370 3540; baseline -0.003 -24"><span class='ocrx_word' id='word_1_295' title='bbox 233 3459 537 3540; x_wconf 84' lang='lat' dir='ltr'><strong>utriusque</strong></span> <span class='ocrx_word' id='word_1_296' title='bbox 561 3458 865 3540; x_wconf 87' lang='lat' dir='ltr'><strong>potestatis</strong></span> <span class='ocrx_word' id='word_1_297' title='bbox 903 3460 1212 3518; x_wconf 85' lang='lat' dir='ltr'><strong>rationem.</strong></span> <span class='ocrx_word' id='word_1_298' title='bbox 1248 3457 1417 3531; x_wconf 82' lang='lat' dir='ltr'><strong>Quod</strong></span> <span class='ocrx_word' id='word_1_299' title='bbox 1441 3458 1602 3517; x_wconf 90' lang='lat' dir='ltr'><strong>enim</strong></span> <span class='ocrx_word' id='word_1_300' title='bbox 1635 3467 1862 3538; x_wconf 88' lang='lat' dir='ltr'><strong>spectat</strong></span> <span class='ocrx_word' id='word_1_301' title='bbox 1902 3455 1976 3514; x_wconf 89' lang='lat' dir='ltr'><strong>ad</strong></span> <span class='ocrx_word' id='word_1_302' title='bbox 2003 3464 2370 3538; x_wconf 90' lang='lat' dir='ltr'><strong>potestatem</strong></span> 
     </span>
     <span class='ocr_line' id='line_1_34' title="bbox 236 3547 2366 3636; baseline -0.004 -24"><span class='ocrx_word' id='word_1_303' title='bbox 236 3552 572 3614; x_wconf 88' lang='lat' dir='ltr'><strong>dimittendi</strong></span> <span class='ocrx_word' id='word_1_304' title='bbox 614 3565 716 3613; x_wconf 90' lang='lat' dir='ltr'><strong>aut</strong></span> <span class='ocrx_word' id='word_1_305' title='bbox 754 3552 1050 3613; x_wconf 88' lang='lat' dir='ltr'><strong>retinendi</strong></span> <span class='ocrx_word' id='word_1_306' title='bbox 1089 3565 1323 3636; x_wconf 89' lang='lat' dir='ltr'><strong>peccata</strong></span> <span class='ocrx_word' id='word_1_307' title='bbox 1348 3600 1364 3629; x_wconf 93' lang='lat'><strong>,</strong></span> <span class='ocrx_word' id='word_1_308' title='bbox 1398 3556 1523 3632; x_wconf 81' lang='lat' dir='ltr'><strong>jam</strong></span> <span class='ocrx_word' id='word_1_309' title='bbox 1559 3552 1991 3628; x_wconf 83' lang='lat' dir='ltr'><strong>declaraverat,</strong></span> <span class='ocrx_word' id='word_1_310' title='bbox 2035 3571 2173 3610; x_wconf 77' lang='lat' dir='ltr'><strong>sess,</strong></span> <span class='ocrx_word' id='word_1_311' title='bbox 2200 3547 2329 3606; x_wconf 89' lang='lat' dir='ltr'><strong>XIV</strong></span> <span class='ocrx_word' id='word_1_312' title='bbox 2350 3591 2366 3619; x_wconf 94' lang='lat'><strong>,</strong></span> 
     </span>
    </p>
   </div>
   <div class='ocr_carea' id='block_1_5' title="bbox 313 3741 1074 3810">
    <p class='ocr_par' dir='ltr' id='par_1_7' title="bbox 313 3741 1074 3810">
     <span class='ocr_line' id='line_1_35' title="bbox 313 3741 1074 3810; baseline 0.004 -20"><span class='ocrx_word' id='word_1_313' title='bbox 313 3743 378 3807; x_wconf 81' lang='lat' dir='ltr'><strong>(l)</strong></span> <span class='ocrx_word' id='word_1_314' title='bbox 415 3742 623 3808; x_wconf 77' lang='lat' dir='ltr'><strong>Systcm.</strong></span> <span class='ocrx_word' id='word_1_315' title='bbox 646 3742 788 3794; x_wconf 74' lang='lat' dir='ltr'><strong>theol.</strong></span> <span class='ocrx_word' id='word_1_316' title='bbox 817 3761 923 3809; x_wconf 83' lang='lat' dir='ltr'><strong>pag.</strong></span> <span class='ocrx_word' id='word_1_317' title='bbox 957 3741 1074 3810; x_wconf 70' lang='lat'>274.</span> 
     </span>
    </p>
   </div>
  </div>
 </body>
</html>
