2502 4186
2100 251 2220 311 285

555 282 677 322 CAP.
722 283 762 319 1.
814 282 883 318 ΒΕ
926 279 1204 322 VERITATE
1246 275 1572 331 SACRIqu,
1620 277 1740 315 E'rc.

113 449 303 488 annos
330 438 469 507 post
512 437 760 484 mortem
792 425 898 484 SS.
948 425 1130 482 Petri
1166 432 1221 479 et
1257 421 1451 479 Pauli
1493 428 1551 477 et
1589 421 1812 497 viqinti
1849 438 2040 478 annos
2083 431 2221 479 ante

114 533 361 581 mortem
389 523 449 580 S.
477 522 740 580 Joannis
759 563 774 592 ‚
812 524 901 577 ita
932 528 999 575 ut
1022 517 1301 575 dubitari
1329 534 1451 571 non
1469 517 1698 592 possit,
1732 518 1884 591 quin
1906 536 1975 573 ea
1997 535 2117 573 non
2142 519 2224 575 sit

22 638 30 652 ⁴
113 620 390 677 doctrina
428 617 881 695 Apostolorum,
920 622 976 670 et
1005 619 1266 690 oporteat
1288 630 1419 666 eam
1457 618 1649 665 tenere
1672 650 1692 678 ,
1730 609 1866 666 licet
1891 631 2011 667 non
2038 611 2221 671 hahe-

112 725 282 772 retur
307 712 557 790 aliquod
585 711 989 769 testimonium
1014 707 1349 784 Scripturoe
1372 702 1457 760 ad
1474 723 1606 760 eam
1621 703 2020 779 firmandam.
2049 706 2221 764 Nam

113 811 174 867 S.
210 809 450 867 Paulus
477 811 544 863 in
563 806 605 864 I
602 806 644 864 I
652 806 736 864 ad
760 801 954 863 Thess,
989 804 1137 881 ipsis
1155 802 1438 878 praecipit
1463 818 1813 856 conservare
1838 800 2187 860 traditiones
2197 845 2218 873 ‚

112 925 263 982 quas
277 905 395 960 sive
423 906 559 958 viva
579 921 708 958 voce
729 902 1112 976 accepissent,
1139 896 1258 952 sive
1269 915 1388 971 per
1406 893 1680 971 epistolas
1699 915 1719 957 ;
1742 892 1845 950 sed
1861 913 1982 950 non
2009 895 2225 954 desunt

110 1000 444 1075 Scripturoe
472 998 808 1053 testimonia
826 993 912 1050 ad
933 989 1323 1070 probandum
1359 987 1746 1065 Sacrificium
1776 986 2212 1049 Eucharistiae.

108 1091 373 1150 'Tandem
408 1089 700 1148 concludit
736 1109 750 1145 :
804 1087 1086 1155 Utinam,
1129 1088 1422 1162 quoniam
1475 1083 1688 1161 plures
1721 1082 1975 1140 doctores
1994 1094 2220 1161 protes-

109 1198 298 1246 tantes
316 1187 889 1265 coynoveruntcirca
911 1182 1015 1238 hoc
1028 1189 1333 1259 punctum
1352 1199 1551 1236 veram
1576 1178 1918 1235 doctrinam
1936 1178 1997 1237 E
1998 1180 2220 1237 cclesioe

109 1284 440 1362 apostolicae
473 1292 530 1339 et
559 1298 816 1338 errorem
858 1276 1113 1334 Lutlteri
1132 1285 1187 1334 et
1220 1273 1495 1344 Calvini,
1526 1293 1724 1331 omnes
1759 1276 2071 1331 convenire
2086 1296 2221 1353 pos-

108 1391 238 1439 sent
259 1381 346 1436 ad
365 1380 776 1437 resolutionem
801 1374 1094 1432 reddendi
1106 1374 1408 1450 majestati
1426 1371 1646 1430 divinae
1673 1370 1837 1428 ltunc
1864 1391 2219 1449 supremum

108 1476 386 1533 honorem
399 1516 422 1545 ‚
450 1476 564 1552 qui
585 1476 645 1529 ei
673 1471 952 1540 debetur,
970 1478 1029 1526 'et
1053 1468 1139 1527 ad
1158 1468 1262 1525 ltoc
1282 1471 1665 1525 restituerent
1684 1487 1867 1523 usum
1893 1487 2218 1526 sacrarum

105 1571 504 1647 lituryiarum
520 1608 542 1638 ,
579 1587 730 1645 quas
769 1566 922 1623 male
957 1567 1320 1641 reyecerunt,
1358 1571 1413 1619 et
1443 1565 1513 1618 in
1542 1561 1765 1638 quihus
1789 1561 2000 1618 modus
2014 1573 2214 1640 patet,

106 1685 220 1743 quo
254 1665 375 1722 Deo
404 1663 611 1741 offerri
633 1662 798 1720 dehet
829 1661 934 1719 hoc
966 1669 1246 1718 sanctum
1285 1658 1669 1735 Sacrificium
1701 1656 1809 1737 (1).

186 1759 328 1817 271.
378 1758 523 1816 Huic
546 1747 669 1815 tam
689 1766 903 1836 apertae
927 1752 1225 1813 catholicae
1262 1753 1522 1812 veritatis
1557 1752 1901 1811 confessioni
1929 1752 2055 1812 aliae
2080 1753 2217 1814 addi

107 1853 268 1912 facile
297 1839 536 1934 possent
553 1896 569 1925 .,
602 1850 718 1909 nisi
740 1870 830 1908 res
849 1859 999 1908 esset
1027 1847 1350 1930 explorata,
1376 1847 1684 1929 plerosque
1702 1848 2051 1908 recentiores
2080 1852 2215 1909 Pro-

106 1958 381 2007 testantes
416 1945 477 2005 id
505 1944 672 2004 nobis
709 1944 863 2004 ultro
900 1943 1214 2003 concedere
1248 1944 1524 2024 (2).1m0
1562 1964 1670 2002 nec
1697 1942 1966 2002 abnuunt
1998 1946 2214 2026 profes-

105 2063 260 2102 sores
273 2042 664 2103 universitatis
679 2039 1024 2098 Oxoniensis
1041 2039 1104 2096 in
1119 2038 1323 2117 Anglia
1340 2038 1648 2121 admittere
1667 2038 1978 2098 efficaciam
1996 2041 2090 2099 SS.
2110 2042 2219 2100 Eu-

106 2137 387 2196 charistiae
404 2134 566 2197 velut
579 2137 888 2214 Sacrificii
899 2137 1408 2193 commemorativi
1417 2133 1569 2192 inter
1583 2132 1873 2213 religionis
1903 2133 2173 2214 dogmata
2195 2183 2212 2212 .‚

108 2253 233 2313 quae
255 2232 331 2290 ad
353 2253 458 2290 nos
482 2240 880 2313 pervenerunt
902 2250 973 2288 ex
996 2227 1174 2290 verbo
1201 2229 1304 2288 Dei
1330 2244 1451 2287 non
1484 2229 1699 2311 scripto
1731 2227 1819 2309 (3)
1842 2234 2011 2307 juxta
2037 2253 2211 2312 regu-

170 2451 239 2512 (1)
279 2452 336 2498 In
361 2452 450 2500 hac
481 2461 592 2499 nota
622 2450 815 2499 Grabius
842 2450 1046 2515 profecto
1070 2459 1117 2497 et

104 2536 254 2582 virum
280 2535 534 2598 ingenuum
561 2550 608 2581 se
640 2532 840 2596 prodidit
869 2543 915 2580 et
943 2534 1111 2580 verita-

105 2618 162 2664 tis
195 2618 490 2679 interpretem
522 2613 877 2678 fidelissimum3
912 2616 952 2662 ei
979 2631 1115 2678 prop-

107 2706 226 2744 terea
259 2699 295 2744 si
332 2696 544 2761 gratulati
571 2699 734 2745 merito
757 2706 864 2744 sunt
896 2694 1116 2744 Actorum

107 2777 502 2827 Trevulsiensium
524 2781 768 2845 scriptores
787 2778 842 2827 ad
858 2795 935 2826 an.
967 2793 1113 2841 1702,

109 2877 257 2908 mens.
299 2858 464 2910 Octob.
507 2871 551 2910 et
593 2879 739 2909 novus
782 2861 947 2909 Irenaei
974 2860 1120 2908 editor

109 2940 225 2989 Ren.
256 2940 539 3002 Massuetus‚
564 2943 778 3003 dissent,
811 2961 862 2991 n.
893 2940 979 3009 96,
1003 2945 1063 2991 ita
1094 2959 1119 2990 e

111 3033 266 3071 contra
284 3021 514 3071 Buddaeus
527 3060 540 3082 ,
558 3023 746 3073 Pfaffius
766 3034 903 3089 atque
921 3024 1116 3090 Deylin-

110 3106 209 3168 gius
230 3138 244 3163 ‚
272 3103 492 3152 haereticae
520 3106 859 3152 communionis
887 3105 1114 3157 homines,

111 3195 260 3249 aperte
303 3187 352 3232 in
387 3202 495 3232 eum
534 3186 769 3234 iracundia
805 3196 1113 3247 exarserunt,

111 3267 234 3331 quod
267 3275 359 3314 tam
391 3265 663 3330 praeclarum
697 3268 874 3314 veritati
908 3269 1116 3316 testimo-

110 3350 242 3395 nium
266 3347 461 3396 dederit.
495 3346 657 3395 Merito
683 3357 900 3412 praeterea
938 3349 1117 3398 addunt

110 3428 686 3494 scriptoresTrevulsienses
706 3428 898 3476 :Eadem
915 3431 1109 3490 ratione,

109 3526 206 3575 qua
245 3511 407 3559 doctus
449 3511 526 3558 hic
564 3519 820 3574 protestans
851 3513 1027 3559 invenit
1065 3515 1117 3561 in

108 3592 321 3655 operibus
359 3591 407 3639 S.
453 3593 614 3640 Irenaei
653 3602 1002 3658 ceterorumque
1031 3592 1116 3641 Pa-

103 3679 234 3720 ·trum
261 3673 546 3723 Sacrificium
568 3673 653 3723 SS.
672 3674 966 3722 Eucharistiae
984 3710 998 3733 ‚
1031 3692 1115 3739 po-

117 3753 297 3817 tuisset,
337 3759 373 3805 si
404 3757 617 3805 voluisset
653 3756 813 3805 eadem
848 3757 992 3806 animi
1022 3755 1112 3805 dis-

1198 2451 1423 2514 positione
1475 2450 1708 2514 inquirere
1741 2486 1754 2509 ,
1813 2450 2019 2498 invenire
2065 2461 2213 2501 cetera

1199 2532 1429 2596 religionis
1460 2531 1696 2579 catholicae
1722 2531 1966 2596 dogmata,
2009 2550 2062 2580 ac
2095 2551 2214 2599 prae-

1199 2615 1358 2661 sertim
1386 2611 1556 2661 realem
1585 2612 1754 2660 Christi
1782 2616 2087 2677 praesentiam.
2118 2614 2213 2663 Ad-

1197 2699 1368 2762 jiciunt
1381 2698 1569 2760 insuper
1589 2732 1602 2756 ‚
1622 2697 1792 2743 mirum
1817 2712 1912 2744 esse
1927 2732 1938 2754 ,
1954 2697 2081 2761 quod
2107 2695 2215 2745 Gra-

1198 2777 1304 2825 bius
1326 2787 1429 2842 post
1470 2786 1696 2842 repertam
1722 2777 1846 2825 hanc
1880 2780 2119 2828 veritatem
2150 2782 2214 2829 vi-

1200 2876 1305 2908 vere
1333 2869 1488 2924 pergat
1509 2861 1559 2906 in
1586 2858 1666 2907 illa
1699 2869 1838 2920 secta,
1869 2862 1919 2907 in
1949 2878 2039 2925 qua
2061 2863 2213 2909 omnis

1200 2951 1389 2989 conatus
1417 2942 1471 2988 fit
1515 2941 1573 2988 ad
1619 2940 1899 2989 abolendum
1933 2942 2023 2990 hoc
2057 2942 2210 2991 Sacri-

1198 3023 1379 3082 ficium,
1416 3025 1680 3070 institutum
1707 3039 1732 3070 a
1768 3022 1950 3071 Christo
1980 3034 2023 3072 et
2042 3025 2212 3088 praedi-

1197 3115 1353 3153 catum
1393 3104 1453 3152 ab
1500 3103 1729 3169 Apostolis
1767 3105 1825 3152 ad
1868 3104 2018 3154 Deum
2058 3106 2209 3154 hono-

1197 3186 1418 3234 randum.

1265 3267 1326 3332 (2)
1348 3267 1415 3315 lta
1431 3267 1622 3331 Augusti
1643 3305 1655 3328 ‚
1674 3267 2024 3316 Bretschneider
2038 3304 2055 3330 ‚
2078 3267 2209 3332 Wix,

1195 3350 1423 3416 Stephens
1462 3351 1666 3416 aliique,
1702 3367 1899 3416 quorum
1945 3350 2211 3414 singillatim

1196 3434 1456 3480 testimonia
1474 3432 1644 3496 profert
1662 3430 1892 3497 Esslinger
1914 3435 1963 3479 in
1981 3434 2058 3479 cit.
2076 3430 2211 3496 Apo-

1196 3512 1323 3577 loqia
1349 3514 1576 3561 doctrinae
1600 3511 1845 3561 catholicas
1862 3529 1919 3560 ex
1934 3511 2211 3560 auctoribus

1188 3596 1563 3661 protestantibus
1576 3632 1590 3650 ‚
1610 3593 1637 3661 ἓ
1665 3593 1712 3643 5.
1728 3594 1849 3658 Quid
1865 3596 2054 3642 senserit
2074 3592 2210 3642 Leib-

1198 3679 1369 3725 nitzius
1386 3714 1400 3736 ‚
1439 3677 1578 3741 paulo
1595 3686 1701 3724 ante
1718 3676 1938 3724 vidimus.

1265 3756 1331 3823 (3)
1367 3756 1444 3808 Sic
1469 3757 1596 3809 Prof.
1621 3757 1766 3808 Keble
1792 3756 1918 3823 apud
1933 3753 2173 3807 Wiseman
2192 3790 2209 3818 ‚
