2502 4186
941 277 1266 318 TRACTATUS
1310 279 1378 316 DE
1421 247 1819 324 EUCHARISTIA.

314 261 438 322 254

311 446 470 487 nunc
500 420 780 504 temporis
809 419 1231 480 Eucharistiam
1269 420 1378 480 sub
1417 413 1666 506 utraque
1705 426 1894 506 specie
1931 448 2160 490 sumere
2185 433 2433 513 permit-

311 522 475 582 titur.
515 518 666 578 Hinc
696 515 855 576 idem
885 517 1154 577 Pontifex
1186 516 1370 576 nobili
1400 519 1630 578 cuidam
1660 532 1946 582 matronae
1969 568 1985 597 7
2028 545 2158 605 quae
2182 528 2435 588 Luthero

312 620 535 694 ejurato
572 612 827 675 redierat
860 612 923 671 in
959 613 1207 692 gratiam
1232 634 1366 672 cum
1390 613 1670 674 catholica
1697 616 1945 676 Ecclesia
1965 663 1979 692 7
2016 619 2383 701 privilegium
2420 668 2436 696 7

266 738 267 741 ¹
311 711 472 793 quod
510 710 798 792 petierat7
843 720 1181 768 constanter
1220 708 1561 789 denegavit,
1609 722 1673 794 ut
1712 713 1774 769 in
1806 713 2035 794 privato
2070 713 2278 774 domus
2324 739 2438 777 suae

311 805 520 866 sacello
550 804 974 866 Eucharistiam
1003 803 1112 863 sub
1137 815 1384 888 utraque
1414 805 1603 887 specie
1633 807 1893 889 recipere
1924 820 2122 891 posset
2158 811 2271 890 (l).

392 901 537 960 222.
586 899 673 960 Ad
706 899 788 960 8ω
811 945 827 974 7
864 902 1021 960 Dist.
1053 901 1111 959 Si
1140 912 1352 982 praeter
1384 902 1826 961 Sacramentum
1852 904 2133 965 noluisset
2171 905 2439 967 Christus

310 997 618 1057 instituere
666 996 1022 1056 Sacrificium
1042 1041 1058 1073 7
1106 1013 1293 1071 eone.';
1339 997 1386 1055 si
1433 986 1789 1056 Sacrificium
1837 999 2077 1081 insuper
2133 1000 2441 1061 instituere

308 1092 571 1153 intendit
598 1138 615 1168 7
647 1103 714 1152 ut
751 1092 992 1152 inferius
1026 1091 1403 1152 ostendemus
1423 1138 1439 1168 7
1477 1115 1614 1173 neq.
1647 1093 1757 1173 (2).

393 1187 536 1247 223.
586 1186 676 1247 Ad
706 1189 790 1246 9Πςι
809 1233 825 1262 7
850 1188 1005 1268 ΝΘΕ.
1039 1188 1297 1263 Etenim7
1321 1210 1455 1248 cum
1484 1188 1747 1248 Christus
1779 1189 2289 1250 Sacramentorum
2315 1191 2440 1251 dis-

311 1284 721 1368 pensationem
757 1282 1061 1364 reliquerit
1095 1282 1425 1365 pastoribus
1461 1284 1726 1344 Ecclesiae
1763 1306 1794 1343 a
1833 1305 1895 1344 se
1935 1285 2252 1362 institutae7
2300 1286 2442 1346 nul-

309 1381 438 1440 lum
460 1401 727 1463 unquam
743 1383 840 1459 jus
862 1425 879 1455 7
905 1379 1155 1462 ideoque
1181 1400 1374 1462 neque
1398 1381 1897 1462 praescriptionem
1920 1380 2121 1441 fideles
2144 1383 2441 1464 acquirere

309 1487 637 1560 potuerunt
669 1475 877 1559 quovis
913 1474 1245 1536 seculorum
1279 1474 1543 1535 decursu,
1578 1476 1800 1537 Fideles
1828 1481 1925 1556 jus
1954 1477 2193 1559 quidem
2221 1477 2446 1538 habent

310 1572 389 1633 ad
422 1574 798 1633 Sacramenta
820 1618 836 1648 7
867 1571 916 1631 si
945 1570 1207 1652 legitime
1236 1593 1303 1632 ea
1332 1571 1636 1654 postulent
1657 1619 1674 1645 7
1715 1595 1838 1632 non
1869 1586 2069 1633 autem
2092 1574 2166 1633 ad
2195 1574 2442 1633 modum

311 1690 377 1730 ea
400 1667 766 1751 percipiendi
787 1713 803 1744 7
836 1689 1014 1750 quem
1038 1668 1419 1729 statuendum
1439 1714 1456 1744 7
1483 1680 1550 1728 ut
1565 1669 1818 1729 vidimus
1840 1715 1856 1745 7
1885 1669 2150 1729 Christus
2181 1670 2444 1730 Ecclesiae

305 1785 428 1825 suae
468 1763 724 1846 reliquit.

390 1860 533 1919 224.
566 1859 655 1919 Ad
686 1858 832 1935 lom,
861 1860 1017 1919 Esto.
1045 1860 1127 1918 Ex
1140 1858 1230 1917 his
1262 1870 1464 1918 tamen
1491 1859 1931 1941 exceptionibus
1954 1871 2211 1934 constat,
2245 1883 2445 1943 sump-

317 1956 542 2017 tionem
589 1954 965 2015 Eucharistiae
1021 1966 1123 2013 aut
1170 1953 1278 2013 sub
1332 1975 1451 2012 una
1511 1965 1613 2012 aut
1645 1953 1770 2024 ⁴sub
1818 1954 2037 2035 duplici
2083 1956 2272 2037 specie
2318 1978 2442 2016 non

311 2063 574 2135 spectare
602 2050 678 2110 ad
710 2051 921 2130 dogma
942 2094 958 2124 7
984 2049 1087 2108 sed
1121 2049 1196 2107 ad
1225 2047 1617 2129 disciplinam.
1652 2049 1710 2107 Si
1732 2070 1823 2106 res
1855 2070 2030 2130 porro
2053 2050 2440 2132 disciplinaris

312 2160 400 2215 est
432 2146 716 2226 ejusmodi
741 2144 1013 2206 sumendi
1049 2144 1197 2203 ratio
1219 2189 1235 2219 7
1257 2148 1383 2223 jam
1415 2141 1614 2202 subest
1646 2142 1908 2204 Ecclesiae
1940 2146 2246 2225 regimini,
2283 2150 2444 2224 cujus

312 2255 401 2304 est
415 2243 703 2322 judicium
720 2242 872 2302 ferre
896 2287 912 2315 7
945 2251 1148 2299 utrum
1171 2238 1444 2322 expediat
1465 2259 1576 2297 nec
1599 2261 1675 2298 ne
1708 2237 1811 2298 tali
1835 2240 2030 2322 potius
2058 2240 2235 2300 modo
2267 2263 2447 2323 quam

312 2338 430 2399 alio
463 2339 914 2398 communicare.
951 2336 1144 2396 Etiam
1182 2335 1462 2418 Baptismi
1496 2334 1729 2394 collatio
1766 2357 1874 2418 per
1914 2336 2276 2398 infusionem
2305 2336 2446 2396 olim

311 2428 438 2496 erat
474 2434 743 2516 exceptio
766 2479 781 2508 7
819 2443 1022 2516 postea
1059 2453 1199 2493 vero
1236 2431 1518 2506 Ecclesia7
1558 2429 1831 2492 omnibus
1873 2431 2257 2514 probantibus
2288 2477 2303 2506 7
2342 2437 2443 2510 ju-

309 2530 530 2592 dicavit
566 2528 830 2589 fidelium
876 2528 1116 2587 utilitati
1155 2528 1336 2607 magis
1383 2527 1660 2609 expedire
1688 2573 1704 2602 7
1748 2537 1815 2586 ut
1846 2527 1946 2587 ille
1985 2527 2109 2607 lege
2152 2528 2444 2587 constanti

314 2626 434 2685 sola
472 2625 763 2684 infusione
803 2623 1350 2697 administraretur3
1399 2635 1575 2704 prout
1620 2622 1730 2682 alia
1773 2643 1926 2703 pene
1966 2622 2279 2683 innumera
2328 2624 2445 2682 im-

315 2733 556 2782 mutatae
587 2720 904 2803 disciplinae
933 2719 1205 2802 exempla
1233 2719 1454 2802 pariter
1487 2719 1768 2780 evincunt
1793 2717 1906 2798 (3).

385 2958 446 3021 (1)
493 2954 566 3006 De
623 2953 819 3021 Synodo
870 2954 1062 3004 dia-ees.
1114 2954 1199 3003 lib.
1254 2971 1303 3004 vx
1322 2989 1340 3016 7

313 3057 422 3106 cap.
451 3056 518 3107 97
554 3057 605 3088 n.
639 3037 691 3088 6.

1425 2951 1657 3020 ejusmodi
1692 2953 1963 3002 hominibus
1999 2956 2261 3020 contingere
2294 2955 2439 3016 solet,

1424 3053 1476 3084 ea
1505 3036 1638 3084 docet
1658 3073 1672 3098 7
1705 3054 1806 3102 quae
1838 3037 1897 3085 ad
1923 3037 2290 3085 rationalismum
2321 3047 2443 3086 recta

383 3122 448 3186 (ἢ)
482 3120 560 3170 Sic
582 3122 814 3170 evanescit
845 3137 1013 3184 magna
1039 3118 1221 3167 Filareti
1251 3118 1343 3166 dif-

317 3203 517 3253 ficultas,
551 3203 639 3251 Hie
669 3205 740 3251 vir
777 3202 953 3250 nullius
987 3199 1096 3249 fidei
1116 3237 1129 3260 7
1170 3199 1344 3265 profes-

317 3287 447 3334 sione
475 3285 665 3351 quidem
693 3285 1010 3333 schismaticus
1030 3319 1045 3343 7
1068 3292 1115 3332 at
1133 3283 1343 3331 doctrina

317 3376 445 3417 totus
472 3376 728 3430 protestans
751 3402 766 3425 7
798 3367 914 3415 dum
937 3366 1123 3415 videtur
1148 3366 1344 3414 suadere

315 3450 579 3499 schismatis
632 3449 962 3514 professionem
1013 3447 1211 3496 subditis
1255 3450 1344 3495 im-

319 3536 434 3600 perii
463 3533 668 3582 Russiaei
689 3566 704 3594 7
740 3548 797 3580 ao
824 3532 975 3580 modis
1004 3530 1223 3579 omnibus
1257 3530 1344 3579 Ca-

320 3616 517 3664 tholicos
530 3616 587 3664 ad
603 3615 803 3664 schisma
818 3613 1064 3663 transferre
1079 3649 1092 3673 7
1110 3613 1343 3662 doctrinas

320 3699 505 3747 interim
528 3698 761 3745 haereticas
778 3695 1152 3744 Lutheranorum
1172 3706 1216 3743 et
1233 3694 1341 3742 Cal-

323 3781 595 3829 vinistarum
626 3781 822 3828 incautis
852 3780 1082 3845 propinat.
1119 3776 1218 3825 Imo
1238 3813 1251 3837 ,
1291 3786 1343 3825 ut

1425 3119 1687 3183 perducunt
1741 3129 1785 3168 et
1824 3119 1883 3168 ad
1918 3120 2105 3185 plenam
2154 3123 2442 3169 eonscientiae

1424 3200 1708 3251 libertatem.
2120 3239 2123 3241 >

1468 3283 1534 3348 (3)
1559 3283 1778 3348 Apposite
1795 3282 2105 3344 Leibnitzius,
2120 3281 2257 3348 Syst.
2277 3281 2443 3330 Theol-

1424 3383 1526 3430 pag.
1549 3363 1649 3428 254
1676 3374 1721 3415 et
1750 3383 1865 3432 seq..·
1884 3366 1932 3415 A
1937 3383 1969 3413 n
1990 3374 2149 3414 autem
2168 3381 2299 3413 num:
2309 3381 2442 3430 proe-

1424 3457 1509 3496 stet
1530 3484 1549 3510 ‚
1579 3451 1734 3515 inquit
1755 3486 1769 3509 7
1812 3447 2015 3496 calicem
2043 3447 2184 3496 reddi
2212 3446 2440 3512 populis,

1424 3529 1510 3577 hoe
1543 3538 1614 3578 est
1631 3568 1644 3591 7
1679 3546 1745 3578 an
1773 3546 1873 3578 non.
1890 3529 2260 3596 proeponderent
2293 3530 2445 3576 ratio-

1423 3627 1508 3660 ‘nes
1529 3649 1541 3672 7
1587 3629 1708 3676 quas
1754 3619 1820 3660 tot
1849 3612 2101 3677 principes
2138 3617 2186 3657 et
2224 3611 2447 3658 nationes

1424 3692 1695 3758 alleqarunt
1714 3731 1732 3757 7
1777 3694 1831 3742 id
1867 3693 2062 3759 quidem
2103 3692 2304 3756 definire
2347 3707 2447 3740 non

1418 3778 1627 3842 pertinet
1659 3776 1724 3827 ad
1743 3778 1993 3843 privatos,
2028 3774 2112 3823 sed
2130 3775 2196 3823 ad
2212 3774 2446 3823 Ecclesiae
