2502 4186
235 210 239 216 Χ
277 221 399 284 236
915 242 1238 283 τιιΑοτΑΤσε
1280 245 1350 281 nn
1391 243 1788 297 nonnanis‘rn.

296 427 301 431 -
365 386 499 450 180.
544 377 718 469 Resp.
767 385 847 445 ad
886 387 1004 462 1¹¹¹,
1051 387 1208 446 Dist.
1249 387 1382 446 Non
1420 385 1584 446 dedit
1634 386 1900 446 Christus
1936 388 1999 447 in
2033 391 2408 451 institutione

279 482 647 542 Eucharistiae
685 491 1048 563 praeceptum
1091 480 1444 540 adorationis
1489 502 1868 563 expressum,
1898 494 2118 551 tran&
2150 490 2396 546 tacitum

278 578 399 636 sive
421 575 770 657 implicitum
792 620 807 650 .,
841 597 968 655 neq.
1007 576 1155 657 Satis
1181 576 1338 635 enim
1364 587 1564 657 aperte
1596 575 1858 635 Christus
1893 580 2238 658 significavit
2257 628 2271 656 ‚
2307 583 2404 642 de-

276 669 405 729 beri
443 670 814 731 Eucharistiae
848 670 1074 730 cultum
1116 670 1297 730 latriae
1319 717 1335 736 ,
1375 671 1518 729 dum
1553 672 1902 751 significavit
1936 695 1998 747 se
2030 696 2166 734 vere
2202 687 2262 734 et
2283 698 2404 737 rea-

276 765 412 824 liter
443 786 566 824 esse
585 765 647 823 in
671 765 781 825 hoc
803 767 1177 825 Sacramento
1197 810 1213 840 ,
1239 787 1371 824 cum
1390 766 1673 846 scriptum
1693 767 1767 824 sit
1796 790 1812 824 ι
1837 769 2172 827 Dominum
2205 772 2405 830 Deam

274 872 450 920 taam
490 862 796 921 adorabis.
849 862 1051 921 Oritur
1088 862 1380 943 siquidem
1412 861 1723 921 necessitas
1762 861 1936 942 hujus
1965 865 2154 923 cultus
2183 886 2255 925 ex
2280 866 2402 947 ipsa

275 956 358 1016 rei
389 967 621 1015 natura.

361 1053 499 1110 181.
546 1051 634 1111 Ad
671 1053 788 1127 2¹1¹,
831 1051 980 1133 Neq.
1013 1053 1243 1112 Etenim
1281 1055 1340 1112 S.
1381 1053 1732 1133 Augustinus
1769 1052 1842 1112 de
1873 1075 1939 1113 ea
1975 1054 2236 1137 loquitur
2270 1058 2404 1118 ado-

275 1147 502 1207 ratione
523 1143 548 1220 7'
566 1168 697 1227 quae
722 1148 1001 1206 creaturis
1031 1147 1244 1207 deferri
1280 1150 1487 1230 nequit
1519 1150 1742 1228 absque
1772 1154 2080 1228 impietate
2099 1176 2119 1218 ;
2141 1154 2199 1212 S.
2228 1154 2405 1234 Cyril-
2491 1188 2501 1197 ·

274 1242 364 1301 lus
397 1241 469 1300 de
499 1263 564 1300 ea
586 1286 602 1316 ‚
630 1263 763 1322 quae
796 1240 1047 1300 debetur
1073 1265 1351 1321 supremo
1382 1249 1514 1323 φερέ
1532 1267 1553 1310 ,·
1578 1245 1631 1302 S.
1658 1246 1830 1302 Joan.
1858 1244 2303 1324 Chrysostomus
2330 1249 2403 1307 de

274 1359 340 1396 ea
361 1382 376 1411 ἦ
410 1357 587 1417 quam
605 1334 1002 1395 exhibuerunt
1027 1337 1177 1416 Magi
1197 1382 1212 1411 ,
1239 1336 1610 1419 negabatque
1628 1338 1838 1396 Paulus
1869 1339 2278 1400 Samosatenus
2295 1344 2401 1422 (l).

274 1434 589 1514 Perperam
615 1432 790 1511 igitur
812 1430 1123 1490 Salmasius
1147 1431 1434 1491 adnititur
1454 1435 1695 1491 Patrum
1713 1435 2120 1494 auctoritatem
2148 1436 2404 1497 eludere.

357 1527 498 1588 182.
547 1528 636 1586 Ad
659 1526 743 1585 3¹1¹
761 1572 777 1601 ‚
805 1526 958 1606 Neq.
994 1527 1333 1608 paritatem.
1365 1530 1515 1586 Nam
1537 1529 1600 1585 in
1624 1527 1977 1587 Eucharistia
2001 1552 2187 1589 unum
2213 1530 2404 1590 solum

273 1632 361 1683 est
385 1623 755 1705 suppositum
778 1622 1048 1682 divinum
1069 1667 1084 1695 ,
1120 1623 1212 1680 cui
1246 1621 1558 1680 tribuimus
1579 1621 2015 1697 adoratio-nem3
2040 1626 2102 1683 in
2126 1627 2403 1685 creaturis

274 1717 439 1777 adest
474 1717 714 1799 quidem
746 1720 901 1777 Deus
930 1704 1395 1776 substantialiter
1416 1739 1673 1800 praesens
1696 1764 1711 1790 a
1738 1719 1842 1777 sed
1875 1732 2111 1779 nonest
2134 1743 2267 1780 cum
2290 1722 2402 1780 illis

273 1836 459 1872 unum
493 1814 862 1895 suppositum
884 1858 900 1887 .‚
947 1834 1138 1894 neque
1173 1816 1326 1872 Deus
1359 1824 1418 1872 et
1451 1824 1727 1873 creaturae
1759 1835 1945 1873 unum
1988 1824 2126 1874 'sunt
2155 1825 2263 1898 per
2292 1817 2401 1896 hy-

274 1910 519 1990 postasis
557 1910 864 1967 unitatem.

360 2004 496 2063 183.
543 2003 632 2064 Ad
669 2003 788 2078 4¹11,
836 2003 986 2084 Neq.
1026 2003 1326 2084 Siquidem
1371 2003 1801 2064 Catholicorum
1830 2006 2090 2065 adoratio
2137 2007 2401 2086 dirigitur

276 2101 337 2193 in
366 2100 663 2160 Christum
691 2101 727 2158 J
731 2121 915 2159 esum.
951 2099 1254 2172 Quomodo
1280 2099 1439 2158 enim
1473 2100 1586 2182 ipsi
1609 2100 1849 2160 adorare
1877 2114 2123 2183 possunt
2148 2124 2397 2183 panem,

277 2201 436 2274 cujus
476 2196 865 2254 substantiam
901 2216 1007 2276 per
1043 2194 1490 2254 consecrationis
1518 2194 1698 2256 verba
1733 2217 2075 2258 conversam
2102 2198 2164 2255 in
2188 2197 2404 2257 Christi

279 2292 501 2373 Corpus
531 2312 654 2350 esse
683 2289 1083 2372 profitentur?
1111 2289 1223 2349 Sed
1254 2311 1445 2371 neque
1469 2292 1686 2372 species
1704 2291 1946 2352 adorare
1962 2305 2210 2374 possunt
2230 2339 2245 2368 ,
2272 2315 2406 2374 cum

277 2390 401 2446 istae
431 2410 502 2447 ex
537 2398 767 2467 recepta
804 2385 1289 2468 philosophorum
1325 2385 1590 2445 doctrina
1624 2408 1748 2445 non
1777 2387 1896 2445 sint
1925 2388 2040 2446 nisi
2073 2387 2404 2447 affectiones

279 2484 612 2563 subjectiva}
649 2484 862 2541 animae
893 2493 1109 2541 nostrae
1129 2494 1272 2542 ortae
1297 2483 1421 2543 sive
1452 2483 1715 2542 excitatae
1744 2484 2041 2542 occasione
2073 2505 2400 2564 corporum.

279 2582 398 2639 Nec
433 2578 646 2638 desunt
675 2578 775 2659 qui
802 2577 1165 2636 contendant
1189 2578 1283 2652 ,in
1302 2598 1435 2636 casu
1464 2588 1667 2640 nostro
1693 2577 1797 2635 has
1830 2578 1984 2658 ipsas
2018 2577 2349 2637 affectiones
2371 2600 2402 2635 a

279 2679 402 2735 Deo
425 2677 551 2758 ipso
579 2673 917 2735 immediate
946 2673 1189 2756 produci
1220 2694 1292 2733 ex
1319 2674 1614 2732 occasione
1648 2672 2015 2734 Eucharistiae
2043 2673 2154 2751 (2).

1388 2911 1603 2957 incusant
1630 2908 1893 2957 Catholicos
1926 2909 1986 2956 ob
2027 2902 2165 2956 latriae
2193 2908 2370 2956 cultum
2388 2946 2402 2968 ‚

1391 3008 1531 3056 quem
1567 2987 1786 3039 deferunt
1812 2989 2070 3038 Christoin
2098 2990 2401 3039 Eucharistia.

280 2930 374 2961 nus
402 2911 541 2960 Deus
560 2911 855 2976 hypostatice
872 2911 1158 2975 conjunctus
1187 2926 1299 2957 cum

281 3013 372 3044 sua
396 2992 566 3043 sancta
594 2993 896 3041 humanitate
914 3027 928 3051 ‚
960 3009 1104 3056 quam
1127 2991 1302 3039 hama·

281 3080 481 3126 nitatem
495 3078 597 3143 ipsi
621 3076 823 3124 credant
836 3074 1088 3122 actualiter
1093 3089 1302 3140 proesen-

283 3170 375 3209 tem
414 3160 502 3208 sub
543 3158 642 3207 velo
677 3159 928 3221 siynoram
973 3163 1301 3203 sacramenta-

284 3243 437 3303 liam,·
459 3251 529 3297 et,
562 3243 610 3288 si
621 3247 855 3306 putarent
884 3241 1045 3304 ipsam
1076 3253 1176 3284 non
1205 3252 1302 3283 esse

277 3331 568 3392 proesentem
591 3360 603 3381 ‚
650 3330 839 3369 tantum
882 3321 1055 3368 absunt
1094 3319 1154 3366 ab
1184 3317 1300 3365 ado-

285 3407 441 3455 rando
459 3422 592 3472 pane
609 3406 667 3452 in
693 3404 777 3451 hoc
804 3419 922 3451 casa
942 3439 954 3461 ,
977 3411 1030 3448 ut
1046 3401 1303 3466 profitean-

286 3500 397 3550 tur,
449 3489 503 3536 id
538 3495 772 3553 proestare
827 3501 923 3532 esse
965 3482 1300 3531 idololatriam.

287 3573 384 3621 Cfr.
407 3573 505 3637 ejus
527 3568 617 3619 lib.
641 3569 723 3617 De
734 3567 947 3616 libertate
954 3563 1302 3632 prophetandi,

289 3669 395 3717 cap.
429 3668 512 3701 20.
544 3650 615 3698 Ex
635 3651 704 3698 his
730 3668 779 3698 os
795 3649 1050 3698 obstruitur
1077 3650 1304 3695 recentio-

289 3735 424 3782 ribus
468 3731 834 3782 Protestantibus
865 3769 879 3792 ‚
925 3732 1007 3797 qui
1045 3729 1310 3778 idololatriae

1458 3073 1522 3134 (1)
1560 3072 1706 3120 Notus
1726 3083 1792 3120 cst
1820 3089 1978 3120 versus
1995 3072 2187 3120 Juvenci
2215 3072 2406 3136 presby-

1387 3158 1474 3202 teri
1507 3155 1677 3202 relatus
1722 3171 1746 3202 a
1784 3153 1835 3203 S.
1894 3154 2180 3220 Hieronymo
2199 3191 2213 3213 ,
2264 3153 2403 3201 Com-

1389 3245 1535 3285 meat.
1553 3238 1611 3284 in
1626 3235 1811 3285 Mateta.
1826 3236 1912 3285 lib.
1935 3251 1952 3282 1
1973 3273 1985 3295 ‚
2000 3253 2104 3300 cap.
2133 3237 2161 3284 3
2184 3253 2198 3283 ε
2234 3235 2371 3282 Thus
2389 3272 2402 3293 ‚

1389 3336 1565 3367 aarum
1584 3356 1596 3375 ‚
1622 3318 1868 3382 myrrham
1885 3355 1899 3377 ‚
1925 3320 2118 3381 reqique
2143 3355 2156 3376 ‚
2191 3316 2402 3364 homini-

1389 3418 1480 3465 que
1507 3438 1521 3461 ‚
1566 3398 1754 3464 Deoqae
1794 3399 1922 3446 dona
1951 3399 2135 3463 serant.

1460 3482 1530 3546 (2)
1569 3482 1668 3531 Cfr.
1692 3482 1911 3530 Emman.
1934 3482 2167 3545 Maignan,
2191 3479 2289 3527 ord.
2310 3479 2403 3527 Mi-

1392 3569 1511 3613 nim.
1531 3562 1847 3629 Philosophia
1865 3579 2020 3622 sacra,
2038 3573 2150 3610 tom.
2170 3578 2187 3608 1
2203 3578 2299 3625 cap.
2319 3578 2345 3608 2
2358 3578 2373 3607 1
2388 3597 2403 3620 ‚

1391 3665 1524 3712 prop.
1552 3646 1581 3694 5
1609 3658 1653 3695 et
1686 3664 1786 3712 seq.
1818 3645 1995 3693 Tolosae
2023 3641 2173 3692 1661.
