2502 4186
237 238 360 300 202
849 256 1172 298 Tmou-rus
1219 257 1286 292 nn
1329 256 1729 295 nucamts‘rm.

1044 438 1451 493 PROPOSITIO
1502 439 1598 499 111,

244 611 490 672 Ostendi
566 613 785 698 nequit¹
804 653 822 685 ‚
895 610 1111 690 doyma
1198 611 1269 668 de
1338 611 1492 668 rea-li
1582 610 1813 670 Christi
1877 615 2206 689 praesentia
2277 619 2347 672 in

664 704 725 764 E
729 705 1065 764 acharis-tia
1107 715 1279 764 rectoe
1320 708 1558 764 rationi
1596 706 1934 763 adversari.

323 905 457 965 102.
508 906 735 985 M'ajoris
767 906 1189 988 perspicuitatis
1219 907 1399 989 gratia
1423 904 1708 965 nonnulla
1733 906 2140 986 praemittenda
2168 918 2307 966 sunt
2326 951 2345 980 ‚

236 1000 577 1084 priusquam
636 1012 879 1060 manum
924 995 1339 1063 admoveamus
1383 1000 1461 1060 ad
1507 999 1891 1060 evincendam
1928 1000 2349 1082 'propositionis

236 1095 564 1157 veritatem.

324 1189 460 1248 103:
508 1191 588 1249 Ac
625 1190 688 1247 1⁰
734 1190 1255 1251 animadvertimus
1291 1237 1306 1263 .,
1346 1189 1747 1265 difficultateS,
1798 1210 1939 1270 quas
1976 1210 2096 1270 prae
2131 1211 2193 1250 se
2235 1191 2347 1250 fert

240 1284 449 1364 dogma
501 1285 572 1342 de
613 1284 754 1344 reali
807 1284 1023 1344 Christi
1067 1287 1371 1366 praesentia
1415 1286 1478 1343 in
1515 1284 1884 1343 Eucharistiae
1936 1285 2307 1344 Sacramento
2333 1331 2349 1359 .,

239 1400 578 1438 communes
610 1400 732 1438 esse
758 1380 960 1438 ceteris
981 1378 1117 1438 fidei
1147 1390 1361 1439 nostrae
1390 1379 1674 1459 mysteriis
1696 1424 1711 1453 7
1747 1400 1880 1438 cum
1911 1379 2105 1438 omnia
2139 1379 2354 1461 pariter

240 1475 453 1533 mentis
479 1485 693 1534 nostrae
729 1485 966 1556 captum
991 1473 1294 1534 excedant.
1382 1489 1386 1495 ’

325 1567 460 1628 104.
506 1570 573 1628 2⁰
617 1571 1002 1644 Profi'temur,
1061 1568 1208 1627 nulli
1258 1591 1364 1627 nos
1410 1568 1686 1653 peculiari
1726 1568 2105 1650 philosophiae
2146 1568 2356 1651 placito

241 1662 525 1725 exclusive
559 1663 855 1723 adhaerere
890 1685 961 1723 ex
1000 1674 1128 1738 tot,
1171 1685 1297 1745 quae
1338 1663 1824 1723 circumferuntur
1864 1664 2010 1722 circa
2046 1685 2355 1745 corporum

240 1758 580 1833 essentiam,
610 1757 956 1840 nullumque
992 1779 1194 1817 eorum
1215 1780 1486 1842 respuere
1507 1804 1522 1833 ,
1550 1760 1646 1817 cui<
1676 1757 1906 1839 probati
1934 1758 2268 1841 Philosophi
2292 1778 2356 1816 ac

241 1852 514 1934 Theolbgi
559 1852 844 1912 calculum
890 1852 1240 1932 adjecerint,⁴
1290 1865 1358 1912 ut
1403 1853 1699 1913 solverent
1753 1853 2159 1928 difficultates,
2210 1874 2354 1934 quas

239 1946 522 2007 increduli
564 1960 665 2007 aut
699 1946 958 2007 haeretici
996 1959 1245 2026 urgent⁷
1291 1946 1499 2029 quibus
1550 1948 1758 2027 dogma
1795 1948 2140 2009 catholicum
2196 1947 2358 2007 velut

240 2040 591 2123 impossibile
624 2053 682 2101 et
713 2041 1033 2101 absurdum
1066 2041 1400 2100 traducunt.
1445 2043 1555 2116 Qui
1595 2043 1753 2102 enim
1782 2042 2164 2124 philosophiae
2192 2026 2356 2122 peri—

241 2138 503 2218 pateticae
534 2137 774 2197 student
795 2184 810 2213 7
859 2139 1056 2197 omnia
1085 2148 1390 2219 exponunt
1411 2141 1579 2214 juxta
1611 2137 1896 2196 theoriam
1926 2135 2262 2195 substantiae
2300 2147 2359 2195 et

242 2233 628 2293 accidentium
657 2280 671 2308 ,
704 2254 830 2315 quae
868 2245 1081 2292 vocant
1104 2232 1388 2291 absoluta.
1434 2233 1507 2290 Hi
1535 2243 1785 2312 negant,
1812 2231 2025 2291 Christi
2053 2234 2271 2313 Corpus
2295 2233 2358 2290 in

242 2327 612 2386 sacramento
629 2350 748 2387 esse
763 2329 823 2385 in
840 2327 965 2386 loco
986 2338 1253 2409 respectu
1275 2327 1396 2399 sui3
1421 2325 1522 2385 sed
1544 2338 1834 2402 asserunt,
1853 2326 2000 2385 illud
2023 2326 2214 2386 solum
2235 2348 2355 2386 esse

241 2422 302 2480 in
334 2421 460 2480 loco
497 2433 764 2504 respectu
798 2422 1188 2481 accidentium
1218 2422 1387 2503 panis
1419 2467 1434 2496 ‚
1470 2422 1667 2503 ibique
1695 2423 1941 2481 existere
1968 2444 2074 2503 per
2114 2421 2355 2480 modum

243 2516 584 2577 substantiae
605 2563 620 2592 .‚
651 2540 779 2599 quae
811 2516 1096 2576 abstrahit
1121 2516 1195 2575 ab
1225 2517 1387 2575 omni
1418 2517 1782 2599 quantitate·7
1816 2515 2098 2598 qualitate
2117 2561 2132 2589 .,
2163 2526 2351 2590 motu,

241 2614 354 2671 situ
375 2659 391 2689 a
431 2625 541 2673 etc.
584 2616 667 2673 De
700 2614 808 2672 hac
840 2614 1068 2673 ratione
1109 2613 1234 2671 fuse
1267 2611 1587 2671 scholastici
1622 2612 1846 2694 antiqui
1886 2611 2176 2670 disserunt
2204 2657 2219 2685 ,
2251 2633 2357 2670 nec

243 2706 316 2765 ab
352 2729 417 2766 ea
460 2707 774 2770 abhorrere
814 2708 1046 2769 videtur
1085 2707 1402 2772 Leibnitius
1441 2707 1565 2789 ipse
1614 2706 1722 2786 (l).
1771 2704 1861 2764 Illi
1914 2727 2053 2767 vero
2079 2751 2094 2780 ,
2148 2704 2357 2787 quibus

247 2803 575 2862 cartesiana!
610 2802 892 2884 principia
932 2801 1229 2876 arrident,
1278 2803 1498 2883 quique,
1535 2801 1788 2882 corporis
1829 2802 2142 2865 essentiam
2165 2801 2228 2860 in
2262 2821 2358 2861 ac-

244 2895 386 2956 tuali
421 2898 768 2956 extensione·
801 2898 865 2954 in
907 2896 1111 2956 ordine
1153 2897 1229 2955 ad
1272 2895 1464 2957 locum
1513 2895 1910 2970 constituunt,
1952 2894 2318 2956 contendunt
2341 2939 2360 2967 ,

247 3013 449 3052 omnes
485 2991 851 3050 difficultates
893 2991 1040 3052 solvi
1086 3013 1253 3072 posse
1302 3011 1408 3071 per
1456 2989 1872 3070 particularum
1913 2991 2172 3071 corporis
2197 3011 2358 3053 com-

245 3087 606 3167 pressionem
626 3131 641 3160 ,
671 3086 792 3147 sive
829 3097 1095 3144 mutuam
1125 3085 1381 3166 partium
1416 3085 1797 3144 accessionem
1830 3084 1938 3165 (2).
1971 3087 2080 3158 Qui
2114 3096 2355 3144 tuentur

246 3180 747 3241 Boschowichiana
786 3180 1074 3240 elementa
1111 3201 1211 3239 seu
1239 3190 1451 3260 puncta
1480 3180 1759 3261 simplicia
1781 3226 1796 3252 5
1835 3192 2112 3255 censent,
2152 3200 2274 3239 sese
2319 3199 2351 3236 a

248 3274 680 3333 difficultatibus
730 3275 1001 3357 expedire
1049 3295 1216 3355 posse
1268 3295 1373 3355 per
1418 3276 1671 3354 partium
1698 3320 1714 3351 ,
1772 3287 1836 3333 ut
1892 3287 2131 3349 vocant,
2197 3294 2358 3332 com-

248 3371 714 3452 penetrationem
754 3381 812 3429 et
854 3381 1223 3450 respectum7
1276 3391 1451 3450 quem
1488 3391 1725 3452 corpora
1768 3370 1990 3430 habent
2039 3369 2113 3428 ad
2139 3369 2358 3428 coexis-

317 3562 385 3625 (l)
419 3560 547 3625 Sysl.
593 3559 815 3624 Theoloq.
850 3577 900 3621 p.
925 3557 1039 3608 228.
1355 3561 1507 3609 Locke
1533 3600 1545 3622 ‚
1571 3573 1685 3611 tom.
1719 3579 1799 3623 111,
1835 3580 1877 3626 p.
1907 3560 1994 3608 261
2023 3570 2065 3609 et
2101 3577 2229 3625 seqq.
2252 3576 2360 3623 opp.

317 3641 389 3708 (2)
410 3642 510 3692 Cfr.
531 3643 682 3691 Gerdil
702 3646 751 3691 in
771 3643 1027 3708 appendice
1042 3644 1099 3691 ad
1118 3661 1232 3709 opus
1255 3661 1268 3690 τ
1357 3644 1467 3692 edit.
1496 3643 1631 3692 Rom.

248 3724 614 3773 Immaterial‘ite
659 3725 724 3775 de.
766 3723 932 3774 I'Ame
977 3733 1132 3772 contre
1192 3724 1272 3771 M.
