2502 4186
2124 206 2244 266 233

387 245 509 282 CAP.
560 245 646 281 111.
692 243 759 279 DE
802 243 871 279 Eo
914 243 1064 292 QUOD
1108 242 1210 280 SUB
1254 232 1813 290 QUALIBET‘SACRAM.
1864 231 1988 270 ETG.

220 388 355 448 176.
403 389 475 446 Et
509 398 664 446 recte
702 386 976 467 quidem,
1022 386 1232 466 dogma
1273 382 1431 443 enim
1467 379 1541 438 de
1577 375 1981 460 permanentia
2030 371 2247 434 Christi

138 483 198 540 in
235 484 607 541 Sacramento
641 482 720 539 ita
752 481 1121 561 conjungitur
1158 500 1291 538 cum
1325 482 1445 554 ejus
1487 473 1823 532 adoratione
1857 493 1926 530 ex
1956 467 2248 530 sententia

124 578 399 659 ipsorum
446 577 896 636 Calvinistarum
924 622 939 650 ,
995 586 1062 633 ut
1106 573 1322 654 absque
1368 570 1668 651 impietate
1713 589 1898 624 unum
1946 565 2020 624 ab
2068 562 2249 623 altera

137 684 392 754 nequeat
417 673 689 752 separari.
720 672 889 730 Nam
914 673 1090 730 illum
1122 668 1391 728 eumdem
1420 667 1653 737 Deum,
1697 663 1973 743 inquiunt
2000 659 2249 719 Triden-

138 767 249 825 tini
282 770 512 840 PatreS,
553 777 911 844 praesentem
948 770 1018 823 in
1054 784 1114 823 eo
1149 757 1617 842 (Sacramento)
1665 758 1862 814 adesse
1903 756 2204 813 credimus
2229 798 2247 827 ,

138 883 313 939 quem
340 861 526 918 Pater
561 872 821 919 aeternus
847 860 1228 918 introducens
1259 862 1328 916 in
1363 856 1562 914 orbem
1600 863 1910 910 terrarum
1940 851 2092 908 dicu
2120 871 2139 908 .·
2166 848 2254 908 Ec

137 956 387 1013 adorent
406 976 542 1013 eum
572 977 771 1014 omnes
804 955 1024 1034 Anyeli
1045 954 1164 1013 Dei
1179 996 1195 1026 ,
1226 972 1402 1029 quem
1435 950 1614 1027 Magn·
1638 945 2011 1026 procidentes
2039 944 2254 1000 adora·-

135 1059 381 1123 verunt,
416 1071 591 1128 quem
622 1051 875 1128 denique
893 1052 962 1107 in
991 1048 1244 1108 Galilaea
1271 1047 1351 1105 ab
1378 1044 1670 1124 Apostolis
1698 1042 2022 1100 adoratum
2058 1041 2253 1117 fuisse

140 1145 466 1222 Scriptura
495 1155 744 1203 testatur
771 1143 881 1222 (1).
1766 1210 1770 1214 .

225 1239 362 1298 177.
410 1240 501 1298 Ad
528 1240 647 1299 haec
674 1237 893 1298 accedit
926 1238 1198 1299 universa
1223 1235 1498 1309 traditi03
1536 1234 1756 1294 etenim
1778 1233 1835 1292 S.
1855 1234 1891 1291 J
1895 1253 2028 1290 oan.
2061 1228 2254 1309 Chry-

140 1344 425 1393 sostomus
466 1335 643 1406 dicit,
684 1356 805 1392 non
843 1333 1032 1392 solum
1074 1333 1378 1404 homineS,
1426 1331 1531 1390 sed
1573 1341 1632 1389 et
1671 1327 1919 1409 Angelos
1961 1327 2025 1384 in
2066 1325 2252 1385 Missae

142 1429 426 1487 Sacrificio
455 1439 805 1510 praesentem
842 1431 1031 1488 Deum
1057 1428 1299 1487 adorare
1325 1427 1433 1506 (⁶2.)
1471 1427 1527 1484 S.
1557 1423 1802 1504 Cyrillus
1841 1423 2066 1481 Hieros·
2100 1440 2257 1501 prae-

141 1523 316 1604 cipit,
351 1535 418 1581 ut
451 1523 964 1587 communicandus
999 1544 1241 1602 pronus
1282 1532 1342 1580 et
1379 1519 1732 1578 adorationis
1766 1519 1829 1575 in
1866 1515 2110 1575 modum
2157 1536 2256 1574 ac-

143 1618 308 1677 cedat
347 1618 452 1699 (3).
480 1618 876 1678 Theodoretus
911 1641 925 1676 :
968 1618 1243 1697 Symbola
1271 1619 1555 1693 mystica,
1593 1614 1817 1694 inquit,
1851 1622 1907 1669 et
1925 1611 2260 1669 creduntur

142 1723 197 1772 et
228 1715 570 1773 adorantur
620 1714 728 1793 (4).
778 1715 832 1771 S.
872 1711 1207 1772 Ambrosius
1255 1730 1556 1791 exponens
1606 1706 1784 1768 verba
1825 1708 1918 1764 Ps.
1972 1704 2251 1763 XCVIII}

139 1809 402 1867 Adorate
439 1795 763 1867 scabellum
798 1809 1031 1887 pedum
1061 1811 1188 1884 ejus
1220 1830 1236 1862 .·
1269 1807 1394 1866 Per
1415 1805 1740 1863 scabellum
1765 1847 1781 1876 .,
1818 1798 2052 1874 scribit,
2093 1809 2258 1856 terra

142 1903 551 1982 intelliyatur,
590 1924 707 1982 per
742 1914 968 1962 terram
1008 1912 1211 1960 autem
1259 1901 1415 1960 Caro
1452 1900 1713 1972 Christi,
1750 1917 1936 1976 quam
1978 1895 2258 1972 hodieque

142 2000 212 2054 in
266 2001 571 2075 mysteriis·
619 1999 984 2071 adoramus,
1039 2007 1095 2054 et
1144 2017 1328 2075 quam
1371 1995 1638 2073 Apostoli
1677 1997 1747 2050 iu
1794 1993 2058 2050 Domino
2109 1990 2259 2048 Jesu

145 2092 486 2151 adorarunt
509 2091 617 2173 (5).
656 2091 843 2151 Verba
870 2094 928 2150 S.
961 2090 1263 2170 Augustini
1297 2089 1560 2170 superius
1599 2086 1904 2147 retulimus
1941 2083 2209 2143 testantis
2238 2105 2250 2140 :

146 2185 336 2245 Nemo
363 2189 538 2246 illam
580 2188 840 2246 Carnem
869 2188 1232 2257 manducat,
1270 2189 1400 2244 m'sz‘
1417 2189 1606 2263 prius
1640 2182 2004 2242 adoraverit.

221 2433 290 2496 (l)
328 2432 452 2481 SeSS.
487 2449 602 2491 xm,
631 2449 733 2497 cap.
763 2430 813 2480 5.

219 2515 285 2578 (2)
321 2512 467 2561 Hom.
503 2530 644 2561 xxvm
665 2550 679 2573 ,
710 2513 776 2560 ad
794 2528 908 2578 pop.
941 2511 1151 2560 antioch.

150 2595 328 2644 Eadem
355 2596 497 2644 habet
523 2595 609 2643 lib.
649 2610 716 2653 vl,
752 2594 831 2642 De
857 2594 1151 2655 sacerdoti03

151 2676 300 2726 Hom.
322 2693 482 2726 mxxxiv
503 2677 557 2724 in
579 2676 634 2725 S.
652 2675 965 2736 Blatthoeum,
986 2686 1030 2725 et
1046 2676 1156 2723 alibi

154 2762 334 2822 passim.

222 2838 289 2902 (3)
329 2840 520 2889 Catech.
553 2849 754 2905 mystaq.
783 2858 829 2897 v,
857 2858 904 2887 n.
936 2855 1017 2887 22.

222 2921 288 2982 (Ιι)
317 2921 438 2969 Dial.
460 2938 508 2981 2,
526 2934 635 2970 tom.
652 2923 826 2985 iv,edit
849 2921 926 2969 cit.
954 2938 1054 2985 pag.
1073 2917 1154 2969 85.

222 3001 284 3064 (ὅ)
299 3001 377 3049 De
391 2999 524 3067 Spir.
542 3000 739 3063 Sancto,
756 3003 838 3050 lib.
860 3019 931 3061 111,
958 3020 1061 3067 cap.
1075 3019 1091 3049 1
1109 3018 1125 3049 1
1140 3038 1154 3062 ,

153 3103 204 3132 n.
238 3081 300 3149 78
331 3094 377 3132 et
408 3101 503 3150 79,
534 3087 584 3132 in
608 3103 746 3150 quem
767 3086 924 3133 locum
952 3086 1039 3134 cfr.
1071 3103 1155 3133 an-

154 3176 248 3213 not.
271 3166 382 3213 edit.
411 3183 558 3216 maur.
575 3165 674 3213 Cfr.
703 3166 759 3214 de
776 3166 866 3213 hoc
890 3177 1158 3229 argumento

163 3247 332 3294 Traite
371 3246 438 3294 du
477 3245 751 3296 sacrament
780 3247 835 3294 de
873 3246 1156 3305 l'Euchar„

153 3347 234 3393 par
256 3330 298 3376 le
317 3328 452 3376 Card.
470 3330 531 3375 du
550 3328 719 3377 Perron
738 3365 751 3387 ,
778 3329 860 3378 liv.
884 3346 938 3376 111
952 3366 965 3389 ,
988 3331 1124 3396 chap.
1144 3350 1159 3380 1

155 3420 199 3459 et
229 3413 376 3470 suiv.‚
405 3411 485 3458 ubi
506 3413 602 3474 ipse
636 3412 790 3458 omnia
821 3428 937 3475 pene
962 3415 1162 3479 antiqui-

154 3495 256 3541 tatis
280 3493 555 3540 documenta
596 3493 840 3557 expendit,
882 3510 982 3558 quae
1028 3494 1162 3543 lucu-

154 3573 299 3622 lenter
326 3574 573 3622 ostendunt
594 3612 607 3633 ,
633 3591 792 3622 verum
817 3573 959 3622 latriae
981 3577 1159 3624 cultum

156 3652 334 3704 Christo
380 3659 430 3703 in
467 3656 752 3703 Eucharistia
799 3673 976 3721 semper
1026 3657 1162 3706 fuisse

159 3735 436 3787 exhibitum.
453 3737 519 3787 Ex
533 3738 604 3786 his
621 3738 844 3787 refellitur
862 3740 997 3787 etiam
1016 3738 1163 3788 Beau·

1247 2430 1425 2479 sobrius
1459 2466 1472 2491 ,
1516 2432 1596 2496 qui
1626 2465 1641 2491 ‚
1701 2430 1923 2479 Histoire
1974 2430 2031 2478 de
2080 2427 2259 2478 Mani-

1247 2511 1383 2569 chee,
1415 2512 1497 2560 liv.
1543 2529 1588 2559 1x
1612 2548 1625 2568 ‚
1659 2512 1734 2560 ch.
1754 2527 1799 2571 1,
1831 2512 2100 2571 contendit,
2132 2521 2261 2560 aetate

1248 2593 1296 2642 S.
1324 2597 1570 2659 Augustini
1598 2594 1858 2642 Catholicos
1875 2612 1970 2642 non
1996 2593 2260 2642 exhibuisse

1249 2676 1548 2724 Eucharistiae
1580 2675 1756 2723 cultum
1793 2675 1965 2736 latriae,
2005 2675 2086 2723 sed
2113 2675 2259 2723 solam

1250 2758 1501 2824 quamdam
1544 2759 1915 2817 venerationem,
1951 2757 2099 2823 qualis
2131 2757 2261 2805 decet

1250 2839 1458 2905 symbola
1475 2856 1598 2887 sacra
1622 2877 1635 2899 ,
1662 2855 1763 2904 quae
1787 2839 1991 2887 referunt
2012 2841 2260 2903 imaginem

1251 2921 1462 2986 Corporis
1479 2932 1522 2970 et
1543 2921 1787 2985 Sanguinis
1816 2920 1987 2968 Christi
2009 2937 2022 2983 3
2042 2923 2107 2968 sic
2133 2923 2260 2968 enim

1251 3005 1426 3065 scribit,
1449 3002 1474 3069 §
1509 3020 1535 3069 7
1564 3024 1577 3058 2.
1595 3003 1668 3050 La
1697 3004 1841 3051 verite
1858 3011 1925 3050 est
1940 3020 2028 3067 que
2051 3019 2124 3049 ces
2149 3001 2258 3048 der-

1251 3088 1385 3134 niers
1420 3087 1434 3149 (
1451 3086 1516 3133 les
1535 3084 1847 3150 Catholiques)
1876 3082 2126 3132 n'avaiem
2134 3099 2264 3149 pour

1252 3168 1293 3216 le
1314 3170 1441 3233 pain
1473 3176 1517 3214 et
1535 3183 1662 3232 pour
1689 3165 1730 3214 le
1761 3166 1907 3214 calice
1921 3166 2068 3231 qu’un
2084 3173 2261 3230 respect

1252 3250 1488 3314 reliqieuoe
1501 3285 1517 3310 ,
1532 3249 1676 3313 fonde
1692 3266 1777 3296 sur
1792 3266 1843 3296 ce
1868 3266 1956 3313 que
1970 3265 2044 3296 ces
2057 3247 2261 3295 elemens

1252 3333 1475 3380 n'etaient
1497 3330 1611 3397 plus
1634 3348 1703 3378 un
1717 3333 1842 3397 pain
1867 3340 1996 3378 etun
2022 3332 2108 3378 vin
2134 3346 2261 3377 com-

1253 3431 1394 3461 mum
1412 3451 1425 3473 ‚
1457 3413 1572 3461 dont
1586 3412 1761 3477 l’usaqe
1776 3422 1845 3461 est
1868 3414 2177 3477 uniquement
2193 3410 2262 3458 ‘de

1252 3498 1453 3544 nourrir
1477 3494 1518 3542 le
1542 3512 1704 3561 corps,
1730 3497 1857 3542 mais
1890 3511 1960 3542 un
1980 3495 2107 3558 pain
2127 3500 2170 3540 et
2193 3507 2263 3538 un

1241 3580 1330 3624 vin
1365 3578 1655 3642 mystiques,
1691 3575 2013 3637 c’est-a-dire,
2049 3573 2114 3620 les
2130 3573 2262 3636 fiqu-
2320 3569 2324 3574 ‘

1244 3676 1318 3707 res
1336 3695 1353 3721 ,
1393 3659 1458 3706 les
1501 3661 1801 3706 memoriaux
1825 3695 1837 3717 ‚
1883 3655 1948 3702 les
1995 3670 2261 3702 sac-remens

1247 3741 1315 3789 du
1337 3739 1487 3806 Corps
1508 3747 1553 3788 et
1574 3739 1641 3788 du
1672 3738 1807 3802 Sanq
1830 3740 1885 3786 de
1903 3737 2067 3786 Jesus·
2078 3735 2261 3785 Christ.
