2502 4186
310 197 427 259 384

927 209 1246 251 rnAcrArus
1290 211 1359 248 nn
1399 207 1794 253 ΡοΕΜΤΕΝΤιΛ.

309 364 599 424 affectum.
619 357 693 416 30.
709 357 884 416 Juxta
909 354 1050 414 alios
1074 353 1323 414 charitas
1353 354 1673 436 theologica
1708 368 1767 416 et
1794 360 2028 440 proprie
2057 346 2231 437 dicta,
2260 381 2424 443 quae-

312 477 426 540 que
461 451 776 534 requiritur
803 449 880 510 ad
898 449 1374 527 justificationem
1397 494 1413 524 ,
1459 471 1582 509 non
1618 451 1679 509 in
1707 473 1905 511 amore
1937 455 2197 516 amicitiae
2229 478 2294 516 ac
2326 457 2428 515 be-

309 548 658 612 nevolentiae
691 546 978 620 consistit,
1003 544 1107 604 sed
1134 545 1195 603 in
1221 545 1342 604 solo
1384 556 1592 604 amore
1619 548 2116 629 concupiscentiae.
2160 551 2234 608 Hi
2257 573 2430 632 porro

310 646 548 718 docent,
573 643 917 702 charitatem
941 640 1259 723 perfectam
1283 639 1357 699 ab
1387 641 1724 722 imperfecta
1749 642 2026 724 distingui
2055 666 2124 704 ex
2162 647 2392 705 motivis
2413 691 2429 722 ,

307 742 390 800 ita
413 751 502 814 ut,
534 739 582 797 si
603 741 764 797 'Deus
794 735 948 795 solus
983 734 1277 815 diligatur,
1305 737 1439 818 quia
1470 734 1662 796 bonus
1693 737 1861 797 nobis
1891 750 1978 798 est
2001 785 2016 813 ,
2046 741 2123 798 sit
2148 740 2434 799 censenda

307 835 565 918 perfecta
593 877 609 909 ,
649 823 860 893 sivero
896 829 1167 910 diligatur
1202 851 1336 889 cum
1379 830 1573 913 aliquo
1603 833 1927 894 extrinseco
1962 836 2015 894 ei
2059 834 2434 916 superaddito

311 929 411 991 vel
438 951 574 989 cum
602 927 885 988 mixtione
910 926 1137 985 timoris
1159 971 1175 1001 ,
1203 928 1424 986 censeri
1454 926 1665 987 debeat
1697 929 2038 1010 imperfecta
2066 930 2175 1011 (1).

395 1025 498 1086 40.
547 1024 636 1083 40.
676 1022 1031 1104 Disceptatio
1060 1033 1337 1103 praeterea
1376 1022 1532 1101 viget
1583 1024 1648 1081 in
1689 1023 1898 1100 scholis
1941 1025 2236 1085 catholicis
2288 1026 2436 1085 circa

313 1123 588 1183 timorem
609 1163 626 1193 ,
653 1140 769 1200 quo
791 1118 1013 1177 attritio
1039 1118 1394 1199 concipitur3
1437 1129 1639 1176 utrum
1674 1118 1890 1179 scilicet
1924 1119 2170 1179 sufficiat
2204 1121 2280 1181 ad
2301 1123 2439 1200 jus-

313 1216 691 1276 tificationem
710 1214 774 1272 in
798 1215 1169 1272 Sacramento
1187 1213 1549 1293 Poenitcntiae
1580 1212 1964 1274 obtinendam
1981 1215 2163 1282 *timor
2184 1215 2303 1294 ille,
2332 1217 2438 1298 qui

317 1312 504 1371 oritur
543 1330 616 1370 ex
656 1319 819 1368 metu
849 1306 1280 1389 supernaturali
1314 1324 1628 1389 poen'arum
1672 1310 2127 1392 temporalium,
2179 1332 2254 1370 an
2300 1332 2438 1372 vero

300 1405 528 1467 *debeat
563 1406 802 1486 insuper
833 1402 1058 1484 concipi
1088 1424 1160 1462 ex
1189 1413 1354 1462 metu
1385 1424 1705 1484 poenarum
1734 1417 2110 1465 aeternarum.

399 1502 498 1561 41.
544 1502 681 1560 Haec
704 1499 1161 1581 suntpraecipua
1190 1498 1377 1581 capita
1404 1521 1437 1557 a
1461 1498 1630 1560 nobis
1657 1503 2066 1583 expendenda.
2099 1505 2216 1563 Nos
2241 1503 2439 1585 itaque

306 1601 519 1679 primo
563 1596 725 1656 fidei·
751 1594 961 1674 dogma
998 1594 1500 1676 propugnabimus
1519 1592 1824 1658 adversus
1862 1610 2172 1660 novatores
2211 1602 2444 1660 Protes-

317 1704 546 1767 tantes3
573 1692 785 1752 deinde
819 1686 1194 1750 adstruemus'
1221 1689 1546 1750 doctrinam
1567 1692 1826 1753 Ecclesiae
1848 1695 2145 1756 catholicae
2166 1694 2443 1757 adversus

322 1787 705 1849 Jansenistas.

391 1983 455 2047 (1)
506 1980 604 2029 cfr.
666 1979 856 2043 Bolgeni
888 2014 902 2037 ,
949 1975 1096 2025 Deua
1151 1977 1379 2038 caritd,v
1428 1978 1475 2027 S.
1524 1979 1725 2029 Thomas
1769 1999 1979 2047 expresse
2027 1985 2283 2050 distinguit.
2327 1984 2444 2034 Nam

319 2082 346 2113 o
378 2080 514 2112 amor
560 2061 616 2109 di
667 2060 803 2119 Dio,
849 2059 996 2107 Roma
1043 2056 1207 2123 1788,
1257 2076 1348 2108 una

320 2165 428 2196 cum
458 2145 667 2212 ejusdem
691 2143 927 2208 apologia,
959 2140 1162 2206 Fulginii
1196 2132 1351 2209 ¹79²·-

319 2228 597 2278 Benedictus
649 2242 724 2274 xiv
755 2262 767 2286 ,
812 2223 894 2272 De
929 2220 1122 2288 Synodo
1158 2223 1344 2274 dioeces.

318 2312 404 2361 lib.
443 2326 509 2357 vn
539 2346 553 2369 ‚
602 2325 705 2373 cap.
758 2305 815 2355 13
847 2343 860 2366 ,
923 2314 1163 2355 enumerat
1202 2309 1345 2355 varias

319 2396 540 2454 rationes,
561 2390 732 2458 quibus
748 2390 963 2438 contritio
982 2397 1125 2454 potest
1146 2387 1238 2436 dici
1254 2391 1345 2437 im-

321 2476 552 2542 perfecta3
577 2471 603 2534 S
633 2469 662 2520 5
681 2475 801 2520 inter
820 2480 965 2519 cetera
991 2470 1150 2518 scribit
1172 2486 1186 2518 ι
1223 2469 1345 2518 Ter-

319 2560 387 2606 tio
400 2595 413 2620 ‚
436 2566 480 2604 et
486 2554 769 2622 plerumque
782 2590 795 2610 ,
823 2553 1020 2600 nomine
1036 2552 1343 2600 contritionis

319 2638 611 2705 imperfectae
642 2634 933 2699 intelliyitur
968 2633 1099 2682 dolor
1141 2633 1197 2682 de
1223 2651 1340 2699 pec—

320 2724 443 2770 catis
461 2759 475 2781 ,
516 2721 662 2768 unice
690 2725 945 2783 conceptus
976 2724 1115 2781 atque
1153 2715 1342 2764 elicitus

314 2812 512 2870 propter
539 2817 703 2850 eorum
727 2799 1113 2865 turpitudinem,
1151 2807 1237 2848 aut
1265 2815 1341 2846 so-

323 2885 423 2934 lum
468 2894 641 2932 metum
678 2898 938 2950 paenarum
987 2890 1031 2929 et
1072 2880 1304 2946 ychennoe
1323 2917 1339 2941 ,

323 2968 499 3033 absque
540 2965 642 3014 nlla
691 2964 792 3014 Dei
834 2963 1105 3012 dilectione.
1164 2963 1341 3013 Verum

325 3050 462 3099 Card.
487 3048 717 3098 Gerdilius
733 3083 748 3108 ,
785 3050 836 3095 in
867 3063 1028 3112 opusc.
1048 3044 1175 3094 Dell'
1199 3047 1342 3094 attri-

325 3133 492 3192 zione,
533 3142 650 3180 tom.
673 3148 784 3191 xxx,
812 3130 869 3195 p.
908 3128 1034 3189 118,
1078 3146 1186 3194 opp.
1225 3129 1340 3177 edit.

324 3213 465 3262 Rom.
498 3222 708 3262 accurate
737 3212 980 3271 observat,
1011 3211 1089 3260 hic
1134 3229 1160 3259 a
1207 3210 1342 3259 docto

326 3294 550 3344 Pontifice
567 3312 676 3343 cum
697 3312 865 3360 magno
886 3293 1231 3358 Theologorum
1251 3311 1342 3341 nu-

328 3394 455 3426 mero
477 3379 697 3444 permixta
722 3376 861 3426 fuisse
889 3377 984 3426 duo
1009 3377 1211 3436 motiva,
1240 3391 1343 3441 quae

1429 2060 1496 2108 illi
1542 2061 1765 2128 Theologi
1799 2065 2119 2122 contendunt,
2158 2069 2446 2116 attritionem

1429 2143 1640 2191 servilem
1672 2161 1804 2211 aeque
1837 2148 1961 2212 gigni
2001 2158 2095 2196 tam
2127 2167 2151 2197 e
2181 2149 2446 2199 considera-

1428 2228 1553 2275 tione
1594 2228 1893 2292 turpitudinis
1937 2233 2143 2294 peccati‚
2195 2248 2337 2298 quam
2390 2250 2446 2281 ex

1426 2309 1790 2358 consideratione
1826 2328 2067 2375 poenarum
2105 2330 2158 2362 ac
2202 2315 2444 2379 gehennae.

1426 2389 1597 2440 Contra
1623 2409 1730 2440 vero
1766 2391 1818 2442 S.
1837 2392 2038 2442 Thomas
2055 2431 2068 2455 ,
2090 2413 2139 2460 p.
2176 2396 2206 2444 3
2226 2432 2240 2455 ,
2269 2414 2319 2462 q.
2356 2394 2445 2455 85,

1426 2484 1510 2522 art.
1545 2472 1576 2523 5
1602 2474 1660 2522 ad
1695 2490 1712 2522 1
1733 2511 1747 2538 ,
1780 2478 1977 2526 secernit
2002 2495 2152 2526 unum
2174 2477 2232 2526 ab
2266 2477 2409 2526 altero
2432 2515 2445 2537 ,
2466 2518 2486 2544 4

1425 2555 1632 2604 tribuens
1649 2558 1803 2605 timori
1823 2561 2165 2620 contritionem,
2184 2574 2286 2625 quae
2304 2555 2447 2630 orittQ‘r

1424 2649 1485 2686 ex
1518 2639 1881 2691 consideratione
1917 2657 2158 2704 poenarum
2179 2678 2192 2700 ,
2233 2635 2446 2689 charitati

1425 2730 1578 2770 autem
1602 2720 1766 2769 tribuit
1796 2724 2118 2770 contritionem
2140 2758 2152 2781 ,
2179 2739 2284 2788 quae
2304 2726 2449 2771 oritur

1423 2819 1477 2850 ex
1507 2802 1874 2851 consideratione
1918 2804 2219 2869 turpitudinis
2253 2807 2446 2870 peccati.

1423 2881 1501 2931 Sic
1528 2886 1654 2932 enim
1683 2885 1896 2951 loquitur
1919 2885 1971 2935 S.
2000 2887 2172 2936 Doctor
2201 2904 2216 2935 ε
2261 2887 2446 2935 Pecca-

1423 2973 1527 3012 tum
1553 2966 1718 3031 primo
1761 2968 1938 3033 incipit
1975 2968 2162 3017 homini
2197 2968 2447 3035 displicere

1425 3047 1440 3110 (
1462 3049 1673 3095 maxime
1684 3051 1958 3114 peccatori)
1975 3059 2170 3117 propter
2181 3050 2443 3117 supplicia,

1423 3145 1530 3193 qnae
1545 3132 1742 3196 respicit
1761 3133 1907 3180 timor
1916 3133 2106 3181 servilis
2123 3171 2136 3195 ‚
2152 3149 2298 3198 quam
2306 3149 2448 3200 prop-

1423 3219 1496 3259 ter
1541 3211 1646 3260 Dei
1680 3214 1908 3279 offensam
1943 3215 2017 3263 vel
2050 3215 2239 3282 peccati
2286 3215 2445 3280 turpi-

1425 3293 1642 3343 tudinem
1656 3333 1671 3353 ,
1702 3296 1828 3361 quod
1844 3299 2056 3363 pertinet
2069 3296 2134 3347 ad
2145 3297 2442 3347 charitatem.
