2502 4186
352 218 466 282 126
483 180 487 185 ’

928 237 1240 279 TRACTATUS
1274 237 1342 291 DE
1382 235 1851 278 courlauA‘l'lorm.

346 380 566 444 Exinde
595 379 768 462 plane
807 377 982 449 etiam
1012 376 1410 459 consequitur,
1452 375 1688 435 nonnisi
1724 397 1927 435 manus
1960 379 2418 460 impositionem,

345 497 473 559 quae
510 474 846 533 unctionem
881 471 1220 546 comitatur,
1249 493 1354 552 pro
1388 470 1679 530 essentiali
1705 468 1873 548 hujus
1903 472 2254 533 Sacramenti
2294 497 2420 534 ma-

344 569 485 630 teria
511 563 844 627 habendam
871 585 990 625 esse
1020 609 1036 638 ,
1073 586 1188 624 una
1223 585 1354 624 cum
1377 566 1499 645 ipsa
1534 563 1856 624 chrismatis
1894 565 2182 625 unctione.

390 712 394 717 .
423 661 519 722 77.
566 662 644 719 Ut
680 659 899 742 aliquid
925 664 1050 738 jam
1087 660 1432 738 attingamus
1469 659 1613 717 circa
1649 657 1892 718 alteram
1935 661 2313 741 quaestionem
2352 663 2424 724 de

340 756 689 828 chrismate,
735 756 796 814 in
836 755 1038 837 primis
1091 775 1196 836 pro
1235 754 1533 836 explorato
1586 756 1908 837 tenendum
1952 767 2074 829 est,
2127 756 2319 816 oleum
2355 779 2426 818 ex

343 852 509 914 olivis
545 871 881 933 expressum
907 851 1221 910 necessario
1244 850 1459 931 requiri
1494 847 1570 907 acl
1608 848 1931 909 chrismatis
1973 851 2421 926 confectionem3

345 967 477 1006 cum
516 948 711 1005 Patres
749 966 813 1004 ac
854 955 1236 1004 monumenta
1259 956 1455 1004 vetera
1485 954 1814 1004 constanter
1860 944 1969 1003 olei
2009 947 2383 1006 meminerint
2407 992 2422 1021 ,

345 1040 418 1101 de
447 1039 953 1118 hoc-Sacramento
980 1039 1323 1099 disserentes
1350 1063 1366 1112 ς
1414 1037 1523 1096 olei
1559 1049 1754 1097 autem
1793 1039 2029 1123 nomine
2064 1039 2277 1120 absque
2307 1040 2426 1099 ullo

341 1135 539 1195 addito
577 1134 879 1213 significari
921 1133 1099 1208 illud,
1120 1132 1275 1215 quod
1303 1154 1373 1192 ex
1408 1132 1574 1193 olivis
1598 1133 1968 1214 exprimitur,
1997 1134 2266 1214 Theologi
2293 1157 2422 1194 om—

340 1251 444 1289 nes
482 1229 763 1287 fatentur.

361 1316 363 1318 ⁵
419 1322 521 1381 78.
571 1323 784 1380 Verum
809 1321 1047 1402 quaestio
1085 1322 1148 1379 in
1181 1342 1248 1380 eo
1285 1332 1547 1381 versatur
1566 1366 1583 1397 ,
1610 1324 2158 1382 utrumnecessaria
2186 1324 2258 1382 sit
2285 1347 2427 1406 opo-

338 1415 581 1475 balsami
608 1415 920 1489 admixtiO,
957 1434 1058 1475 seu
1086 1415 1394 1494 unguenti,
1436 1415 1594 1496 quod
1615 1438 1645 1474 a
1669 1417 1876 1475 Graecis
1905 1416 2088 1475 tribus
2117 1429 2216 1476 aut
2251 1419 2426 1498 quin-

339 1530 452 1593 que
491 1530 664 1591 supra
704 1510 940 1589 triginta
977 1509 1326 1568 aromatibus
1379 1511 1677 1569 conficitur
1717 1511 1823 1590 (l)
1883 1513 1964 1570 Ex
1999 1511 2295 1591 Theologis
2333 1512 2427 1572 alii

338 1606 664 1678 affirmant,
711 1603 807 1663 alii
839 1615 1074 1684 negant.
1118 1604 1271 1663 Licet
1305 1605 1369 1663 in
1410 1605 1577 1686 praxi
1616 1606 1792 1663 tutior
1829 1626 1961 1685 pars
2002 1607 2076 1664 sit
2115 1606 2377 1685 eligenda
2406 1652 2422 1681 .,
2491 1664 2493 1667 Α

337 1700 595 1781 adeoque
630 1710 732 1759 aut
769 1699 1026 1781 suppleri
1057 1698 1298 1773 debeat,
1337 1699 1493 1780 quod
1527 1700 1756 1759 incaute
1781 1699 1892 1759 fuit
1933 1701 2385 1779 praetermissum
2407 1746 2423 1777 ,

335 1805 511 1878 prout
552 1794 866 1855 declaravit
910 1794 1277 1852 Innocentius
1317 1793 1564 1873 111(2),
1609 1806 1707 1853 aut
1737 1840 1751 1866 ,
1810 1795 1966 1875 quod
2011 1795 2427 1854 recentioribus

335 1888 625 1971 plerisque
661 1887 886 1970 placet,
930 1898 1051 1947 tota
1086 1888 1162 1947 sit
1205 1887 1312 1946 sub
1358 1887 1685 1947 conditione
1718 1890 2094 1948 Confirmatio
2144 1889 2423 1948 iteranda.

337 1985 594 2058 Tamen,
639 1982 796 2043 salva
843 1982 955 2042 fide
983 2028 999 2057 ,
1053 1983 1249 2061 negari
1284 1993 1506 2064 potest,
1556 1985 1932 2043 necessariam
1976 2005 2097 2043 esse
2146 1984 2426 2062 ejusmodi

336 2078 750 2136 admixtionem
773 2102 789 2150 ς
830 2088 896 2135 ut
933 2088 1093 2136 tenet
1116 2078 1291 2136 etiam
1316 2077 1694 2136 Bellarminus
1722 2077 1995 2138 adversus
2027 2064 2383 2137 Kemnitium
2405 2123 2421 2152 ,

335 2173 435 2254 qui
458 2171 541 2232 'ex
580 2192 646 2231 ea
673 2193 873 2230 ansam
901 2171 1146 2253 sumpsit
1175 2170 1538 2231 scholasticos
1564 2171 1952 2231 calumniandi
1976 2172 2083 2251 (3).
2118 2174 2250 2231 Jam
2272 2171 2424 2230 dixi-

336 2404 428 2453 qua
442 2387 519 2434 hic
544 2387 750 2452 loquitur
766 2421 780 2442 ‚
793 2387 979 2452 passim
999 2388 1197 2450 servari3
1228 2405 1335 2435 nam
1423 2389 1609 2436 demum
1632 2406 1678 2453 p.
1704 2387 1772 2437 63
1804 2399 2044 2455 utramque
2071 2391 2121 2436 in
2148 2407 2230 2437 sua
2256 2388 2420 2453 proba-

335 2471 386 2516 in
426 2468 664 2517 nonnullis
704 2469 902 2517 ecclesiis
942 2469 1002 2517 ob
1035 2469 1338 2535 discrepantes
1420 2468 1595 2518 bilitate
1611 2469 1864 2536 relinquit,
1899 2471 2152 2535 eademque
2179 2469 2420 2533 prudentia

337 2549 677 2615 Theologorum
706 2553 950 2599 sententias
977 2562 1209 2615 receptum
1238 2555 1337 2618 jam
1419 2570 1465 2600 se
1495 2553 1610 2615 gerit
1629 2562 1787 2600 auctor
1813 2552 2099 2600 additionum
2123 2551 2181 2599 ad
2204 2550 2384 2598 Estium
2403 2587 2417 2610 ,

336 2642 430 2692 est,
462 2642 512 2680 ut
538 2632 696 2697 templi
736 2632 854 2680 fores
890 2633 1161 2680 claudantur
1181 2668 1194 2691 ‚
1229 2649 1335 2681 cum
1417 2633 1482 2680 In
1513 2631 1597 2680 lib.
1618 2648 1666 2680 1v
1687 2629 1820 2679 Sem.
1859 2632 1906 2679 d.
1937 2640 2025 2692 vn',
2062 2629 2088 2696 §
2122 2629 2179 2681 16
2199 2667 2212 2690 ‚
2241 2632 2325 2679 litt.
2352 2631 2416 2691 b,

335 2711 584 2777 Episcopus
601 2729 763 2761 manus
781 2730 915 2777 super
929 2730 1087 2762 omnes
1104 2724 1341 2778 praesentes
1423 2730 1466 2778 p.
1492 2709 1554 2778 87
1565 2747 1578 2761 .

338 2793 573 2858 protendit
598 2803 641 2842 et
661 2796 912 2842 orationem
930 2794 1112 2854 fundit,
1142 2812 1201 2843 nc
1220 2794 1340 2843 alius
1489 2793 1554 2856 (l)
1589 2792 1764 2841 Horum
1783 2803 2037 2841 aromatum
2053 2793 2317 2859 catalogum
2339 2810 2413 2842 ex·

337 2876 624 2939 superveniat
667 2884 711 2922 et
748 2885 944 2940 ungatur
989 2875 1165 2941 absque
1195 2879 1335 2940 priori

336 2956 415 3004 illa
431 2973 654 3004 manuum
679 2953 969 3020 impositione
982 2992 996 3016 ‚
1025 2967 1163 3022 atque
1180 2968 1232 3005 ut
1248 2958 1335 3007 hac

332 3039 508 3086 ratione
530 3037 788 3102 periculum
815 3037 1103 3098 amoveatur,
1139 3056 1198 3087 ne
1231 3041 1333 3086 irri-

335 3128 436 3167 tum
464 3121 520 3166 sit
537 3118 899 3167 Sacramentum.
940 3119 1058 3168 Sane
1086 3122 1330 3168 auctorita-

334 3208 404 3248 tes
418 3234 435 3260 ,
458 3206 581 3264 'quas
608 3204 690 3264 pro
712 3218 935 3249 manuum
961 3202 1250 3265 impositione
1271 3202 1336 3249 af-

334 3280 422 3328 fert
433 3279 722 3343 Sambovius,
750 3281 897 3347 Diap.
925 3297 980 3329 111
1000 3319 1014 3345 ‚
1041 3282 1120 3330 De
1135 3283 1336 3330 materia

337 3360 480 3424 Cous.
515 3379 647 3427 prop.
685 3379 701 3410 1
736 3373 781 3411 et
818 3380 884 3423 11,
928 3366 1136 3430 quamvis
1178 3381 1337 3413 omnes

330 3442 592 3492 decretoriae
609 3461 704 3491 non
728 3447 848 3505 sint,
879 3463 977 3493 non
1001 3445 1213 3493 videntur
1230 3463 1334 3493 con-

332 3524 608 3573 temnenda.
651 3524 933 3591 Quapropter
970 3525 1195 3587 Witasse‚
1227 3544 1333 3575 cum

331 3608 383 3653 -in
423 3605 588 3655 Tract.
618 3606 674 3654 de
705 3605 846 3672 Conf.
872 3617 1169 3657 monumenta
1189 3645 1202 3665 ‚
1227 3624 1335 3674 quae

328 3686 536 3735 alterutri
564 3690 798 3738 sententiae
834 3689 1018 3750 favent,
1074 3689 1333 3750 attulisset,

1417 2875 1545 2923 hibet
1567 2874 1755 2923 Goarius
1770 2877 1819 2923 in
1831 2875 2143 2939 Eucholoqio,
2164 2894 2267 2940 pag.
2294 2873 2414 2940 637.

1479 2953 1552 3020 (2)
1588 2955 1700 3021 Cap.
1728 2953 1982 3012 Pastorali,
2007 2957 2180 3016 Extra„
2218 2956 2293 3003 De
2318 2953 2416 3005 Sa-

1413 3054 1563 3085 cram.
1581 3054 1679 3085 non
1702 3038 1951 3086 iterandis.
1970 3038 2272 3102 Interrogatus
2291 3040 2415 3085 enim

1413 3111 1633 3166 Pontifex:
1651 3119 1698 3168 A
1703 3136 1736 3166 n
1747 3119 1967 3166 iteranda
1980 3128 2093 3166 esset
2109 3119 2416 3182 Confirmatio

1417 3200 1659 3265 cujusdam
1696 3200 1896 3248 hominis
1947 3200 2041 3247 solo
2089 3199 2183 3247 oleo
2237 3200 2416 3246 inuncti

1418 3282 1589 3346 absque
1609 3281 1813 3330 balsamo
1832 3319 1844 3341 ‚
1876 3282 2074 3330 decrevit
2108 3298 2122 3328 ε
2153 3279 2300 3327 Nihil
2326 3281 2415 3326 ite-

1418 3362 1624 3409 randum
1654 3380 1779 3424 esse,
1816 3363 1898 3410 sed
1935 3369 2070 3410 caute
2101 3359 2413 3425 supplendam

1415 3442 1467 3489 id
1490 3480 1501 3501 ‚
1530 3444 1656 3508 qaod
1682 3446 1877 3492 incaute
1899 3445 2126 3491 antissam
2147 3441 2329 3505 fuerat.

1485 3525 1547 3589 (3)
1584 3526 1665 3574 De
1682 3525 1827 3590 Conf.
1847 3542 1949 3590 cap.
1983 3540 2041 3590 9,
2067 3542 2119 3573 n.
2158 3540 2235 3590 17·
2264 3523 2414 3571 Prima

1416 3607 1640 3667 balsami,
1673 3608 1800 3673 quod
1818 3609 1961 3655 sciam
1975 3641 1988 3663 ‚
2009 3620 2215 3670 expressa
2240 3606 2412 3652 mentio

1420 3692 1614 3738 occurri-t
1655 3689 1776 3754 apud
1826 3686 2138 3736 Occidentales
2178 3689 2228 3734 in
2265 3684 2412 3733 Libro
