2502 4186
769 252 888 292 cAr.
932 254 1019 292 111.
1067 254 1135 289 mi
1176 248 1562 292 commissionn.
2092 225 2212 287 409

121 392 373 451 tendunt
402 397 521 470 ejus
555 399 727 451 usum
753 391 1003 453 liberum
1025 413 1145 452 esse
1185 390 1389 474 utpote
1416 390 1797 450 institutionis
1835 411 1994 450 mere
2027 389 2213 451 eccle-

116 486 367 545 siasticae.
411 486 694 546 Increduli
733 486 997 546 eamdem
1025 487 1181 547 viam
1217 496 1444 545 tenent.
1483 485 1716 543 Veteres
1744 485 2112 544 Montanistae
2144 506 2210 545 ac

115 581 423 640 Novatiani
445 581 763 639 admittunt
791 581 1171 640 Confessionis
1193 579 1452 640 divinam
1473 578 1904 636 institutionem
1928 624 1944 653 ,
1972 579 2212 638 restrin-

115 685 260 751 gunt
278 685 509 732 tantum
534 674 865 733 facultatem
895 697 925 734 a
957 674 1184 734 Christo
1209 673 1408 732 datam
1439 671 1698 732 Ecclesiae
1729 670 2071 732 absolvendi
2097 674 2210 733 rite

113 770 466 848 poenitentes
489 767 561 826 ab
586 768 853 828 omnibus
872 769 1138 851 peccatiS.
1161 769 1197 827 J
1200 768 1504 827 ansenistae
1519 764 1859 848 improbant
1873 763 2043 826 usum
2071 789 2207 827 con-

113 861 315 920 fitendi
342 873 573 942 peccata
599 863 863 924 venialia.
891 865 1008 922 Hos
1036 878 1257 923 errores
1285 883 1487 922 omnes
1520 860 1781 921 refellere
1809 860 2199 941 aggredimur.

908 1053 1310 1119 PROPOSITIO
1346 1067 1389 1118 1.

117 1259 410 1337 Confessio
457 1262 907 1319 sacramentalis
965 1265 1238 1319 omnium
1293 1271 1349 1319 et
1401 1262 1778 1341 si'nynloram
1821 1272 2208 1343 peccatorum

193 1357 544 1413 mortalium
561 1399 584 1427 ,
627 1376 760 1434 quoe
791 1366 931 1435 post
967 1357 1356 1435 Baptismum
1398 1361 1711 1414 commissa
1752 1366 1942 1428 sunt,
1985 1357 2211 1415 divinoe

189 1446 586 1508 institutionis
609 1435 709 1508 'est
744 1460 801 1508 et
837 1453 1172 1509 necessaria
1214 1451 1300 1509 ad
1335 1452 1609 1510 salutem.
1662 1451 1836 1530 Quod
1871 1455 1941 1510 in
1977 1455 2210 1531 primis

190 1542 394 1601 Sacroe
437 1545 672 1602 Litteroe
713 1546 1046 1604 ostendunt.

197 1785 332 1844 105.
379 1789 463 1845 De
503 1786 619 1845 fide
664 1798 752 1845 est
799 1786 918 1845 haec
958 1787 1312 1868 propositio7
1351 1786 1426 1845 ad
1461 1808 1637 1868 quam
1676 1765 2048 1847 sanciendam
2099 1785 2206 1846 hos

110 1901 355 1938 canones
384 1879 564 1938 edidit
591 1880 911 1940 Concilium
933 1881 1091 1940 Trid.
1131 1903 1268 1940 sess.
1309 1882 1470 1954 XIV,
1504 1902 1630 1941 can.
1668 1883 1740 1940 VI
1774 1904 1786 1939 :
1822 1883 1893 1940 Si
1925 1886 2064 1960 quis
2094 1903 2206 1939 ne·-

42 1994 51 2000 ·
100 1979 367 2053 qaveri't,
399 1975 828 2054 Confessionem
851 1979 1340 2035 sacramentalem
1363 1978 1452 2034 vel
1465 1980 1808 2034 institutam
1833 1978 1922 2035 vel
1945 1977 2031 2034 ad
2045 1978 2205 2035 salu-

111 2079 224 2126 tem
264 2074 659 2128 necessariam
690 2091 803 2130 esse
821 2075 976 2148 jure
1014 2072 1215 2128 divino
1229 2113 1253 2142 ,
1284 2081 1395 2128 aut
1427 2072 1684 2141 dixerit,
1719 2072 1966 2130 modum
1998 2081 2205 2129 secrete

110 2166 424 2242 confitendi
444 2166 554 2223 soli
575 2166 909 2241 Sacerdoti,
950 2187 1125 2244 quem
1145 2166 1415 2225 Ecclesia
1440 2167 1730 2225 catholica
1753 2168 1832 2224 ab
1858 2171 2036 2225 initio
2059 2187 2203 2224 sem-

101 2279 216 2336 per
242 2252 569 2317 observavit
591 2269 645 2316 et
667 2260 965 2331 observat,
1006 2266 1271 2319 alienum
1304 2282 1417 2319 esse
1451 2263 1529 2318 ab
1554 2264 1926 2319 institutione
1947 2271 2002 2318 et
2026 2282 2204 2318 man-

107 2354 242 2411 dato
263 2355 514 2427 Christi,
535 2364 590 2411 et
611 2359 920 2412 inventam
943 2375 1056 2413 esse
1070 2356 1408 2415 humanum
1420 2398 1442 2426 ,
1456 2357 1782 2414 'anatliema
1800 2358 1894 2413 sit.
1919 2356 2058 2413 Can.
2077 2355 2198 2413 VII:

109 2449 179 2504 Si
201 2453 335 2526 quis
359 2450 587 2506 dimerit
611 2453 679 2507 in
704 2450 1087 2507 Sacramento
1121 2452 1493 2510 Paenitentia?
1529 2452 1616 2509 ad
1645 2454 2048 2509 remissionem
2066 2471 2204 2529 pec-

106 2554 377 2600 catorum
412 2548 810 2602 necessarium
850 2566 970 2602 non
1001 2567 1115 2603 esse
1142 2550 1293 2623 jure
1332 2547 1537 2604 divino
1549 2589 1573 2618 ,
1616 2549 1884 2625 confiteri
1921 2550 2124 2604 omnia
2152 2556 2208 2604 et

107 2639 348 2716 sz'nyula
362 2649 609 2716 peccata
632 2641 945 2710 mortalia,
984 2661 1241 2717 quorum
1275 2645 1567 2699 memo-ria
1602 2663 1738 2699 cum
1766 2642 1964 2699 dehita
1985 2652 2039 2698 et
2056 2642 2204 2699 dili-

99 2734 766 2810 9en'tiproemeditatione
786 2734 1079 2791 habeatur
1091 2777 1124 2821 ,Ι
1139 2740 1319 2792 etiam
1335 2737 1561 2793 occulta
1574 2780 1590 2807 ,
1606 2747 1658 2793 et
1677 2757 1811 2815 quoe
1833 2747 1977 2795 sunt
1996 2746 2203 2795 contra

110 2828 228 2883 duo
260 2828 476 2886 ultima
497 2830 774 2908 Decaloyi
785 2840 1086 2908 praecepta
1102 2872 1124 2901 ,
1160 2840 1214 2887 et
1244 2834 1733 2888 circumstantia-s
1748 2875 1770 2902 ,
1814 2852 1942 2909 quw
1966 2835 2205 2910 peccati

108 2926 354 2999 speciem
377 2934 673 2982 mutant...
701 2925 1023 2983 anathema
1046 2929 1142 2983 sit.
1168 2925 1309 2983 Can.
1329 2926 1455 2982 VIII
1486 2948 1498 2982 :
1526 2928 1600 2983 Si
1618 2931 1751 3004 quis
1778 2927 2003 2984 dixerit
2011 2969 2032 2997 ,
2062 2927 2203 2985 Con-

101 3020 415 3094 fessionem
455 3023 726 3075 omnium
755 3031 1171 3097 peccatorum,
1214 3025 1447 3098 qualem
1490 3021 1764 3079 Ecclesia
1806 3031 2040 3091 servat,
2086 3040 2201 3078 esse

109 3112 532 3190 impossibilem
571 3123 626 3169 et
659 3113 1043 3172 traditionem
1095 3114 1466 3185 humanam,
1514 3136 1552 3173 a
1593 3118 1725 3193 piis
1773 3115 2195 3172 abolendam...

110 3206 431 3263 anatliema
455 3210 553 3268 sit.

196 3299 328 3357 106.
361 3300 678 3380 Suppositis
706 3301 1048 3360 testimoniis
1077 3305 1337 3383 superius
1356 3325 1426 3362 ex
1452 3303 1623 3361 sacris
1646 3303 1872 3362 Litteris
1902 3303 2151 3362 recitatis
2182 3327 2195 3362 :

116 3396 511 3474 Quaecumque
538 3396 928 3475 alliqaveritis
941 3439 963 3468 ,
993 3408 1104 3456 etc.
1144 3399 1414 3477 Quorum
1439 3402 1823 3470 remiseritis,
1855 3410 1962 3458 etc.
1999 3398 2079 3456 ita
2106 3399 2203 3456 in-

111 3490 403 3547 stituimus
442 3501 848 3569 argumentum
882 3513 896 3548 :
947 3491 1196 3552 Evidens
1231 3505 1317 3552 est
1360 3515 1430 3552 ex
1465 3493 1554 3551 his
1590 3493 1783 3552 verbis
1805 3538 1820 3567 ,
1863 3491 2198 3550 Sacerdotes

112 3586 447 3641 constitutos
466 3605 496 3642 a
521 3583 746 3642 Christo
776 3605 897 3644 esse
910 3585 1134 3663 judices
1164 3587 1430 3647 facultate
1453 3588 1759 3646 instructos
1788 3583 2003 3664 ligandi
2024 3595 2198 3664 atque

118 3676 379 3737 solvendi
402 3706 418 3752 ‚-
449 3677 737 3738 retinendi
763 3690 941 3759 atque
967 3680 1302 3740 remittendi
1322 3693 1554 3763 peccata
1577 3700 1595 3756 ς
1623 3680 1782 3759 atqui
1802 3724 1818 3753 7
1859 3679 2051 3759 inquit
2079 3678 2199 3738 Tri-
