2502 4186
2097 190 2172 249 33

628 219 748 255 CAP.
793 217 875 255 IV.
925 217 992 252 DE
1035 214 1297 253 BAPTISML
1326 213 1620 251 SUBJECTO.

87 359 316 421 videtur
343 358 510 417 unica
547 358 694 416 ratio
724 355 1066 415 conciliandi
1089 353 1419 435 capitularia
1452 351 1549 410 illa
1571 352 1724 410 inter
1747 344 1827 410 sel
1864 351 2013 410 Nam
2034 350 2175 410 ibid.

86 452 188 511 lib.
236 454 319 525 V,
355 473 479 532 cap.
528 453 595 510 Vl
625 498 640 524 ‚
673 451 879 530 legitur
918 472 931 508 :
981 451 1050 506 Si
1084 453 1221 525 quis
1265 450 1606 525 baptizatus
1635 455 1717 503 est
1757 467 1796 502 a
1832 446 2176 524 presbytero

90 567 211 605 non
250 548 546 626 baptizato
567 591 583 620 ,
627 557 681 603 ec
718 547 940 603 Sancta
985 541 1257 601 Trinitas
1301 545 1372 598 in
1399 544 1526 620 ipso
1559 541 1869 616 Baptismo
1905 544 2180 598 invocata

86 645 250 720 fuit,
296 643 634 720 baptizatus
672 649 756 697 est
786 637 896 717 (l).

955 821 1189 881 CAPUT
1232 822 1327 880 IV.

790 1009 856 1044 ΒΕ
897 1005 1152 1043 BAPTISMI
1195 1005 1482 1043 SUBJECTO.

181 1233 278 1294 80.
323 1235 406 1292 Ex
435 1229 738 1289 lutherano
773 1236 1082 1305 systemate
1113 1224 1185 1284 de
1215 1225 1624 1303 justificatione
1657 1247 1765 1308 per
1807 1227 1988 1287 solam
2009 1227 2193 1289 fidem

99 1327 414 1388 obtinenda
461 1320 656 1392 intulit
708 1319 1040 1393 StorcliiuS‚
1082 1319 1596 1400 Anabaptistarum
1639 1342 1899 1402 parenS‚‘
1935 1323 2196 1406 rebapti-

98 1422 307 1481 zandos
347 1439 467 1478 esse
508 1437 601 1486 eos
645 1437 846 1474 omnes
867 1464 883 1489 .,
930 1415 1027 1494 qui
1073 1415 1135 1471 in
1165 1414 1406 1472 infantia
1452 1415 1683 1473 fuerant
1727 1416 1908 1476 abluti
1933 1464 1948 1487 .,
1985 1430 2195 1502 utpote

99 1517 232 1576 fidei
263 1512 493 1573 actualis
532 1512 829 1591 incapaces
872 1509 979 1588 (2).
1021 1510 1292 1567 Servetus
1334 1509 1550 1588 pariter
1591 1509 1878 1569 inficiatus
1926 1524 2047 1585 est,
2101 1515 2199 1571 in-

98 1612 283 1669 fantes
316 1607 460 1686 tingi
498 1626 684 1686 posse.
730 1603 1016 1662 Sociniani
1053 1601 1578 1683 paedobaptismum
1619 1604 1860 1684 profane
1897 1606 2146 1666 irrident
2177 1629 2191 1665 ε

96 1705 369 1781 Infantes
383 1745 402 1773 ,
426 1701 616 1781 inquit
640 1698 915 1758 Smalcius
927 1720 965 1769 ,'
980 1718 1180 1755 recen-3
1199 1708 1365 1755 natos
1384 1742 1399 1768 ,
1429 1698 1752 1776 discipulos
1786 1700 2014 1757 Christi
2024 1701 2170 1777 fieri
2180 1743 2202 1770 ,

98 1810 222 1857 tam
253 1809 335 1855 est
352 1797 662 1867 credibile,
689 1814 870 1872 quam
892 1796 1176 1871 psittacos
1207 1790 1262 1849 et
1293 1793 1555 1871 reliquas
1577 1813 1709 1851 aves
1744 1793 1849 1873 (3).
1878 1794 2203 1853 Arminiani

99 1892 427 1950 Socinianos
459 1891 603 1971 sicut
634 1889 695 1946 in
722 1886 986 1968 pluribus
1019 1886 1141 1944 aliis
1171 1886 1426 1945 articulis
1450 1887 1527 1945 sic
1555 1899 1614 1946 et
1646 1888 1708 1945 in
1735 1888 1844 1946 isto
1872 1900 2166 1948 sectantur
2184 1934 2200 1964 ‚

99 1998 167 2045 ut
195 1996 420 2046 constat
454 2007 525 2045 ex
564 1983 862 2065 Episcopio
886 2027 902 2058 ⁷
944 1981 1253 2042 Curcellaeo
1289 1992 1464 2063 atque
1492 1981 1858 2042 Limborchio
1888 1983 1996 2065 (4).

172 2229 243 2292 (1)
259 2227 358 2277 Cfr.
376 2227 485 2276 Nat.
503 2227 728 2276 Alexand.
755 2226 924 2276 Theol.
944 2224 1100 2294 doym-

107 2320 152 2359 οἰ
184 2309 348 2358 moral.
385 2309 465 2357 lib.
501 2326 537 2356 11
560 2346 573 2369 ,
601 2327 697 2373 cap.
740 2307 803 2369 5,
853 2306 982 2372 prop.
1027 2324 1112 2372 ¹¹¹3

113 2393 195 2440 ubi
223 2393 382 2439 eadem
410 2392 583 2438 ratione
619 2391 803 2454 exponit
837 2398 1009 2436 ceteros
1035 2406 1114 2436 ca-

113 2490 258 2521 nones
270 2506 287 2532 ,
322 2475 403 2537 qui
428 2472 538 2519 huic
565 2471 783 2518 doctrinae
807 2470 1031 2517 adversari
1055 2471 1116 2517 vi·

109 2555 299 2604 dentur.

177 2635 239 2695 (2)
278 2631 591 2697 Anabaptistae
624 2648 677 2680 ex
702 2631 944 2678 lutherano
973 2640 1115 2695 syste-

110 2726 232 2764 mate
256 2717 476 2781 progeniti
514 2723 639 2761 sunt.
672 2712 857 2760 Etenim
880 2749 893 2772 ‚
924 2713 959 2759 si
990 2714 1116 2777 juxta

111 2797 394 2845 Lutheranos
423 2793 716 2843 Sacramenta
746 2811 843 2841 non
883 2802 991 2841 sunt
1029 2789 1117 2841 nisi

114 2878 415 2925 instrumenta
449 2910 464 2936 ‚
525 2876 695 2941 quibus
756 2874 1116 2939 apprehenditur

118 2958 232 3005 fides
265 2974 344 3004 seu
367 2958 535 3005 fiducia
556 2993 570 3015 ‚
614 2974 693 3020 per
736 2973 878 3022 quam
911 2953 1120 3004 homines

118 3041 424 3107 justificantur
477 3041 752 3105 applicando
809 3038 895 3088 sibi
952 3040 1119 3088 Christi

117 3124 374 3188 justitiam,
438 3122 620 3169 evidens
667 3130 772 3180 est,
827 3121 1116 3181 infantibus,

119 3206 220 3268 qui,
236 3211 391 3265 utpote
406 3203 590 3248 rationis
606 3218 689 3249 usu
702 3201 922 3259 destituti,
938 3204 1118 3266 incapa-

125 3301 200 3332 ces
247 3294 352 3329 sunt
401 3281 668 3346 hujusmodi
714 3283 1086 3347 apprehensionis
1104 3319 1118 3341 ‚

120 3365 290 3412 frustra
307 3365 617 3410 administrari
639 3361 982 3411 Sacramentum
1003 3362 1122 3427 Bap—

122 3448 247 3492 tismi
265 3482 278 3505 ‚
295 3454 372 3492 aut
399 3444 590 3508 quodvis
619 3443 741 3489 aliud
760 3442 1121 3492 Sacramentum.

123 3526 224 3574 Hoc
253 3526 543 3574 corollarium
561 3528 688 3588 juxta
705 3526 922 3588 rigorosas
949 3525 1123 3574 dialec-

122 3609 223 3655 ticae
254 3606 427 3671 regulas
459 3607 747 3654 deduxerunt
773 3603 984 3652 Nicolaus
999 3600 1139 3653 Stor-'

126 3688 256 3736 chius
274 3725 288 3748 ‚
320 3688 500 3736 Marcus
519 3687 723 3735 Thomas
740 3721 754 3750 ‚
786 3684 968 3734 Marcus
994 3684 1126 3734 Stub-

203 3769 268 3825 T.
317 3768 408 3827 vl.

1196 2245 1309 2287 ner,
1342 2227 1541 2277 Thomas
1579 2222 1773 2279 Muncer
1800 2268 1813 2291 ‚
1846 2223 2073 2281 Martinus
2100 2232 2206 2283 Cel-

1196 2309 1368 2368 larius,
1408 2313 1495 2381 'qui
1533 2311 1720 2360 fuerunt
1775 2315 1911 2376 primi
1949 2313 2208 2379 Anabapti-

1199 2400 1369 2437 starum
1399 2401 1629 2453 parentes.
1651 2392 1709 2439 Hi
1727 2410 1859 2457 porro
1885 2410 1942 2441 ex
1977 2397 2208 2460 principio

1197 2473 1439 2521 lutherano
1481 2473 1538 2522 de
1573 2474 1898 2539 justificatione
1950 2477 2001 2522 in
2044 2492 2209 2526 conse-

1199 2560 1409 2621 quentias
1439 2559 1611 2622 delapsi
1652 2566 1757 2605 sunt
1794 2556 1926 2620 plane
1959 2559 2213 2606 contrarias

1198 2639 1412 2687 doctrinae
1450 2642 1656 2704 priorum
1704 2637 2096 2700 protestantium3
2130 2641 2207 2687 in-

1198 2720 1347 2785 deque
1386 2721 1544 2768 odium
1585 2721 1747 2768 exarsit
1794 2720 1914 2767 inter
1964 2728 2210 2785 utramque

1198 2812 1367 2850 sectam
1385 2839 1398 2860 ‚
1431 2820 1531 2867 quae
1565 2819 1659 2849 sese
1678 2817 1823 2865 usque
1845 2800 1904 2847 ad
1933 2802 2206 2849 internecio-

1198 2900 1306 2931 nem
1333 2885 1532 2931 invicem
1564 2881 1880 2931 confoderunt.
1908 2880 2007 2929 Cfr.
2038 2881 2205 2940 Moeh-

1198 2964 1266 3012 ler
1289 3002 1302 3023 ‚
1351 2961 1655 3028 symbolique
1677 3000 1690 3022 ‚
1738 2962 1820 3010 liv.
1858 2978 1893 3009 11
1922 2999 1934 3021 ,
1982 2962 2116 3026 chap.
2155 2978 2170 3009 1
2192 2998 2207 3022 ‚

1199 3044 1460 3092 ldie-mere
1489 3044 1546 3092 de
1569 3051 1681 3092 cette
1709 3051 1827 3091 secte
1855 3043 2210 3107 (scilicetAna-

1198 3125 1537 3191 baptistarum).

1270 3207 1333 3270 (3)
1383 3206 1548 3254 Contra
1612 3205 1857 3252 Franzium
1894 3239 1909 3266 ,
1980 3203 2208 3270 Theoloq.

1207 3288 1384 3336 Christ.
1412 3289 1494 3336 lib.
1527 3305 1575 3347 v,
1611 3304 1712 3350 cap.
1738 3282 1804 3333 68
1827 3323 1841 3345 ,
1874 3304 1976 3350 pag.
2005 3287 2124 3346 321,

1273 3370 1339 3433 (Ia)
1377 3369 1575 3416 Omnem
1638 3369 1812 3415 scilicet
1867 3367 2212 3431 paedobaptismi

1204 3453 1520 3499 necessitatem
1550 3449 1820 3497 excludunt.
1866 3447 1963 3496 Cfr.
2001 3447 2215 3495 Limbor-

1205 3536 1297 3583 chii
1338 3533 1560 3598 Theoloq.
1594 3531 1772 3580 Christ.
1801 3531 1886 3580 lib.
1918 3549 1967 3579 v.
1989 3547 2089 3595 cap.
2112 3527 2178 3579 68
2196 3568 2211 3593 ,

1207 3614 1233 3682 §
1253 3613 1329 3679 15,
1351 3617 1459 3666 edit.
1481 3614 1808 3667 Amstelodam.
1835 3630 1851 3662 1
1865 3609 1981 3678 750.

1942 3759 1978 3819 3
