2502 4186
319 240 440 300 250
941 258 1264 299 ‘fassurus
1309 260 1376 296 mi
1421 259 1819 299 EUGHAms‘rlA.

321 404 696 464 conferantur
723 400 1047 482 praesertim
1067 421 1199 460 cum
1222 400 1613 460 incommodis
1634 447 1650 476 ,
1681 422 1808 483 quae
1832 423 1902 461 ex
1922 401 2031 461 hac
2054 404 2448 485 prohibitione

321 499 608 558 oriuntur.
650 496 883 555 Etenim
922 496 985 554 10
1009 495 1122 574 ‘tali
1151 497 1409 579 periculo
1434 519 1556 556 non
1583 496 1856 556 obstante
1875 543 1891 570 v
1935 497 2241 560 Catholicis
2264 502 2450 561 faten-

320 592 478 652 tibus
504 637 520 667 ,
573 591 911 651 communio
947 591 1056 650 sub
1096 603 1346 675 utraque
1379 593 1569 674 specie
1618 594 1681 651 in
1724 614 1834 651 usu
1874 593 1985 652 fuit
2027 614 2136 675 per
2176 597 2280 655 XII
2329 599 2450 657 fere

319 686 512 747 secula
531 687 594 746 in
623 685 869 746 Ecclesia
894 686 1274 764 occidentali,
1305 699 1364 747 et
1395 689 1459 747 in
1481 687 1730 748 Ecclesia
1758 687 2027 748 orientali
2051 687 2243 750 adhuc
2265 687 2451 771 viget3

316 784 386 841 20
421 781 740 865 praevalere
776 781 1026 865 proinde
1052 781 1257 842 debuit
1283 782 1627 844 universalis
1658 794 1719 843 et
1743 783 1888 843 adeo
1917 785 2159 865 antiqua
2195 806 2451 846 consue-

317 879 503 955 tudo,
545 900 675 961 quae
721 879 1003 960 originem
1055 878 1262 939 habuit
1297 880 1371 939 ab
1416 878 1689 960 exemplo
1737 891 1797 938 et
1847 880 2216 940 institutione
2265 882 2448 962 ipsius

320 973 571 1049 Christi3
601 975 668 1034 30
691 977 825 1057 quia
861 974 1100 1035 demere
1148 997 1322 1035 usum
1349 974 1539 1034 calicis
1569 985 1658 1034 est
1685 974 1956 1034 mutilare
1978 977 2450 1051 Sacramentu1n3

319 1069 387 1129 40
419 1069 567 1130 calix
591 1071 750 1130 enim
783 1071 1042 1153 pertinet
1069 1070 1144 1130 ad
1168 1072 1529 1132 Sacramenti
1556 1069 1983 1145 substantiam3
2017 1071 2081 1129 5⁰
2110 1083 2316 1153 utpote
2347 1073 2450 1154 qui

318 1165 626 1225 ordinatus
665 1177 753 1226 est
781 1166 866 1226 ,ad
893 1167 1322 1249 separationem
1350 1167 1659 1248 Sanguinis
1679 1212 1694 1241 ‚
1735 1186 1863 1248 quae
1891 1187 1998 1247 per
2031 1166 2244 1226 Christi
2282 1190 2453 1227 mor-

316 1270 439 1321 tem
469 1261 618 1320 facta
651 1273 774 1335 est,
815 1261 1257 1341 significandam
1279 1308 1294 1336 ,
1340 1274 1401 1322 et
1435 1263 1513 1322 ad
1546 1260 1996 1343 significandum
2031 1261 2279 1344 plenum
2306 1285 2453 1322 con-

316 1357 581 1432 vivium,
626 1358 783 1439 quod
821 1380 961 1417 sane
1003 1380 1125 1416 non
1169 1359 1234 1416 in
1264 1357 1386 1417 solo
1430 1357 1559 1417 cibo
1593 1357 1944 1432 instruitur,
1985 1357 2090 1416 sed
2124 1354 2187 1416 in
2231 1356 2358 1416 cibo
2395 1370 2455 1417 et

316 1463 497 1535 potu3
556 1453 622 1512 60
674 1453 812 1535 quia
867 1454 1159 1535 denegare
1206 1453 1480 1514 fidelibus
1527 1453 1766 1513 calicem
1819 1465 1909 1513 est
1959 1475 2055 1514 eos
2115 1454 2346 1536 privare
2387 1475 2454 1513 ea

315 1551 500 1630 gratia
523 1597 538 1626 ‚
572 1572 699 1634 quae
727 1550 864 1611 huic
891 1552 1252 1612 Sacramenti
1275 1551 1428 1634 parti
1458 1550 1688 1614 adnexa
1711 1562 1800 1610 est
1818 1596 1835 1625 ,
1874 1562 1933 1610 et
1966 1551 2263 1610 confertur
2291 1572 2453 1610 com-

316 1646 755 1706 municantibus
771 1646 879 1706 sub
901 1659 1151 1730 utraque
1174 1649 1386 1730 specie3
1418 1648 1485 1707 7⁰
1502 1648 1635 1729 quia
1659 1647 1865 1706 saltem
1891 1646 2080 1706 calicis
2105 1645 2454 1705 substractio

317 1741 527 1801 adimit
561 1741 832 1801 fidelibus
868 1754 1100 1824 partem
1126 1745 1546 1802 consolacionis
1585 1742 1936 1822 spiritualiS‚
1980 1765 2159 1824 quam
2196 1765 2320 1802 non
2356 1764 2452 1800 so-

317 1836 443 1896 lum
487 1837 742 1897 haeretici
777 1839 1024 1897 Hussitae
1045 1885 1061 1913 .,
1105 1838 1209 1898 sed
1234 1838 1430 1921 plures
1464 1839 1642 1898 etiam
1679 1839 1836 1920 iique
1859 1839 1941 1922 pii
1975 1837 2256 1897 Catholici
2285 1860 2451 1896 sum-

319 1955 561 2015 mopere
605 1933 964 2015 exoptabant
1001 1946 1177 2017 atque
1227 1935 1504 1994 ardenter
1549 1933 1868 2016 petebant,
1920 1945 1987 1993 ut
2040 1936 2264 1992 Gerson
2311 1933 2402 2013 (l)
2432 1981 2448 2008 ,

320 2029 599 2106 Georgius
639 2029 964 2110 Cassander
998 2030 1087 2110 (2)
1111 2075 1127 2105 ‚
1169 2028 1383 2111 aliique
1426 2030 1581 2088 docti
1625 2040 1686 2088 et
1723 2028 2037 2087 orthodoxi
2075 2029 2352 2109 Theologi
2387 2031 2451 2087 in

321 2122 578 2183 Concilio
601 2124 947 2184 Tridentino
971 2124 1130 2207 apud
1157 2124 1581 2185 Pallavicinum
1604 2123 1732 2207 (3)3
1762 2124 1828 2181 80
1858 2123 1970 2182 nisi
2000 2124 2162 2183 enim
2189 2123 2452 2183 Christus

317 2219 598 2280 voluisset
624 2220 862 2281 calicem
885 2243 918 2280 a
943 2220 1211 2281 fidelibus
1235 2221 1387 2280 sumi
1407 2266 1422 2296 ,
1457 2222 1521 2279 in
1548 2241 1616 2279 eo
1648 2219 1893 2279 minime
1924 2231 2314 2279 consecrasset
2337 2219 2448 2301 (4);

320 2316 387 2374 90
426 2338 494 2375 eo
535 2317 718 2397 magis
745 2363 760 2394 7
800 2316 959 2400 quod
996 2318 1107 2400 ipsi
1146 2316 1319 2398 longo
1356 2316 1686 2376 seculorum
1725 2338 1834 2374 usu
1867 2317 1964 2394 jus
1999 2316 2453 2397 praescriptionis

319 2412 748 2494 acquisierant,
782 2435 813 2472 a
857 2435 973 2496 quo
1010 2413 1256 2473 minime
1288 2411 1632 2472 exciderunt
1670 2411 1744 2470 ob
1779 2411 2133 2471 contrariam
2157 2410 2450 2492 plurimo-

317 2531 454 2568 rum
495 2508 976 2584 desuetudinem3
1034 2510 1136 2569 100
1191 2532 1326 2569 cum
1369 2510 1612 2569 demum
1661 2508 1822 2568 aliud
1870 2509 1946 2567 sit
2003 2506 2078 2566 ob
2125 2507 2446 2588 peculiares

319 2605 786 2665 circumstantias
852 2606 1108 2688 aliquam
1149 2606 1365 2686 regulae
1413 2606 1820 2687 exceptionem
1879 2604 2000 2686 pati
2022 2649 2037 2677 .,
2094 2602 2253 2661 aliud
2310 2624 2449 2662 vero

318 2701 510 2782 ipsam
537 2701 941 2783 exceptionem
976 2712 1261 2783 tanquam
1294 2700 1484 2781 legem
1520 2721 1585 2759 ac
1622 2699 1884 2780 regulam
1924 2699 2280 2757 constituere
2305 2744 2320 2774 7
2365 2698 2450 2756 uti

320 2797 590 2878 praestitit
616 2796 939 2856 Concilium
965 2796 1379 2856 Tridentinum
1407 2796 1520 2877 (5).
1547 2797 1711 2876 Ergo,

401 2891 546 2951 214.
595 2891 766 2975 Resp..
803 2897 957 2951 Dz'st.
987 2897 1137 2972 maj.
1172 2892 1453 2952 Adductae
1483 2912 1670 2950 causae
1700 2890 1877 2950 etiam
1905 2900 2226 2972 potuerunt
2262 2889 2450 2949 Eccle-

321 2987 466 3048 siam
506 3009 854 3071 permovere
897 2987 972 3047 ad
1017 3010 1191 3047 usum
1238 2987 1425 3047 calicis
1461 2985 1967 3062 interdicendum,
2015 3007 2212 3059 conc.;
2266 2984 2402 3044 solae
2442 3030 2457 3059 ,

395 3261 459 3325 (l)
499 3261 759 3311 Tract.De
783 3279 1025 3310 commun.
1055 3261 1225 3312 laicor.
1253 3262 1343 3309 sub
1427 3260 1667 3311 Moschov.
1715 3263 1766 3308 in
1807 3277 1887 3325 op.
1930 3260 2188 3323 Rozmowy
2222 3258 2412 3321 miedzy
2432 3295 2444 3316 ‚

328 3352 532 3408 utraque
556 3344 730 3409 specie.
1427 3355 1515 3394 etc.
1547 3362 1626 3392 seu
1669 3343 1879 3407 Dialoqi
1911 3343 2038 3389 inter
2074 3341 2371 3388 dubitantem
2403 3348 2448 3386 et

392 3425 454 3487 (2)
491 3422 560 3471 In
582 3423 927 3473 consultatione
945 3425 1002 3472 de
1021 3423 1244 3472 articulis
1271 3441 1344 3471 ro-
1420 3443 1713 3493 persuasum
1765 3425 1822 3472 de
1868 3423 2146 3472 orthodoxia
2203 3420 2451 3469 orientalis

324 3505 523 3571 liqionis
537 3542 553 3567 ‚
594 3516 683 3555 art·
717 3521 833 3554 xxll·
1434 3508 1795 3557 Graeco-Russoe
1807 3507 1856 3553 E
1858 3504 2289 3568 cclesioePctropoli
2307 3501 2449 3569 1829.

393 3589 466 3654 (3)
504 3586 670 3638 Storia
709 3587 786 3636 del
826 3587 970 3636 Conc.
1017 3587 1071 3635 di
1120 3588 1298 3636 Tremo
1326 3627 1339 3650 ‚
1493 3591 1561 3653 (5)
1600 3589 1677 3638 Sic
1703 3589 2062 3654 Courajeriusin
2084 3587 2205 3633 notis
2233 3585 2290 3632 ad
2322 3583 2449 3631 Hist.

325 3672 412 3721 lib.
447 3688 594 3733 xvm,
625 3689 728 3737 cap.
761 3671 790 3719 3
828 3681 872 3719 et
896 3688 1027 3737 seqq.
1426 3673 1575 3721 Conc.
1625 3672 1756 3720 Trid.
1793 3690 1818 3719 a
1860 3670 2000 3718 Paulo
2043 3668 2203 3734 Sarpio
2241 3664 2447 3726 editam,

395 3754 457 3816 (14)
502 3754 569 3804 lta
622 3756 869 3804 novissime
919 3751 1091 3803 Filaret
1143 3763 1342 3819 metrop.
1427 3755 1515 3803 lib.
1553 3769 1635 3814 lv,
1671 3752 1698 3818 §
1738 3770 1787 3801 11
1812 3789 1829 3815 ,
1859 3762 1958 3800 not.
1988 3750 2075 3799 31.
