2502 4186
362 268 482 306 cAr.
532 269 618 307 111.
666 268 733 303 DE
776 266 845 304 Eo
889 264 1038 314 Quon
1082 263 1183 301 sun
1227 261 1517 314 Quisnam-¹
1543 258 1784 298 sAanM.
1830 260 1950 298 Ero.
2075 237 2195 298 249

876 405 1284 461 PROPOSITIO
1323 405 1392 459 V.

83 554 225 614 Non
258 563 426 612 errat
459 552 768 626 Ecclesia,
810 552 958 610 dum
975 552 1170 627 justis
1218 549 1420 604 causis
1460 555 1517 603 et
1553 547 1897 605 rationibus
1932 547 2198 628 adducta

145 650 328 727 jubet
351 650 568 718 laicos,
609 657 786 725 atque
825 648 1008 704 etiam
1041 643 1280 701 clericos
1318 661 1439 700 non
1479 641 1844 718 conficientes
1856 684 1879 713 ,
1919 643 2030 702 suh
2069 664 2198 702 una

167 754 406 803 tantum
433 745 620 822 specie
650 743 1110 799 communicare.

166 932 305 989 212.
352 931 524 989 Arcto
567 931 721 990 inter
758 951 819 989 se
857 950 1012 989 nexu
1049 925 1399 1008 copulantur
1443 946 1698 1008 praesens
1742 947 1808 985 ac
1847 927 2196 989 antecedens
2263 996 2266 1000 ,

85 1026 531 1108 propositiones
562 1027 731 1085 Enim
750 1046 886 1086 vero
905 1046 952 1082 sl
937 1021 1198 1082 nullum
1215 1033 1376 1081 extat
1398 1020 1667 1081 divinum
1681 1011 2064 1103 praeceptum
2083 1043 2197 1104 quo

86 1142 289 1179 omnes
340 1121 666 1203 promiscue
719 1119 1047 1198 obligentur
1090 1117 1164 1180 ad
1206 1116 1557 1176 sumendam
1615 1115 2030 1176 Eucharistiam
2087 1115 2196 1175 sub

86 1225 332 1296 utraque
362 1216 585 1297 specie,
626 1215 673 1274 si
693 1213 852 1273 nulla
873 1213 1072 1272 salutis
1102 1213 1414 1272 necessitas
1438 1209 1499 1269 id
1522 1213 1778 1293 exposcit
1799 1257 1815 1286 ‚
1840 1216 1964 1290 jam
1992 1223 2194 1294 patet,

89 1309 276 1368 calicis
318 1332 486 1369 usum
518 1331 642 1370 rem
679 1329 801 1368 6556
832 1307 1295 1390 disciplinarem,
1335 1328 1462 1388 quae
1487 1327 1610 1364 non
1640 1305 1817 1365 aflicit
1840 1307 2199 1368 Sacramenti

89 1404 491 1464 substantiam.
511 1404 684 1486 Atqui
698 1406 760 1462 in
777 1402 1043 1478 Ecclesia,
1071 1414 1249 1484 prout
1264 1402 1519 1463 declarat
1542 1401 1884 1464 Tridentina
1905 1403 2196 1483 SynoduS‚

88 1520 226 1558 sess.
259 1502 388 1558 XXI
409 1546 425 1574 ,
452 1521 576 1582 cap.
616 1500 667 1558 II
687 1544 703 1573 ,
727 1498 851 1557 haec
881 1509 1139 1580 potestas
1171 1509 1455 1579 perpetuo
1482 1499 1592 1558 fuit
1611 1544 1627 1573 .,
1650 1509 1722 1556 ut
1744 1501 1810 1555 in
1834 1498 2196 1558 Sacramen-

91 1604 288 1653 torum
315 1597 784 1675 dispensatione,
813 1596 980 1653 salva
1006 1595 1253 1652 illorum
1282 1595 1660 1664 substantia,
1699 1614 1768 1650 ea
1803 1602 2086 1651 statueret
2112 1596 2203 1652 vel

88 1701 383 1761 mutaret,
416 1712 548 1769 quae
590 1676 1051 1768 suscipientium
1091 1690 1349 1746 utilitati
1390 1710 1490 1748 seu
1527 1692 1804 1768 ipsorum
1835 1688 2198 1747 Sacramen-

86 1795 285 1850 torum
311 1788 707 1851 venerationi,
731 1805 849 1863 pro
865 1804 1072 1842 rerum
1084 1826 1107 1855 ,
1139 1794 1474 1862 temporum
1507 1794 1564 1841 et
1583 1785 1846 1842 locorum
1878 1786 2198 1856 varietate,

81 1884 276 1959 maqz's
298 1880 571 1958 eoepedire
575 1880 913 1958 judicaret.
951 1879 1035 1952 Id
1058 1889 1259 1936 autem
1281 1879 1597 1957 Apostolus
1619 1899 1740 1937 non
1770 1879 2012 1937 obscure
2037 1883 2199 1937 visus

82 1985 164 2032 est
200 1979 509 2046 innuisse,
563 1996 704 2033 cum
745 1979 838 2032 ait
874 2000 891 2033 .·
938 1975 1188 2032 Sic²nos
1225 1978 1522 2033 emistimet
1568 1975 1736 2032 homo
1789 1985 1859 2032 ut
1895 1979 2200 2032 ministros

89 2069 316 2129 Christi
366 2081 421 2127 et
451 2071 884 2149 dispensatores
931 2073 1359 2148 mysteriorum
1404 2071 1559 2142 Dei,·
1599 2080 1776 2148 atque
1811 2074 2016 2148 ipsum
2057 2072 2200 2148 qui--

83 2163 215 2220 dem
242 2165 353 2223 hac
374 2174 658 2243 potestate
699 2170 880 2223 usum
913 2170 1029 2222 esse
1052 2157 1215 2221 'satis
1252 2175 1512 2236 constat,
1552 2185 1692 2223 cum
1720 2169 1791 2228 in
1819 2166 2031 2223 multis
2055 2167 2200 2224 aliis

85 2269 214 2316 tum
260 2263 330 2316 in
370 2259 474 2317 hoe
506 2263 634 2338 ipso
673 2260 1090 2331 Sacramenta,
1122 2278 1269 2318 *cum
1291 2303 1314 2332 ,
1345 2261 1647 2319 ordinatis
1687 2262 2001 2319 nonnullis
2031 2264 2200 2319 circa

83 2358 210 2430 ey'us
246 2376 460 2426 usum,
486 2365 714 2425 cetera,
743 2359 983 2434 inquit,
1020 2376 1158 2413 cum
1199 2376 1404 2413 venero
1422 2399 1443 2426 ,
1469 2356 1805 2434 disponam.
1836 2357 1982 2434 Ergo
2005 2366 2201 2436 potest

85 2448 328 2507 Ecclesia
368 2449 471 2507 tali
512 2460 801 2532 potestate
838 2472 870 2509 a
914 2450 1141 2508 Christo
1179 2451 1496 2521 instructa,
1548 2450 1818 2509 omnibus
1872 2449 2009 2508 hinc
2059 2449 2198 2520 inde

82 2554 309 2603 mature
347 2543 651 2620 discussiS,
689 2544 999 2625 prohibere
1039 2545 1224 2604 calicis
1265 2567 1433 2604 usum
1457 2591 1474 2621 ‚
1512 2557 1687 2627 prout
1721 2547 1912 2626 reipsa
1960 2545 2023 2602 in
2053 2546 2200 2604 Con-

85 2639 224 2698 ciliis
262 2641 693 2714 Constantiensi
719 2652 778 2700 et
812 2641 1153 2700 Tridentino
1185 2641 1485 2722 prohibuit
1507 2687 1522 2716 .,
1561 2663 1662 2700 seu
1701 2642 1894 2723 potius
1933 2641 2048 2699 lata
2077 2640 2203 2720 lege

88 2739 458 2797 confirmavit
486 2737 752 2797 inolitam
786 2738 1014 2815 jamdiu
1054 2737 1538 2797 consuetudinem
1579 2736 2049 2796 communicandi
2094 2735 2202 2794 sub

86 2829 265 2888 altera
297 2843 529 2890 tantum
553 2835 758 2915 specie.
787 2835 938 2893 Hinc
967 2832 1172 2892 eadem
1195 2833 1538 2892 Tridentina
1564 2832 1827 2913 Synodus
1853 2832 1915 2890 in
1940 2833 2033 2890 cit.
2063 2852 2200 2890 sess,

86 2924 244 2984 hunc
280 2948 563 2987 canonem
605 2929 656 2986 II
691 2928 874 2989 edidit
910 2952 923 2986 ε
963 2931 1036 2987 Si
1073 2934 1209 3008 quis
1243 2930 1507 3000 disserit,
1562 2940 1832 2986 sanctam
1866 2928 2202 2988 Ecclesiam

86 3022 437 3080 catholicam
464 3044 583 3081 non
599 3027 795 3102 justis
834 3029 1034 3082 causis
1063 3036 1118 3082 et
1142 3025 1486 3082 rationibus
1510 3024 1838 3082 adductam
1865 3026 2094 3100 fuisse,
2134 3031 2205 3078 ut

88 3119 269 3176 laicos
295 3129 468 3197 atque
485 3122 721 3179 clericos
735 3142 855 3179 non
870 3122 1236 3199 conficientes
1261 3122 1372 3179 suh
1383 3125 1573 3200 panis
1588 3120 1998 3178 tantummodo
2015 3122 2202 3198 specie

89 3219 594 3288 communicaret,
623 3226 733 3273 aut
756 3221 825 3283 in
855 3236 915 3293 eo
943 3238 1170 3276 errasse
1188 3259 1208 3287 ,
1247 3218 1569 3276 anathema
1605 3219 1700 3274 sit.

904 3405 1389 3448 DIFFICULTATES.

169 3531 310 3589 213
341 3529 473 3608 Obj.
503 3531 561 3589 Si
582 3552 710 3612 quae
742 3531 1018 3611 legitimae
1049 3553 1230 3591 causae
1253 3533 1527 3592 inducere
1549 3544 1869 3615 potuerunt
1894 3529 2202 3590 Ecclesiam

95 3621 169 3681 ad
198 3625 667 3685 interdicendum
709 3640 880 3685 usum
909 3626 1129 3702 caliciS,
1168 3649 1248 3688 eae
1293 3630 1551 3710 profecto
1580 3640 1716 3687 sunt
1763 3624 2136 3708 periculum'
2121 3646 2202 3682 lr-

95 3722 465 3781 reverentiae
488 3733 586 3781 aut
630 3721 920 3796 scandali3
982 3723 1139 3802 atqui
1178 3723 1460 3800 ejusmodi
1511 3744 1689 3782 causae
1728 3721 1901 3786 nullae
1933 3731 2105 3786 sunt
2153 3719 2201 3777 si
