2502 4186
2005 215 2118 278 127

327 244 446 281 CAP·
494 242 578 279 111.
621 243 687 279 ΒΕ
730 239 1020 295 maman,
1066 242 1249 279 FORMA
1291 238 1357 277 m·
1398 237 1516 276 ΕΠ.
1562 238 1820 277 commum.

53 407 213 460 mm,
251 384 501 444 eruditos
534 384 684 445 viros
727 383 1108 456 contendere,
1148 381 1335 441 seculo
1375 391 1605 440 tantum
1639 381 1894 440 Ecclesiae
1920 382 1994 440 vl
2021 382 2117 441 in·-

53 480 181 539 duci
206 480 437 560 caepisse
470 478 619 538 hanc
647 477 995 560 opobalsami
1021 476 1139 535 sive
1170 475 1450 554 unguenti
1482 474 1913 535 admixtionem.
2133 469 2139 475 ’

129 574 226 632 79.
274 572 483 631 Eadem
523 572 694 653 plane
737 573 956 630 ratione
996 568 1322 627 disserimus
1372 568 1444 655 de
1493 569 1827 636 necessitate
1874 566 2117 629 benedi-

46 668 251 726 ctionis
276 666 596 724 chrismatis
623 710 637 739 ‚
667 687 734 725 eo
760 664 916 745 quod
935 662 1200 740 Theologi
1225 662 1438 742 pariter
1459 661 1602 719 circa
1631 681 1760 720 eam
1776 663 1838 720 in
1865 663 2119 724 diversas

50 760 362 819 sententias
395 758 640 831 abeant3
677 758 772 816 alii
806 758 960 817 enim
990 777 1116 815 eam
1151 754 1455 814 adstruunt
1493 754 1566 813 de
1598 757 1933 816 necessitate
1968 779 2112 838 prae-

51 853 200 935 cepti
225 852 439 925 divini,
485 853 614 932 qnia
647 854 873 912 Veteres
895 861 961 909 ut
983 849 1299 930 plurimum
1333 848 1650 928 loquuntur
1689 848 1761 934 de
1795 851 2118 911 chrismate

49 956 245 1005 saneto
272 966 336 1004 ac
366 945 436 1003 de
473 947 788 1005 chrismate
828 945 1151 1007 henedicto;
1190 942 1284 1000 alii
1315 951 1512 1000 contra
1551 943 1833 1019 ejusmodi
1876 946 2113 1004 Patrum

47 1039 360 1098 locutiones
395 1039 725 1119 intelligunt
769 1037 840 1096 de
875 1036 992 1094 sola
1033 1036 1364 1094 necessitate
1401 1036 1670 1117 praecepti
1710 1037 2109 1113 ecclesiastici,

47 1150 179 1191 cum
209 1134 336 1214 pari
363 1134 583 1192 ratione
616 1139 940 1191 memorent
959 1174 974 1204 .,
1013 1128 1153 1187 dum
1182 1129 1252 1188 de'
1285 1130 1579 1210 Baptismo
1619 1130 1876 1190 scribunt
1895 1130 1928 1206 ,‘
1950 1154 2116 1219 aquae

47 1227 527 1286 consecrationem
575 1225 666 1286 vel
713 1225 925 1283 trinam
964 1224 1429 1298 immersionem,
1466 1244 1606 1304 quas
1648 1236 1844 1284 tamen
1887 1245 2007 1286 esse
2041 1227 2119 1287 de

45 1331 331 1402 praecepto
358 1321 555 1382 divino
588 1328 687 1377 aut
713 1318 786 1377 de
821 1319 1157 1378 necessitate
1190 1318 1550 1376 Sacramenti
1587 1339 1761 1377 nemo
1797 1319 2026 1379 dixerit.

126 1415 221 1473 80.
266 1418 348 1474 De
368 1419 496 1492 jure
517 1412 805 1471 ordinario
839 1411 1124 1490 ejusmodi
1147 1410 1611 1471 benedictionem
1632 1424 1959 1494 competere
1981 1413 2117 1473 solis

45 1508 333 1589 Episcopis
357 1552 372 1580 ‚
412 1516 556 1566 teste
585 1505 890 1566 Benedicto
926 1507 1052 1564 XIV
1075 1549 1091 1579 ,
1134 1526 1307 1563 nemo
1345 1517 1435 1564 est
1468 1506 1566 1585 qui
1603 1505 1829 1564 dubitet
1864 1505 1974 1586 (l).
2013 1510 2114 1566 Ast

44 1602 280 1681 quaestio
306 1612 602 1674 movetur,
631 1610 827 1659 utrum
874 1621 979 1681 per
1012 1599 1200 1658 solum
1243 1600 1408 1657 Rom.
1447 1596 1816 1674 Pontificem.
1859 1622 1935 1658 an
1976 1622 2118 1660 vero

43 1694 218 1753 etiam
251 1717 353 1776 per
375 1695 678 1776 Episcopos
716 1697 937 1775 possint
972 1692 1296 1773 Presbyteri
1325 1691 1571 1770 delegari
1601 1692 1674 1750 ad
1705 1692 1949 1752 chrisma
1985 1715 2119 1753 con-

49 1788 380 1848 ficiendum.
409 1791 536 1847 Non
560 1787 768 1847 desunt
793 1798 1046 1848 auctores
1069 1787 1387 1867 gravissimi
1421 1786 1805 1869 disceptantes
1827 1790 1947 1850 sive
1970 1791 2116 1849 circa

49 1894 393 1963 potestatem
417 1884 659 1942 Romani
682 1883 968 1942 Pontificis
997 1883 1116 1942 sive
1138 1883 1283 1941 circa
1306 1893 1652 1965 potestatem
1679 1884 2108 1965 Episcoporum.

48 1976 160 2035 Sed
188 1977 342 2058 quod
357 1979 563 2036 attinet
586 1977 660 2036 ad
700 1980 864 2036 Rom.
907 1978 1278 2049 Pontificem,
1316 1977 1411 2038 vix
1446 1975 1675 2036 subesse
1725 1989 1915 2058 potest
1946 1978 2117 2037 dubi—

50 2069 210 2128 tandi
234 2072 397 2132 ratio,
421 2072 478 2131 Si
508 2073 662 2131 enim
697 2073 817 2152 ipse
843 2083 1036 2152 potest
1056 2117 1072 2147 7
1105 2072 1188 2130 uti
1212 2072 1567 2130 ostendimus
1589 2116 1604 2145 .,
1634 2071 1922 2131 Sacerdoti
1947 2072 2119 2131 facul-

50 2158 228 2222 tatem
249 2166 666 2224 communicare
692 2165 1133 2224 administrandi
1160 2165 1269 2224 hoc
1293 2167 1729 2224 Sacramentum
1752 2211 1767 2240 ,
1800 2188 1979 2247 quare
2017 2166 2113 2226 de-

50 2255 236 2335 legare
252 2258 517 2319 eumdem
539 2280 657 2318 non
670 2261 881 2340 poterit
894 2259 967 2318 ad
979 2260 1223 2318 chrisma
1247 2259 1687 2332 conficiendum;
1711 2278 1842 2318 cum
1853 2261 2117 2342 plerique

1117 2448 1329 2497 videntur
1343 2467 1396 2497 ex
1412 2449 1552 2507 Beda,
1571 2447 1641 2496 In
1658 2448 1798 2499 Cant.
1814 2450 1873 2498 ad
1897 2451 2111 2500 eumdem

1116 2547 1234 2579 vers.
1257 2531 1352 2578 Cfr.
1373 2531 1486 2578 edit.
1516 2530 1661 2578 Maur.
1682 2530 1732 2579 in
1748 2533 1875 2580 hunc
1891 2533 1979 2580 loc.
2006 2533 2114 2581 Dixi

1115 2628 1333 2677 expressa
1358 2614 1528 2659 mentio
1545 2631 1557 2671 3
1591 2630 1700 2659 nam
1719 2613 2002 2662 subobscure
2023 2615 2115 2663 sal-

1115 2704 1206 2741 tem
1224 2691 1462 2758 cujusdam
1477 2695 1688 2742 mixturae
1705 2693 1966 2760 S.Optatus‚
1992 2694 2118 2746 Ado.

48 2443 463 2497 Sao-ramentorum
495 2465 574 2498 seu
601 2450 852 2514 pontificali
872 2449 920 2498 S.
935 2449 1036 2498 Gre-

49 2532 158 2594 gorii
185 2530 251 2578 M.
272 2568 284 2589 ‚
323 2531 402 2578 ubi
440 2532 599 2595 legitur
640 2549 654 2578 :
686 2531 1038 2597 Praeparantur

49 2610 268 2676 ampulloe
283 2611 390 2659 duoe
401 2628 507 2659 cum
523 2611 635 2673 oleo,
656 2629 859 2676 quarum
872 2612 1037 2661 melior

49 2692 254 2756 defertur
269 2693 522 2757 Pontifici,
542 2701 613 2755 ut,
632 2702 814 2759 accepto
829 2693 1034 2741 balsamo

50 2782 93 2821 et
119 2775 448 2822 commiscitato
472 2792 580 2823 eum
608 2774 703 2823 oleo
725 2813 738 2835 ‚
774 2792 923 2825 mana
949 2791 1038 2822 sua

49 2851 240 2917 impleat
255 2871 377 2902 eam.
399 2855 518 2921 Opp.
545 2858 655 2905 edit.
677 2857 826 2905 Maur.
844 2857 936 2905 vol.
953 2873 1005 2904 111
1023 2894 1036 2916 ‚

50 2951 98 2997 p.
146 2931 231 2982 65.
274 2932 422 2984 Verba
477 2955 583 2985 vcro
627 2953 728 3003 quas
769 2941 966 2986 citantur
1014 2956 1040 2985 a

49 3015 323 3064 Bellarmino
343 3026 385 3064 et
405 3016 511 3065 Nat.
540 3017 794 3067 Alexandro
813 3055 825 3077 ‚
846 3037 898 3067 ex
918 3022 1040 3084 ejus-

51 3095 156 3143 dem
180 3095 226 3146 S.
247 3096 456 3144 Doctoris
480 3096 795 3163 Expositione
815 3101 868 3147 in
897 3100 1037 3150 Cant.

49 3185 177 3226 cant.
202 3194 299 3242 cap.
339 3193 355 3224 1
381 3213 396 3238 ,
426 3179 482 3226 ad
500 3197 543 3227 v.
570 3177 628 3227 15
652 3196 666 3226 τ
687 3179 864 3228 Botrus
890 3180 1042 3247 Cypri

52 3256 244 3306 dilectus
290 3276 420 3306 meas
465 3261 520 3306 in
562 3261 715 3308 vineis
765 3260 1000 3325 Enqaddi
1018 3299 1031 3323 ‚

51 3356 214 3404 nempe
246 3358 259 3389 ε
299 3340 369 3387 [π
402 3339 635 3404 Enqaddi
662 3341 925 3389 balsamum
953 3345 1031 3407 qi-

1122 2778 1354 2822 Parmen.
1387 2774 1472 2822 lib.
1506 2790 1602 2832 vu,
1650 2792 1698 2822 n.
1744 2773 1776 2837 4
1799 2811 1811 2834 ,
1858 2779 2119 2826 meminisse

1120 2854 1418 2903 videtur.Csr.
1435 2855 1544 2903 edit.
1563 2854 1852 2919 Albaspinaei‚
1873 2874 1976 2921 pag.
1999 2873 2117 2925 109,

1121 2954 1175 2984 ac
1201 2936 1413 2983 nonnulli
1448 2936 1525 2983 alii
1554 2953 1606 2984 ex
1643 2935 1840 2998 Graecis,
1877 2948 1928 2985 ut
1966 2949 2121 2986 auctor

1125 3019 1287 3068 Con-st.
1313 3018 1485 3085 Apost.
1517 3018 1603 3068 lib.
1623 3037 1685 3067 vu
1702 3056 1715 3079 ,
1740 3038 1841 3084 cap.
1871 3017 1950 3083 54.
1988 3019 2122 3086 Quod

1120 3101 1346 3166 colligitur
1391 3118 1487 3149 non
1540 3100 1859 3149 tantummodo
1907 3119 1961 3149 ex
2011 3119 2121 3151 voce

1119 3180 1392 3229 chrismatis
1457 3191 1536 3229 aut
1578 3183 1815 3246 unquenti
1841 3216 1858 3242 ‚
1910 3200 1999 3247 qua
2050 3183 2119 3231 illi

1117 3273 1321 3312 auctores
1349 3273 1574 3321 utuntur,
1611 3280 1719 3311 cum
1751 3263 2034 3327 exploratum
2066 3266 2122 3312 sit

1115 3346 1303 3393 eruditis
1324 3382 1337 3406 ,
1369 3363 1469 3393 eam
1487 3346 1655 3409 passim
1686 3344 1891 3393 adhiberi
1924 3347 1982 3394 ad
2009 3348 2118 3394 sim-

49 3421 213 3483 qnitur
231 3457 248 3481 ,
299 3422 423 3486 quod
468 3437 575 3468 ciam
626 3421 719 3469 oleo
762 3423 1032 3487 pontificali
1111 3427 1212 3490 plex
1244 3427 1398 3475 oleum
1434 3426 1786 3491 significandum
1804 3464 1818 3486 ‚
1847 3425 1926 3475 sed
1953 3445 2007 3475 ex
2032 3427 2121 3475 fra-

50 3499 367 3550 benedictione
408 3503 616 3550 chrisma
664 3503 865 3567 efficitur
882 3538 899 3563 ,
954 3520 1044 3568 quo
1123 3510 1298 3571 grantia
1317 3544 1331 3570 ‚
1364 3525 1505 3572 quam
1530 3509 1617 3573 ipsi
1645 3517 1918 3561 memorant,

53 3579 174 3629 dona
207 3581 372 3631 Sancti
401 3581 615 3649 Spiritus
638 3585 996 3649 exprimuntur,
1018 3602 1045 3632 a

55 3663 216 3711 criticis
262 3675 487 3729 expuncta
528 3675 635 3714 sunt
657 3702 670 3724 ‚
716 3681 767 3713 ac
807 3665 1044 3729 desumpta

1193 3589 1255 3652 (Ι)
1272 3584 1343 3638 De
1357 3586 1548 3653 synodo
1565 3626 1578 3651 ‚
1599 3584 1686 3638 lib.
1705 3603 1769 3638 vn
1785 3623 1800 3652 ‚
1819 3605 1920 3653 cap.
1939 3582 1989 3646 8,
2005 3603 2049 3633 n.
2075 3601 2118 3635 1.
