2502 4186
332 195 453 256 400
950 212 1276 254 ‘ram-nnus
1318 215 1388 253 mr.
1430 214 1820 258 ronmmwru.

333 358 606 442 supplere
629 356 1022 438 Baptismum‚
1051 366 1141 430 ut,
1164 357 1255 416 De
1267 357 1605 437 Baptismo.,
1633 357 1735 418 lib.
1761 359 1956 442 1V(1)‚
1981 374 2042 422 et
2065 363 2267 428 Tract.
2285 367 2462 427 XIII

331 461 402 515 in
435 455 618 513 Joan.
661 451 917 510 affirmat
967 473 982 509 t
1028 451 1602 532 Quantumcumque
1637 455 2099 516 catechumenus
2130 463 2416 540 proficiat
2430 505 2455 534 ,

329 549 533 608 adbuc
595 551 913 607 sarcinam
964 550 1314 625 iniquitatis
1381 569 1507 606 suoe
1561 558 1774 628 portat
1797 573 1817 616 ‚·
1873 571 1994 609 non
2047 553 2145 611 'illi
2202 555 2455 616 dimitti-

330 655 474 716 tur,
505 646 636 702 nisi
661 663 804 703 cnm
835 645 1066 700 venerit
1101 643 1188 701 acl
1230 643 1620 723 Baptismum
1646 642 1754 724 (2).
1789 645 1957 719 Quod
1992 646 2144 706 facto
2182 670 2287 708 suo
2317 672 2459 710 con-

330 741 570 818 firmat3
605 737 686 798 sic
719 737 882 797 enim
924 736 998 796 de
1045 737 1238 820 seipso
1272 737 1514 815 scribit,
1567 743 1821 819 Confess.
1857 740 1958 801 lib.
2011 743 2090 802 IX
2118 788 2134 818 ,
2190 765 2317 827 cap.
2359 746 2398 805 4
2439 770 2456 807 ε

330 836 621 921 Gaudens
660 838 732 894 in
760 835 876 914 fide
906 834 1163 893 laudavi
1192 855 1408 893 nomen
1437 844 1633 894 taum.
1673 836 1763 896 Et
1784 856 1855 895 ea
1882 837 2030 914 fides
2062 859 2158 898 me
2180 860 2456 900 securam

328 953 445 992 esse
468 953 591 991 non
619 932 861 990 sinebat
888 930 959 988 de
974 931 1310 1010 praeteritis
1323 932 1589 1010 peccatis
1610 933 1761 990 meis
1773 974 1795 1003 ,
1826 952 1962 1011 quoe
1983 934 2143 992 mihi
2153 956 2274 1014 per
2290 939 2460 1016 Bap-

331 1032 581 1088 tismum
613 1037 788 1086 tuum
822 1030 1078 1086 remissa
1104 1026 1379 1086 nondam
1416 1036 1610 1085 erant.
1638 1025 1705 1083 5⁰
1735 1027 2055 1107 Augustino
2089 1040 2288 1090 autem
2315 1052 2459 1091 con—

329 1134 546 1183 sonant
581 1124 783 1182 Patres
811 1120 1055 1203 reliqui,
1092 1121 1250 1181 inter
1272 1142 1418 1204 quos
1443 1121 1511 1180 60
1532 1122 1591 1181 S.
1617 1123 1730 1181 Leo
1748 1166 1765 1196 ,
1796 1123 1900 1181 Sic
1925 1123 2154 1183 divinoe
2171 1167 2194 1196 ,
2222 1124 2424 1186 scribit
2441 1172 2458 1202 ‚

329 1221 618 1280 bonitatis
644 1219 960 1298 proesidiis
995 1218 1301 1276 ordinatis
1310 1260 1332 1289 ,
1369 1227 1443 1276 ut
1476 1218 1860 1298 indulqentia
1896 1220 2019 1277 Dei
2052 1222 2181 1278 nici
2214 1224 2455 1301 suppli·-

326 1316 670 1375 cationibas
699 1314 1088 1373 Sacerdotnm
1120 1323 1378 1393 nequeat
1410 1314 1675 1373 obtineri
1695 1312 1805 1394 (3).
1831 1312 1899 1374 7Ο
1927 1315 2061 1374 Haec
2093 1316 2291 1376 omnia
2316 1339 2462 1377 con—

327 1412 642 1471 firmantur
663 1432 734 1469 ex
755 1410 882 1491 ipso
908 1407 1170 1469 Concilio
1192 1407 1536 1469 Tridentino
1555 1453 1572 1483 ,
1606 1408 1788 1491 quod,
1824 1430 1963 1468 sess,
1992 1410 2159 1484 XIII,
2185 1432 2316 1471 can.
2343 1413 2424 1472 XI
2442 1458 2459 1488 ,

327 1506 651 1591 praescribit
673 1505 1097 1565 confessionem
1117 1503 1415 1580 omnibuS,
1448 1515 1769 1587 antequam
1798 1503 1872 1564 ad
1900 1504 2326 1566 Eucharistiam
2364 1528 2462 1567 ac—

326 1603 540 1664 cedant
558 1609 578 1678 a*
617 1612 1176 1683 quantumcumque
1216 1623 1274 1661 se
1313 1605 1595 1661 contritos
1636 1605 1978 1661 existiment
1997 1645 2020 1674 ,
2058 1601 2181 1661 solo
2216 1615 2460 1686 excepto

327 1699 690 1760 necessitatis
723 1718 898 1773 casu,
931 1707 993 1756 ct
1018 1718 1156 1757 cum
1188 1696 1352 1779 copia
1395 1696 1733 1756 confessarii
1758 1718 1882 1756 non
1906 1695 2178 1758 habetur.
2204 1699 2376 1779 Ergo·

407 1795 507 1854 79.
546 1795 720 1876 Resp.
753 1793 904 1874 Neq.
952 1804 1081 1854 ant.
1119 1792 1207 1853 Ad
1245 1793 1326 1851 1¹¹¹
1370 1790 1540 1875 prob.
1584 1793 1741 1852 Dist.
1782 1794 1894 1853 Per
1939 1795 2448 1855 confirmationem

325 1912 522 1950 coram
556 1887 894 1948 hominibus
931 1888 1143 1947 factam
1181 1889 1292 1966 ipsi
1325 1887 1593 1962 mulieri,
1635 1909 1828 1956 conc.,·
1867 1910 2064 1948 coram
2100 1892 2223 1950 Deo
2250 1936 2267 1966 .,
2315 1913 2446 1972 neq.

325 1986 602 2069 Alioquin
619 1984 715 2072 ,bis
741 1983 954 2044 mulier
975 1982 1074 2042 illa
1101 1980 1367 2043 absoluta
1390 1983 1601 2043 fuisset
1616 1982 1690 2042 ab
1719 1984 1926 2044 iisdem
1958 1985 2208 2066 peccatis
2228 2031 2244 2060 ‚
2275 1987 2449 2067 siqui-

323 2081 461 2141 dem
495 2080 672 2165 paulo
699 2091 832 2164 post
858 2080 1075 2139 iterum
1102 2078 1252 2138 dixit
1281 2078 1548 2138 Christus
1581 2077 1813 2139 mulieri
1839 2100 1853 2138 ε
1883 2080 2313 2140 Remittuntur
2339 2084 2461 2142 tibi

314 2189 584 2258 peccata.
627 2178 750 2236 Hoc
793 2178 972 2236 etiam
1015 2175 1398 2235 confirmatur
1449 2173 1725 2258 exemplo
1771 2174 2271 2258 haemorrhoissae„
2324 2198 2451 2260 quae

322 2275 432 2333 etsi
483 2274 796 2333 sanitatem
828 2276 953 2351 jam
1001 2269 1385 2346 obtinuisset,
1421 2281 1660 2346 tamen,
1701 2270 1880 2330 Marc.
1916 2272 1998 2345 V,
2042 2270 2155 2349 34,
2207 2271 2355 2332 dixit
2401 2273 2453 2333 ei

323 2369 588 2430 Christus
629 2393 642 2428 z
676 2370 821 2430 Esto
850 2390 1007 2429 sana
1035 2389 1075 2427 a
1103 2369 1293 2449 playa
1327 2378 1455 2427 tua.
1498 2365 1685 2427 Verba
1724 2376 1924 2427 autem
1952 2365 2051 2427 illa
2097 2390 2110 2425 ε
2149 2368 2448 2448 Quoniam

320 2467 538 2525 dilexit
556 2467 822 2524 multum
836 2509 860 2538 ,
889 2486 1011 2523 non
1041 2462 1202 2523 aliud
1223 2463 1554 2544 significant
1582 2466 1751 2541 juxta
1780 2460 2202 2523 Bellarminum
2221 2507 2238 2537 ‚
2271 2484 2451 2545 quam
2480 2446 2483 2450 ⁴

319 2583 595 2643 magnam
625 2560 1001 2621 dilectionem
1030 2580 1265 2619 causam
1291 2559 1468 2619 fuisse
1498 2578 1724 2639 magnae
1749 2557 2124 2638 indulgentiae
2150 2557 2265 2640 (4).

368 2655 371 2657 ⁵
409 2658 510 2718 80.
562 2656 652 2718 Ad
678 2658 766 2716 2¹1¹
788 2703 805 2733 .,
841 2658 1003 2717 Dist.
1033 2658 1258 2716 Docent
1287 2656 1451 2716 citati
1483 2657 1707 2728 PatreS‚
1738 2653 2045 2714 mulierem
2066 2654 2231 2714 illam
2256 2675 2449 2715 acces-

318 2755 457 2814 sisse
481 2753 853 2813 immundam
874 2798 890 2828 ,
916 2751 1187 2812 nondum
1207 2751 1392 2812 lotam
1413 2797 1430 2826 .,
1468 2762 1580 2811 etc.
1601 2750 1676 2809 in
1697 2751 2083 2810 aestimatione
2106 2749 2443 2826 hominum,

318 2871 516 2924 conc.‚·
558 2871 692 2910 vere
721 2861 782 2909 et
811 2870 1008 2908 coram
1032 2850 1155 2908 Deo
1175 2893 1192 2922 ‚
1224 2847 1319 2909 vel
1354 2868 1485 2928 neq.
1524 2844 1622 2906 vel
1653 2845 1831 2905 subd.
1857 2846 2006 2904 Cum
2041 2845 2277 2905 accessit
2296 2890 2314 2921 ‚
2343 2866 2448 2905 cu-

317 2947 503 3006 currit
524 2993 540 3022 ,
561 2944 898 3029 procubuit,
921 2943 1190 3006 nondum
1204 2942 1459 3026 perfecta
1484 2940 1769 3001 charitate
1787 2939 2024 3001 incensa
2044 2987 2060 3016 ,
2089 2962 2282 3009 conc.;
2303 2962 2446 3020 cum

317 3042 574 3124 perfecta
599 3041 883 3102 charitate
906 3041 1112 3102 dilexit
1131 3085 1148 3114 .‚
1174 3060 1303 3117 neq.
1333 3035 1502 3112 Quod
1523 3058 1798 3119 expresse
1816 3035 1986 3096 docet
2007 3039 2065 3096 S.
2087 3035 2443 3112 Bernardu8‚

318 3138 512 3196 Serm.
546 3138 653 3199 IV
679 3138 750 3196 de
784 3138 1040 3197 dedicat.
1091 3135 1316 3196 Eccles.
1350 3131 1555 3192 dicens
1593 3154 1607 3191 ε
1655 3133 1939 3193 Errabat
1972 3132 1995 3212 (
2030 3130 2348 3192 Pharisaeus
2382 3131 2447 3214 ),

315 3237 432 3314 qui
463 3243 762 3312 tanquam
795 3234 1000 3292 adhuc
1027 3235 1431 3312 peccatricem
1461 3227 1778 3300 horrebat,
1814 3249 1949 3307 quae
1988 3228 2222 3290 divinis
2260 3227 2447 3286 inhoe-

316 3350 452 3389 rens
479 3332 770 3409 wamiis,
801 3326 1302 3409 riqabatfletibus
1316 3369 1339 3398 ,
1370 3326 1635 3407 terqebat
1653 3325 1972 3396 crinibus,
2000 3325 2194 3383 osculo
2212 3342 2446 3405 preme·

316 3426 454 3498 bat,
485 3425 750 3506 unqebat
778 3435 1080 3505 unquent'o
1101 3468 1118 3499 ,
1153 3434 1265 3483 etc.
1299 3422 1412 3504 (5).

388 3589 455 3654 (l)
493 3588 610 3656 Cap.
645 3605 724 3638 22.
1495 3588 1561 3652 (h)
1599 3585 1668 3637 De
1718 3582 1894 3635 Paenic.
1945 3585 2030 3634 lib.
2077 3602 2142 3645 ιι,
2191 3600 2291 3649 cap.
2348 3580 2440 3646 14,

384 3672 448 3735 (2)
485 3670 547 3720 Ν.
589 3688 637 3738 7.
1425 3687 1475 3718 n.
1525 3686 1577 3718 2.
2092 3689 2095 3692 ·

381 3751 455 3817 (3)
490 3752 595 3819 ΕΡ·
624 3766 754 3817 “¹¹¹2
789 3753 852 3805 ³¹·
880 3769 974 3816 ¹0¹,
1010 3769 1116 3819 cap·
1150 3768 1202 3802 2·
1495 3751 1564 3816 (5)
1599 3749 1658 3801 Ν.
1681 3750 1729 3800 3.
1751 3749 1845 3817 Qui
1865 3749 2042 3802 ibidem
2059 3746 2217 3799 subdit
2246 3745 2445 3797 :Num-
