2502 4186
618 286 739 324 cAr.
785 285 844 325 v.
891 283 960 324 nn
1001 283 1360 323 nscessnsrn
1401 281 1681 320 asrnsm.
1745 285 1751 291 ·
2111 260 2186 320 59

118 424 434 508 perniciosa
463 427 746 485 sententia
769 425 833 485 in
857 423 1051 504 Anglia
1070 467 1087 497 .,
1110 433 1176 481 ut
1192 467 1209 496 ,
1235 422 1345 481 11ἰεί
1381 420 1673 483 saeculares
1705 418 2069 500 magistratus
2095 419 2188 478 in-

31 524 34 526 ’
118 519 363 578 fantium
387 518 557 577 saluti
594 519 742 578 datis
775 517 990 598 legibus
1018 516 1479 597 prospexissent,
1516 514 1734 594 absque
1770 512 2003 572 salutari
2026 513 2188 575 lava—

121 633 215 672 cro
256 614 466 693 passim
505 613 598 671 isti
621 612 1078 693 relinquerentur
1116 609 1227 686 (1).
1258 609 1469 667 Contra
1507 629 1680 689 quem
1715 628 1973 668 errorem·
1991 608 2065 667 sit
2179 618 2181 621 ’

937 795 1351 850 PROPOSITIO.

201 944 550 1022 Baptismus
591 942 743 1001 liber
779 959 896 998 non
936 946 1048 1007 est,
1094 936 1197 995 sed
1226 946 1307 995 est
1338 940 1700 996 necessarius
1727 936 1812 994 ad
1847 937 2112 996 salutem.

208 1114 342 1175 134.
387 1114 696 1196 Propositio
739 1110 863 1169 haec
907 1120 995 1169 est
1038 1108 1110 1170 de
1159 1109 1273 1170 fide
1318 1112 1484 1189 juxta
1532 1119 1661 1169 can.
1712 1111 1760 1170 V
1811 1111 1984 1169 Conc.
2040 1110 2195 1170 Trid.

125 1231 260 1270 sess
304 1210 406 1268 VII
439 1231 452 1267 ε
497 1210 570 1266 Si
597 1208 731 1284 quis
772 1205 1035 1276 dixerit,
1067 1206 1450 1284 Baptismum
1486 1207 1745 1264 liberum
1780 1226 1929 1277 esse,
1966 1197 2070 1264 Ῐιοο
2085 1214 2198 1278 est,

124 1325 244 1364 non
276 1303 666 1362 necessarium
701 1298 785 1356 ad
814 1300 1096 1371 salutem,
1143 1299 1462 1357 anathema
1498 1304 1594 1358 sit.

212 1397 345 1456 135.
393 1392 614 1470 Majoris
650 1390 920 1450 claritatis
963 1393 1139 1471 gratia
1177 1393 1237 1450 in
1273 1413 1337 1451 re
1381 1392 1527 1450 tanti
1571 1392 1857 1451 momenti
1893 1391 2206 1473 praemitti«

122 1512 252 1551 mus
296 1511 310 1548 ε
359 1488 421 1546 10
458 1489 657 1567 Neque
703 1486 988 1559 infanteS‚
1033 1507 1222 1566 neque
1264 1485 1489 1544 adultos
1529 1487 1804 1566 Baptismi
1841 1485 1966 1564 lege
2008 1486 2205 1544 statim

123 1583 415 1644 obstrictos
444 1580 635 1654 fuisse,
659 1600 791 1638 cum
814 1579 1091 1652 ChristuS.,
1123 1581 1290 1638 Joan.
1321 1581 1399 1637 III
1419 1625 1435 1654 7
1467 1584 1586 1656 ejus
1610 1579 2011 1638 necessitatem
2030 1579 2204 1637 Nico-

122 1676 291 1735 demo
316 1674 615 1756 patefecit,
659 1685 756 1732 aut
782 1673 988 1733 Matth.
1024 1672 1130 1731 ult.
1167 1694 1295 1732 eam
1317 1672 1584 1732 omnibus
1608 1673 1857 1747 indixit,
1887 1671 1991 1731 sed
2020 1671 2208 1730 solum

120 1780 251 1852 post
276 1768 654 1827 sufficientem
684 1767 974 1848 Evangelii
991 1766 1535 1848 promulgationem.
1559 1767 1627 1824 20
1652 1769 1782 1826 Non
1807 1787 2007 1825 omnes
2032 1766 2210 1826 Theo-

120 1863 276 1943 logos
312 1863 734 1922 consentientes
770 1883 890 1920 esse
928 1862 989 1920 in
1025 1861 1241 1942 epocha
1273 1860 1598 1920 definienda
1638 1862 1921 1939 ejusmodi
1955 1861 2210 1942 promul-

123 1958 398 2038 gationiS,
444 1957 576 2016 licet
613 1957 825 2037 passim
874 1956 982 2037 ipsi
1020 1958 1310 2035 assignent
1358 1956 1558 2015 decem
1600 1977 1783 2014 annos
1832 1955 1962 2037 plus
2012 1956 2204 2014 minus

123 2073 229 2132 pro
275 2051 543 2111 universa
582 2050 915 2122 Palaestina,
974 2061 1033 2108 et
1069 2049 1446 2130 quadraginta
1496 2073 1601 2131 pro
1647 2051 1893 2131 imperio
1942 2071 2205 2108 romano.

128 2144 192 2203 30
227 2143 515 2221 Ejusmodi
551 2144 927 2203 sufficientem
965 2143 1487 2226 promulgationem
1528 2166 1648 2203 esse
1691 2147 2046 2214 relativam,
2091 2164 2212 2202 non

129 2249 320 2297 autem
353 2236 671 2295 absolutam
694 2281 709 2310 ,
747 2237 807 2295 id
851 2249 970 2311 est,
1020 2238 1217 2296 eadem
1260 2239 1484 2297 ratione
1517 2238 1761 2298 minime
1798 2236 2216 2297 dimetiendam

130 2352 250 2390 esse
298 2330 474 2389 relate
517 2330 591 2388 ad
637 2330 888 2388 diversas
946 2342 1177 2408 gentes3
1228 2351 1318 2388 ex.
1369 2354 1450 2409 gr.
1491 2333 1670 2390 relate
1722 2333 1796 2390 ad
1848 2333 2215 2390 Americanos

129 2426 227 2485 vix
268 2445 377 2483 sec.
425 2425 555 2483 XVI
597 2424 705 2482 dici
742 2435 1003 2505 poterat.¹
1036 2423 1209 2481 fidem
1238 2444 1358 2482 esse
1391 2423 1740 2483 sufficienter
1769 2424 2212 2506 promulgatam.

131 2519 399 2591 Quinimo
425 2530 483 2577 et
517 2517 660 2576 illud
687 2517 1019 2576 addendum
1045 2528 1129 2575 est
1148 2562 1164 2590 7
1200 2517 1479 2594 ejusmodi
1512 2518 2032 2599 promulgationem
2062 2518 2214 2577 rela-

129 2614 311 2671 tivam
341 2634 461 2672 esse
485 2636 605 2671 non
622 2612 806 2671 solum
832 2611 1019 2693 quoad
1056 2612 1306 2671 diversas
1338 2624 1536 2691 gentes
1555 2658 1571 2687 ,
1602 2635 1806 2672 verum
1829 2614 2003 2671 etiam
2028 2612 2221 2695 quoad

129 2708 462 2781 individua,
497 2721 562 2767 ut
593 2720 784 2791 patet,
825 2730 958 2767 cum
988 2707 1080 2766 lex
1112 2708 1433 2787 evangelica
1470 2731 1588 2767 non
1615 2708 1800 2767 solum
1829 2720 2025 2787 gentes
2052 2754 2068 2783 ,
2118 2708 2221 2768 sed

134 2813 190 2860 et
218 2804 512 2865 individua
538 2803 757 2883 singula
791 2802 1004 2883 obliget
1027 2814 1086 2862 et
1120 2802 1478 2883 obstringat3
1512 2803 1682 2877 hinc,
1718 2804 1764 2861 si
1793 2803 1995 2885 aliquis
2034 2803 2220 2863 incul-

137 2988 345 3038 Suicerus
380 2993 430 3039 in
462 2992 699 3041 Thesauro
737 2993 897 3042 eccles,
932 2994 1020 3042 loc.
1050 2996 1128 3042 cit.
1215 2995 1309 3042 luta
1326 2997 1589 3043 necessitate
1606 2994 1827 3059 Baptismi
1847 3004 1980 3043 vocat
1997 3009 2220 3052 errorem,

135 3088 184 3134 p.
223 3072 342 3135 1137
370 3088 383 3119 ε
430 3070 530 3120 Ubi
557 3091 698 3123 ormo
719 3110 735 3135 ,
782 3077 965 3140 inquit,
1002 3093 1130 3123 Exn·
1210 3094 1349 3142 quem
1369 3077 1574 3124 nimium
1615 3074 1877 3141 multijavn
1905 3074 2106 3140 pridem
2144 3090 2224 3121 aa·

135 3166 234 3198 nun·
280 3151 335 3198 de
369 3156 636 3203 necessitate
678 3157 921 3220 utriusque
956 3155 1129 3204 Sacra·
1216 3167 1477 3216 semer-um,
1493 3175 1596 3221 pag.
1620 3155 1682 3222 74
1697 3167 1846 3221 etseq.
1868 3153 2219 3220 edit.an.1575.

136 3233 308 3290 menti,
342 3242 428 3279 etc.
459 3251 623 3298 nempe
639 3236 856 3300 Baptismi
886 3248 930 3286 et
960 3237 1129 3285 Coenae.
1291 3239 1363 3301 (l)
1390 3240 1461 3286 Ex
1503 3239 1590 3286 hac
1641 3240 1929 3302 persuasione
1981 3238 2037 3285 de
2092 3235 2225 3283 nulla

133 3311 474 3376 Wegscheider‚
501 3312 526 3377 ὃ
556 3331 640 3377 ¹7⁰
675 3333 688 3363 ε
727 3318 1051 3366 Commemum
1076 3319 1136 3366 de
1226 3321 1443 3385 Baptismi
1472 3322 1768 3377 necessitate,
1809 3334 1909 3384 quae
1945 3318 2067 3382 apud
2113 3316 2225 3363 Pro-

137 3397 405 3442 necessitate
432 3397 988 3462 Baptismiprofliqatum
1008 3400 1138 3449 vide-
1226 3412 1437 3449 testantes
1475 3401 1654 3465 vulgata
1691 3411 1787 3459 est,
1833 3401 1917 3459 fit,
1968 3409 2021 3447 ut
2068 3413 2226 3446 eorum

145 3492 269 3524 mus.
298 3476 373 3524 Sic
402 3482 536 3525 ceteri
566 3480 728 3542 passim
756 3489 983 3530 tumentes
1015 3486 1140 3547 ejus·
1225 3482 1425 3531 ministri
1450 3484 1561 3530 adeo
1588 3485 1831 3531 oscitanter
1848 3482 1936 3528 hoc
1953 3480 2225 3528 Sacramen-

138 3558 264 3605 modi
294 3558 502 3606 homines
537 3560 822 3624 loquuntur3
860 3563 952 3609 imo
990 3552 1104 3612 Beza
1126 3601 1139 3623 ‚
1225 3576 1323 3613 tum
1366 3565 1719 3623 administrent,
1753 3574 1804 3611 ut
1847 3578 1984 3626 grave
2033 3559 2229 3607 dubium

137 3636 303 3703 Epist.
326 3656 436 3701 vlu,
458 3640 521 3687 ad
537 3639 845 3688 Grindallum
864 3641 1013 3705 Episc.
1033 3643 1149 3692 Lon·
1223 3656 1374 3696 ortum
1407 3649 1465 3694 sit
1497 3646 1554 3694 dc
1595 3645 1745 3694 valore
1785 3642 2004 3707 Baptismi
2048 3640 2106 3688 ab
2138 3638 2229 3687 illis

141 3718 405 3782 dinensem,
449 3733 600 3786 aperte
633 3724 887 3772 doctrinam
919 3723 975 3773 de
1011 3724 1144 3775 abso·
1229 3728 1396 3776 collati.
1432 3727 1554 3775 Hinc
1577 3736 1810 3791 receptum
1847 3733 1912 3772 est
1931 3757 1948 3785 ‚
1979 3731 2031 3771 ut
2057 3722 2227 3787 passim
