2502 4186
2110 206 2187 266 79

614 230 735 267 car.
784 229 868 268 vr.
908 218 975 266 nu
1015 228 1270 271 mmmm
1312 227 1658 266 armerum&

97 372 288 430 sinum
316 392 483 429 suum
515 371 798 453 reciperet
833 391 897 430 ac
930 391 1105 451 puros
1131 368 1382 427 efficeret
1405 413 1420 442 ,
1458 369 1614 427 inter
1642 387 1782 448 quos
1811 367 2030 426 eminet
2058 367 2190 427 Cel-

97 488 191 524 sus
237 466 345 545 (l).
394 466 558 524 Ratio
602 478 883 548 praeterea
931 464 1227 545 potissima
1269 463 1393 522 haee
1431 463 1578 538 fuit,
1628 483 1804 544 quare
1846 462 2075 544 plureS,
2124 475 2190 523 ut

97 561 358 641 superius
380 560 632 620 vidimus
653 605 669 635 ,
701 559 775 618 ad
801 558 1219 641 provectiorem
1246 567 1477 615 aetatem
1493 602 1510 631 ,
1545 556 1892 638 quandoque
1914 559 2090 617 etiam
2114 558 2190 617 ad

94 666 417 714 extremam
457 655 589 712 vitae
618 655 922 734 periodum
944 699 960 729 ,
985 651 1261 733 Baptismi
1285 651 1709 731 susceptionem
1755 653 2185 733 protraherent.

95 749 245 808 Hinc
295 748 546 828 denique
608 748 890 822 Ecclesia,
943 747 1076 806 huic
1121 745 1254 803 fidei
1298 744 1538 805 articulo
1587 746 1788 804 innixa
1819 792 1835 819 ,
1884 770 2189 829 nunquam

95 843 392 902 consuevit
419 841 723 924 baptizatis
762 843 947 901 ullum
971 839 1371 898 satisfactionis
1407 861 1507 899 seu
1535 841 1893 921 poenitentiae
1921 863 2066 900 onus
2093 843 2189 901 in-

92 942 329 1015 jungere
374 936 497 1017 (2),
548 958 708 996 secus
748 958 811 996 ac
859 956 919 994 se
969 935 1143 1013 ,gessit
1187 935 1334 993 circa
1376 933 1567 1015 lapsos
1611 945 1742 1016 post
1779 936 2074 1016 Baptisma
2125 934 2187 996 sn

95 1033 287 1111 gravia
317 1044 569 1113 peccata.

174 1126 309 1186 173.
353 1129 854 1209 Supervacaneum
878 1136 1012 1206 post
1038 1125 1158 1185 haec
1186 1127 1582 1186 existimamus
1606 1147 1916 1206 congerere
1948 1129 2189 1188 Patrum

94 1222 424 1281 testimonia
455 1223 530 1281 ad
561 1222 620 1280 id
652 1219 1074 1296 evincendum,
1128 1221 1287 1303 quod
1325 1233 1452 1281 tum
1483 1243 1554 1282 ex
1588 1221 1827 1303 prolatis
1864 1222 2189 1304 Scriptura-

170 1471 240 1535 (Ι)
276 1470 405 1536 Apud
428 1468 669 1534 Origenem
689 1507 701 1528 ,
729 1467 867 1517 Com.
891 1467 1094 1528 Celsum,

91 1553 175 1602 lib.
208 1570 291 1613 ur,
323 1571 373 1600 n.
409 1548 494 1599 51.
526 1551 636 1599 Haec
664 1551 827 1599 eadem
854 1552 1099 1599 confirmat

89 1634 269 1681 Gibbon
301 1638 339 1694 ‚‘
383 1631 520 1680 Hist.
568 1649 712 1680 casus
752 1635 961 1698 Imperii
999 1633 1096 1681 Ro-

85 1716 257 1774 mani,
300 1730 401 1779 cap.
451 1733 523 1763 xv.
566 1714 665 1763 Cfr.
696 1730 798 1780 quae
829 1717 1097 1780 scripsimus

83 1797 132 1843 in
159 1806 287 1844 tract.
311 1796 389 1845 De
419 1813 532 1844 vera
561 1796 666 1845 Rel.
696 1814 749 1846 n.
774 1793 891 1845 380.

162 1879 228 1942 (2)
266 1878 372 1927 Dixi
428 1879 692 1945 baptizatis
734 1879 916 1927 nullum
962 1881 1095 1927 satis-

95 1960 301 2008 factionis
343 1970 421 2008 aut
458 1963 734 2025 poenitentiae
780 1976 898 2008 onus
939 1963 1094 2026 injun-

94 2051 218 2088 ctum
242 2040 298 2089 ab
317 2040 516 2091 Ecclesia
533 2043 704 2105 fuisse3
731 2061 840 2090 nam
868 2041 1099 2107 baptisma

96 2122 358 2185 petentibus
414 2141 494 2172 seu
558 2123 901 2172 catechumenis
965 2124 1098 2190 plura

95 2205 368 2266 poenitentiae
400 2221 534 2268 opera
573 2223 717 2270 eaque
747 2221 844 2251 non
876 2205 993 2252 levia
1026 2207 1098 2252 in-

96 2281 253 2347 juncta
268 2286 410 2334 fuisse
434 2302 590 2344 nemo,
610 2289 690 2351 qui
719 2287 884 2350 hospes
909 2304 1006 2334 non
1040 2291 1098 2334 sit

95 2367 145 2412 in
172 2366 417 2414 christiana
440 2370 711 2432 antiquitate
729 2405 741 2426 ‚
768 2369 964 2432 ignorat.
990 2367 1099 2416 Haec

94 2447 194 2496 fuse
227 2452 518 2513 prosequitur
558 2453 676 2498 inter
705 2460 877 2497 ceteros
908 2449 1097 2498 Viceco-

95 2546 210 2589 mes,
240 2548 318 2594 op.
349 2533 426 2578 cit.
454 2530 540 2578 lib.
559 2547 641 2588 111,
674 2548 774 2595 cap.
804 2545 858 2577 111
893 2541 937 2579 et
964 2548 1093 2596 seqq.

96 2610 148 2658 ld
175 2613 326 2676 ipsum
357 2612 532 2660 dicatur
559 2613 615 2660 de
645 2612 781 2678 plena
814 2613 1096 2660 confessione

96 2703 412 2756 peccatorum,
466 2711 606 2759 quam
638 2697 911 2758 praemittere
956 2694 1097 2743 debe-

96 2772 212 2820 bant
252 2774 547 2839 baptizandi,
594 2785 841 2841 antequam
882 2776 939 2824 ad
988 2794 1095 2825 san-

101 2862 227 2900 ctum
251 2854 483 2915 lavacrum
510 2858 856 2907 admitterentur
873 2894 886 2914 ‚
921 2858 978 2906 de
1003 2876 1095 2923 qua

100 2936 266 2998 passim
304 2947 473 2986 veteres
509 2939 780 3005 loquuntur.
814 2939 930 2988 Satis
961 2939 1095 2988 nobis

101 3017 158 3064 sit
178 3016 314 3064 verba
337 3018 496 3068 afferre
524 3020 826 3083 Tertulliani,
873 3025 973 3088 qui,
1005 3021 1091 3070 lib.

95 3096 174 3145 De
190 3098 338 3163 Bapt.
355 3116 456 3164 cap.
483 3115 543 3148 20
560 3139 573 3160 ‚
606 3106 723 3151 inter
752 3115 922 3153 ceteras
951 3121 1096 3170 poenae

97 3181 302 3230 salutaris
347 3186 692 3234 exercitationes
729 3198 771 3236 et
802 3188 925 3235 hanc
967 3205 1094 3237 com-

96 3275 346 3323 memorat,
372 3267 508 3312 totius
534 3264 740 3316 videlicet
756 3279 970 3318 anteactae
995 3273 1094 3319 vitae

93 3361 231 3394 noxas
251 3364 357 3394 cum
373 3350 608 3412 proposito
635 3348 837 3398 melioris
867 3353 967 3399 vitae
987 3369 1089 3402 con-

49 3486 52 3492 ·
91 3429 382 3477 suetudinem
430 3429 677 3477 confitendi
723 3447 736 3477 :
786 3427 1091 3495 Inqreesuros

90 3508 428 3574 Baptismum,
463 3514 617 3577 inquit
641 3548 653 3570 ,
686 3513 981 3561 orationibus
1001 3531 1093 3562 cre-

30 3640 32 3642 ,
89 3590 208 3652 bris,
235 3593 463 3657 jejunii&
485 3601 529 3639 et
548 3592 1017 3656 yem'culatio‘nibus,
1051 3602 1097 3642 et

80 3672 355 3738 perviqiliie
387 3691 522 3723 orare
549 3683 742 3740 oportet,
773 3683 820 3723 et
847 3692 955 3723 cum
979 3691 1093 3723 con-

1174 1469 1380 1533 sessione
1406 1469 1622 1517 omnium
1652 1476 1774 1516 retro
1805 1468 2094 1517 delictorum.
2130 1470 2188 1518 In

1181 1568 1319 1615 quem
1337 1549 1490 1598 locum
1507 1551 1590 1598 cfr.
1611 1550 1836 1598 adnotatt.
1859 1549 1929 1598 De
1955 1551 1998 1597 la
2019 1550 2185 1599 Cerda.

1182 1632 1285 1680 Huc
1312 1632 1577 1680 referuntur
1593 1666 1610 1693 ,
1644 1649 1744 1696 quae
1769 1630 1878 1679 Act.
1913 1648 1994 1679 xix
2016 1667 2030 1688 ‚
2087 1630 2146 1680 18
2170 1670 2184 1692 ,

1179 1714 1442 1770 habentur,
1481 1724 1532 1762 ut
1563 1731 1645 1761 suo
1676 1714 1786 1767 ‘loco
1836 1713 2060 1761 dicemus.
2099 1711 2187 1762 Ce-

1180 1808 1328 1846 terum
1367 1798 1425 1845 de
1448 1798 1535 1846 hac
1562 1799 1660 1861 ipsa
1678 1798 1893 1844 omnium
1917 1795 2188 1860 singillatim

1180 1890 1471 1944 peccatorum
1487 1880 1795 1935 confessione,
1827 1894 1930 1943 quae
1948 1881 2185 1942 praemitte-

1180 1962 1313 2009 batur
1354 1959 1618 2025 Baptismo‚
1654 1961 1742 2008 eff.
1787 1962 1868 2008 cit.
1902 1970 2058 2008 auctor
2091 1961 2184 2009 loe.

1180 2045 1261 2091 cit.
1284 2061 1385 2108 cap.
1414 2061 1470 2102 v,
1496 2059 1584 2090 nec
1606 2059 1702 2089 non
1723 2039 2058 2106 Albaspinaeus‚
2084 2040 2188 2089 Ob-

1178 2134 1350 2173 servat.
1393 2125 1478 2173 lib.
1528 2142 1561 2172 11
1587 2162 1600 2185 ,
1645 2141 1744 2188 cap.
1782 2141 1836 2184 1,
1882 2133 1927 2171 et
1971 2141 2067 2190 seq.
2105 2127 2186 2190 qui

1179 2207 1312 2272 plura
1341 2202 1530 2255 Patrum
1557 2207 1819 2255 testimonia
1845 2207 1896 2252 in
1934 2205 2054 2253 hanc
2087 2222 2186 2254 rem

1179 2289 1449 2351 proferunt,
1494 2303 1595 2353 quae
1629 2288 1820 2351 longum
1850 2298 1967 2335 esset
2001 2285 2078 2334 hic
2113 2275 2187 2335 re-

1179 2385 1380 2432 censere.
1401 2368 1544 2416 Nobis
1566 2371 1672 2416 satis
1702 2370 1761 2415 sit
1789 2367 2152 2416 animadvertere
2169 2405 2184 2428 ,

1179 2450 1333 2498 Patres
1369 2453 1485 2498 tanti
1527 2450 1684 2498 secisse
1722 2450 1843 2496 hanc
1894 2459 2186 2513 peecatorum

1178 2531 1528 2579 confessionem·
1582 2541 1687 2579 ante
1745 2530 2032 2594 Baptismum
2058 2568 2070 2590 ‚
2135 2542 2188 2580 ut

1179 2612 1229 2660 S.
1260 2613 1452 2660 Basilius
1489 2616 1609 2661 inter
1637 2622 1783 2661 cetera
1803 2649 1815 2670 ,
1858 2630 1959 2677 quae
1999 2612 2188 2661 adducit

1180 2695 1237 2742 ad
1255 2694 1545 2742 deterrendos
1561 2694 1912 2741 catechumenos
1926 2711 1951 2741 a
1964 2693 2186 2742 dilatione

1178 2775 1396 2840 Baptismi
1427 2791 1573 2841 usque
1615 2776 1673 2823 ad
1716 2785 1915 2823 mortem
1937 2812 1950 2833 ,
1984 2785 2030 2823 et
2066 2776 2187 2824 hanc

1177 2874 1363 2906 causam
1394 2868 1539 2921 urget,
1563 2858 1720 2905 Hom.
1757 2874 1806 2905 iv
1828 2894 1840 2917 ‚
1871 2859 1928 2904 in
1965 2866 2187 2905 sanctum

1177 2940 1435 3004 Baptisma
1456 2977 1470 2998 ,
1505 2939 1662 2987 dicens
1702 2956 1716 2988 ε
1745 2943 1803 2987 Τι’
1830 2936 2061 3001 αἰναμένεις
2098 2959 2184 2986 πυ-

1178 3026 1299 3088 ρετοό
1321 3042 1389 3070 σοι
1414 3016 1541 3087 δίε-ρον
1567 3018 1787 3080 ’γενέσθαι
1813 3017 1868 3075 τὲ
1902 3017 2182 3083 βαίττισμοι;

1180 3100 1249 3153 gre
1291 3101 1390 3152 οὐδὲ
1432 3100 1738 3166 φθέγξαιο-θαι
1784 3100 1952 3170 δοκέω-ῃ
1999 3100 2060 3151 ταὶ
2099 3124 2186 3150 ‹ra›-

1174 3185 1304 3252 rn'ptae
1359 3184 1540 3252 ῥῆμαιτοε
1546 3222 1723 3236 .........
1773 3187 1856 3248 οὸχ
1906 3187 2185 3248 ἕμολογῆσοιι

1173 3270 1414 3330 οἷο-φοιλός.
1481 3268 1533 3316 Id
1574 3276 1640 3317 est
1664 3306 1676 3328 ,
1738 3268 1876 3335 Quid
1934 3275 2182 3332 expecta-3,

1170 3359 1226 3400 ut
1248 3353 1472 3415 beneficio
1483 3351 1637 3415 febris
1667 3359 1927 3398 etmunere
1947 3349 2186 3415 baptisma

1172 3435 1385 3499 accipias
1414 3438 1439 3480 ?
1489 3431 1680 3497 quando
1739 3448 1890 3496 neque
1945 3430 2186 3478 salutaria

1172 3515 1314 3563 verba
1338 3514 1553 3581 proferre
1570 3515 1816 3581 poteris...
1852 3528 1951 3560 non
1979 3510 2184 3574 diliqen-

1178 3603 1249 3643 ter
1300 3597 1529 3660 confiteri.
1575 3597 1699 3645 Edit.
1755 3594 1907 3643 Maur.
1956 3602 2071 3640 tom.
2115 3600 2197 3650 ιη’

1179 3694 1283 3742 pag.
1319 3694 1336 3725 1
1354 3693 1427 3743 ¹9·
