2502 4186
323 165 400 225 48

995 180 1313 220 TRACTATUS
1359 183 1426 218 DE
1470 181 1736 227 BAPJrISMO
1745 207 1758 220 .

320 314 624 396 baptizatis
643 358 660 387 a
693 333 826 371 cum
841 308 1202 368 adoleverint
1221 352 1238 382 ‚
1263 305 1455 366 danda
1477 318 1564 365 est
1582 308 1820 368 facultas
1845 311 2127 388 ejusmodi
2150 314 2430 373 examinis

321 407 705 482 instituendi,
759 416 825 464 ut
869 403 1052 461 sciant
1082 423 1269 480 quare
1311 400 1585 476 credant,
1623 401 1879 482 alioquin
1915 425 2069 464 coeco
2101 429 2262 466 more
2298 454 2313 482 7
2362 429 2433 467 ex

315 508 650 584 fanatismo
680 520 745 558 ac
785 498 1189 556 enthusiasmo
1230 496 1502 569 credent,
1553 507 1612 554 et
1651 496 1840 554 solum
1887 499 2019 577 quia
2065 500 2144 557 ita
2194 501 2432 561 fuerunt

321 595 592 656 instituti.
636 596 722 653 Ne
759 592 933 673 igitur
981 590 1091 650 hoc
1121 590 1472 649 admittatur
1502 635 1518 663 ,
1578 589 1799 649 debent
1837 589 1949 648 illis
1988 593 2200 671 exponi
2242 596 2434 653 omnia

322 690 578 762 motiva:,
631 687 790 770 quod
824 685 967 745 dum
1002 687 1094 762 fit,
1133 685 1352 744 debent
1396 684 1504 765 ipsi
1544 706 1782 743 omnem
1825 707 2125 745 assensum
2166 687 2436 748 cohibere

323 807 388 845 ac
422 784 778 867 suspendere
808 830 825 857 ,
863 783 1083 858 donec,
1136 781 1407 842 omnibus
1441 782 1551 840 rite
1601 783 1903 862 perpensis
1946 805 2011 842 ac
2048 783 2121 843 de
2168 783 2438 843 omnibus

321 882 615 964 persuasi,
653 879 885 947 eliciant
910 878 1043 938 fidei
1070 889 1286 936 actum.
1309 878 1474 946 *Tum
1502 876 1720 957 poterit
1757 875 1866 935 dici
1898 877 2240 937 rationabile
2269 878 2439 938 obse-

324 969 526 1058 quium
571 974 725 1035 fidei.
774 977 875 1034 Ast
914 973 1107 1054 praxis
1150 971 1429 1049 Ecclesiae
1459 974 1731 1029 Romanae
1783 969 1924 1030 adeo
1975 971 2152 1031 distat
2207 973 2280 1031 ab
2329 973 2440 1032 hoc

324 1071 590 1131 examine
617 1115 633 1144 ‚
659 1080 726 1128 ut
744 1080 903 1128 vetet
931 1069 1286 1145 interrogare
1324 1088 1534 1148 pueros
1557 1111 1572 1139 ,
1602 1088 1736 1125 cum
1763 1065 1837 1124 ad
1875 1087 2056 1125 annos
2082 1066 2440 1127 discretionis

322 1165 740 1248 pervenerint,
775 1187 865 1223 an
905 1174 1099 1222 ratum
1132 1161 1348 1221 habere
1381 1160 1602 1235 velint,
1646 1162 1803 1242 quod
1840 1161 2055 1242 patrini
2096 1183 2296 1221 eorum
2331 1185 2442 1221 no-

323 1261 484 1319 mine
507 1258 749 1340 polliciti
780 1269 957 1338 sunt,
994 1268 1052 1315 et
1086 1257 1236 1335 cogit
1258 1255 1455 1328 eos-ad
1493 1255 1852 1316 credendum
1876 1257 1996 1316 sive
2027 1260 2287 1338 persuasi
2323 1259 2444 1317 sint

326 1356 445 1416 sive
476 1375 596 1412 non
626 1352 735 1431 (1).

413 1450 550 1507 111.
586 1449 863 1506 Nostrum
879 1445 1052 1525 igitur
1081 1455 1169 1514 est
1188 1489 1204 1519 .,
1232 1444 1526 1504 vindicare
1555 1443 1813 1504 Ecclesia:
1840 1445 2143 1522 Catholicae
2173 1447 2401 1529 praxim
2422 1493 2437 1522 ,

333 1541 698 1603 ostendendo
721 1587 736 1616 ‚
784 1540 890 1599 hos
926 1561 1134 1620 pueros
1167 1561 1288 1598 non
1318 1541 1441 1598 sine
1472 1541 1694 1599 motivo
1729 1539 1961 1599 credere
1982 1586 1997 1614 a
2034 1563 2098 1599 ac
2130 1554 2438 1624 propterea

325 1639 466 1720 ipsis
509 1635 974 1719 permittendum
1014 1657 1135 1694 non
1180 1656 1301 1693 esse
1349 1655 1594 1693 examen
1631 1633 2024 1693 dubitativum
2064 1637 2440 1696 articulorum

326 1734 481 1793 fidei.
517 1733 645 1792 Dixi
671 1734 1119 1813 dubitativymg
1151 1728 1365 1811 duplex
1404 1729 1690 1811 siquidem
1729 1750 1976 1788 examen
2015 1731 2390 1811 distinguitur
2421 1755 2435 1790 ε

330 1829 581 1889 alterum
617 1826 775 1909 quod
805 1838 1015 1886 vocant
1043 1827 1492 1891 dubitativum,
1534 1846 1667 1883 cum
1706 1846 1919 1905 nempe
1951 1846 2116 1883 mens
2148 1847 2358 1907 anceps
2384 1836 2443 1885 et

329 1945 608 2007 suspensa
646 1922 826 1981 haeret
866 1923 1012 1981 circa
1047 1922 1351 1982 veritatem
1382 1920 1620 1996 alicujus
1649 1919 1909 1992 articuli3
1959 1919 2242 1995 alterum,
2287 1921 2445 2001 quod

329 2019 632 2102 appellant
662 2020 1148 2098 confirmativum
1170 2061 1187 2092 ,
1220 2037 1352 2074 cum
1381 2015 1595 2074 scilicet
1622 2014 1840 2095 aliquid
1861 2036 1965 2094 pro
1987 2026 2142 2073 certo
2169 2014 2442 2090 habetur⁷

329 2115 432 2174 sed
465 2115 806 2194 ignorantur
847 2112 1157 2194 peculiaria
1193 2111 1410 2171 motiva
1440 2131 1539 2179 seu
1568 2109 1816 2167 rationes
1845 2110 2196 2182 intrinsecae‚
2233 2109 2444 2190 quibus

330 2209 473 2268 tales
532 2209 799 2268 veritates
837 2208 1205 2282 innituntur,
1253 2226 1360 2264 nec
1401 2204 1597 2286 prodit
1631 2202 1913 2281 ejusmodi
1959 2202 2285 2282 ignorantia
2330 2205 2444 2272 nisi

329 2305 699 2383 negationem
734 2303 1006 2361 scientiae.
1055 2302 1225 2359 Prius
1255 2321 1501 2360 examen
1541 2320 1675 2357 cum
1698 2298 1814 2357 fide
1854 2300 2165 2359 consistere
2203 2301 2439 2380 nequit,

330 2398 622 2481 posterius
650 2397 802 2457 bene
831 2396 1082 2455 cohaeret
1111 2395 1223 2476 (2).

400 2690 469 2755 (1)
506 2688 601 2737 cfr.
628 2687 716 2752 Op.
733 2690 809 2735 cui
830 2687 1015 2734 titulus:
1042 2685 1348 2734 Controverse
1428 2683 1476 2732 S.
1493 2683 1541 2732 J.
1561 2682 1801 2732 Examen
1823 2682 1940 2730 d’im
1958 2699 2165 2747 ouvraqe
2200 2684 2394 2733 intitul&
2421 2706 2436 2732 .-

324 2771 568 2837 pacifique
583 2785 670 2816 sur
684 2767 919 2815 l’autorita
949 2767 1005 2814 de
1030 2766 1061 2813 Γ
1066 2766 1115 2814 Ε
1114 2767 1235 2830 qlise
1252 2804 1265 2826 ‚
1286 2783 1348 2814 ou

329 2851 480 2899 lettres
510 2851 565 2897 de
598 2850 677 2898 Μ.
703 2849 774 2896 D.
810 2848 865 2896 C.
892 2850 922 2896 ὰ
952 2847 1151 2912 Γὸυέᾳαθ
1183 2849 1240 2895 de
1275 2848 1342 2895 P.

329 2951 441 2982 avec
478 2932 544 2980 les
563 2936 781 2997 reponses
806 2931 862 2978 de
884 2948 933 2978 ce
949 2930 1122 2995 prelat.
1156 2947 1258 2994 pag.
1287 2946 1342 2977 12

329 3026 376 3063 et
400 3018 518 3063 suiv.
550 3022 597 3062 et
622 3032 670 3078 p.
709 3012 917 3076 27.'Cfr.
943 3016 1081 3060 etiam
1113 3013 1344 3060 Dictionss

332 3098 472 3143 naire
492 3096 751 3158 historique
775 3131 787 3152 ‚
817 3105 901 3142 art.
933 3094 986 3140 F
983 3110 1099 3141 rano
1119 3093 1176 3140 de
1199 3088 1344 3140 Pom'-

325 3179 518 3243 piqnan
548 3175 963 3239 (han-Georges).
1007 3175 1076 3222 De
1108 3176 1195 3222 hac
1231 3192 1355 3222 con-f

332 3261 551 3307 troversia
575 3295 590 3317 ,
619 3258 676 3304 ab
707 3274 937 3322 anonymo
971 3256 1242 3321 philosopho
1267 3274 1343 3319 ge-

330 3342 518 3387 nevensi
566 3342 757 3387 excitata
790 3339 944 3386 seculo
1010 3338 1159 3402 elapso
1190 3375 1204 3399 ‚
1242 3338 1343 3386 fuse

328 3423 419 3486 agit
448 3421 506 3470 ad
548 3438 643 3467 rem
685 3437 813 3467 suam
856 3418 1022 3467 Gerbet
1050 3455 1063 3479 ‚
1107 3416 1201 3465 Des
1234 3419 1341 3466 doc-

330 3503 480 3549 trines
490 3500 877 3567 philosophiques
899 3517 984 3548 sur
1001 3500 1048 3547 Ia
1077 3499 1304 3548 certitudo
1319 3535 1336 3560 ,

329 3583 465 3648 chap.
485 3571 584 3644 vni,
603 3601 709 3648 pag.
738 3581 828 3650 175
848 3593 891 3631 et
904 3582 1164 3648 seqq.Paris
1189 3578 1335 3630 1826.

329 3664 562 3714 Adversus
593 3665 846 3732 quem-cfr.
869 3663 923 3714 P.
946 3663 996 3714 J.
1022 3662 1077 3713 L.
1103 3663 1336 3727 Rozaven,

1428 2764 1523 2815 Des
1560 2765 1798 2813 doctrines
1832 2765 2223 2831 philosophiques
2259 2783 2346 2814 sur
2389 2767 2438 2815 la

1428 2846 1672 2904 certitudo,
1709 2847 1846 2912 chap.
1880 2864 1974 2903 vu,
2008 2845 2209 2912 pag.341
2241 2858 2284 2896 et
2303 2862 2437 2915 seqq.

1429 2929 1641 2993 Avignon
1674 2926 1823 2977 1831.

1495 3012 1565 3075 (2)
1611 3011 1678 3059 Ex
1730 3012 1801 3058 his
1863 3011 2159 3074 intelligimus
2221 3012 2438 3076 prudenti

1435 3094 1626 3141 omnino
1675 3092 1868 3140 consilio
1918 3096 2110 3140 nonita
2150 3095 2327 3158 pridem
2379 3093 2437 3141 ab

1426 3174 1777 3239 Arcliiepiscopo
1859 3175 2125 3222 Coloniensi
2220 3174 2438 3222 adversus

1425 3256 1664 3321 gliscentes
1699 3259 1923 3303 novitates
1967 3257 2088 3304 hanc
2121 3256 2283 3302 thesim
2318 3257 2435 3303 inter

1426 3348 1594 3386 ceteras
1638 3338 2012 3385 subscribendam
2042 3336 2160 3384 clero
2208 3353 2290 3382 suo
2333 3353 2438 3399 pro-

1424 3422 1681 3483 popositam
1710 3437 1835 3476 esse,
1868 3435 1969 3483 quae
2005 3435 2052 3464 n.
2098 3433 2115 3462 1
2151 3426 2253 3464 est:
2286 3416 2438 3464 Credo

1424 3512 1468 3550 et
1503 3504 1725 3566 confiteor
1745 3502 2062 3550 damnabilem
2086 3517 2181 3547 esse
2211 3518 2434 3562 errorem,

1425 3586 1471 3631 si
1501 3586 1609 3649 quis
1636 3601 1797 3632 numum
1828 3599 2059 3632 rosmvtm
2086 3590 2314 3646 tanquam
2350 3583 2434 3630 ha-

1422 3667 1516 3714 sim
1532 3666 1688 3715 omnis
1705 3664 1970 3731 theoloqicae
1993 3665 2330 3730 inquisitionis
2354 3662 2431 3727 fa-
