2502 4186
537 275 659 312 off.
710 274 751 310 1.
804 275 872 311 nn
916 267 1194 312 vmm'rs
1235 268 1622 322 sacasani-17
1664 270 1784 307 Em.
2103 246 2219 310 379

190 413 288 471 28.
336 411 422 471 Ad
477 411 540 471 id
586 434 723 474 vero
743 458 759 487 7
803 412 961 495 quod
995 411 1258 472 subdunt
1283 432 1354 477 ex
1384 409 1681 492 Apostolo7
1710 409 1891 470 facilis
1920 411 2220 492 responsio

108 517 272 589 patet
303 529 319 585 3
347 508 655 567 mundavit
681 508 840 567 enim
865 507 1127 567 Christus
1155 505 1464 565 Ecclesiam
1497 521 1663 564 suam
1687 505 1750 563 in
1774 507 2219 585 regeneratione

0 663 1 666 ,
105 623 213 684 per
235 602 558 682 ingressum
576 601 652 661 ad
678 603 860 662 vitam
876 600 1257 684 spiritualem.
1285 601 1374 659 Sic
1402 600 1602 675 etiam7
1628 600 1729 682 qui
1753 599 2088 676 crediderit,
2104 601 2213 661 sal-

105 719 214 758 vus
252 699 402 771 erit,
441 698 488 756 si
525 695 702 756 fidem
741 709 941 756 tamen
973 707 1033 756 et
1067 695 1348 775 gratiam7
1385 710 1562 775 quam
1599 715 1705 775 per
1740 696 2104 777 Baptismum
2128 706 2217 756 est

107 802 446 852 consecutus
466 835 484 865 7
513 790 786 872 operibus
808 802 1037 867 teneat,
1070 801 1136 849 ut
1164 789 1424 871 loquitur
1457 791 1517 848 S.
1550 778 1859 869 Gregorius
1890 791 1968 849 M.

184 887 284 945 29.
333 884 463 963 Obj.
496 885 769 946 secunda.
802 887 863 944 1⁰
888 889 1093 947 Patres
1110 885 1513 944 remissionem
1543 895 1917 965 peccatorum
1945 886 2216 946 omnium

103 982 208 1039 uni
242 980 536 1061 Baptismo
558 993 854 1063 acceptam
880 980 1095 1062 passim
1123 979 1424 1052 referuntt,
1467 967 1924 1040 luculentissime
1962 978 2024 1038 id
2049 980 2218 1041 docet

102 1076 262 1134 inter
295 1086 516 1134 ceteros
548 1077 604 1134 S.
631 1075 983 1155 Augustinus
1004 1120 1020 1150 .,
1045 1074 1149 1156 qui
1174 1073 1432 1134 scribens
1467 1072 1544 1135 ad
1577 1073 1941 1134 Bonifacium
1968 1095 1981 1130 ε
2022 1074 2217 1153 Quid--

101 1171 290 1249 quid,
313 1169 505 1250 inquit
523 1213 539 1243 7
571 1171 656 1228 ab
670 1173 755 1228 eis
768 1204 795 1240 ,2
815 1173 1078 1249 quipost
1098 1179 1407 1249 acceptum
1434 1170 1825 1249 Baptismum
1849 1169 1947 1227 hie
1971 1172 2214 1241 vivunt,

101 1266 457 1343 infirmitate
508 1264 783 1323 humana
837 1265 1218 1323 contrahitur
1265 1279 1794 1343 quarumcumque
1846 1265 2171 1344 culparum
2193 1306 2214 1336 ,

91 1370 344 1439 propter
376 1364 578 1438 ipsum
607 1360 923 1418 lavacrum
950 1360 1289 1421 dimittitur
1321 1358 1433 1440 (l).
1475 1360 1546 1417 Et
1571 1358 1780 1418 clarius
1806 1357 1997 1418 adhuc
2019 1403 2035 1433 7
2061 1357 2162 1418 lib.
2191 1359 2217 1418 1

102 1456 195 1513 De
237 1459 476 1533 nuptias
496 1496 511 1520 ‚
534 1451 636 1511 ubi
669 1452 927 1534 Apostoli
965 1452 1183 1512 dictum
1219 1475 1233 1512 :
1274 1454 1549 1514 Christus
1571 1455 1783 1512 dilectit
1804 1454 2213 1535 Ecclesiam...

103 1550 412 1608 mundans
445 1550 682 1608 lavaero
728 1569 901 1628 aquoe
919 1591 949 1620 ,.
984 1549 1064 1607 sic
1106 1547 1510 1630 accipiendum·
1555 1569 1679 1607 esse
1723 1548 2026 1608 contendit
2068 1570 2082 1606 z
2141 1549 2219 1608 Ut

101 1645 294 1702 eodem
338 1645 577 1703 lavacro
630 1646 1092 1723 reqenerationis
1142 1653 1199 1700 et
1237 1643 1412 1701 verbo
1462 1644 1954 1721 sanctificationis
2006 1647 2215 1702 omnia

84 1760 340 1818 prorsus
370 1741 534 1798 mala
559 1739 876 1796 hominum
904 1747 1390 1817 reqmzeratorum
1413 1737 1792 1796 mundentur
1810 1747 1984 1817 atque
2003 1758 2215 1796 sanen-

96 1843 232 1905 tur,
275 1854 396 1892 non
435 1834 625 1892 solum
644 1842 915 1911 peccata,
937 1854 1073 1912 qwoe
1097 1835 1306 1891 omnia
1333 1853 1504 1892 nunc
1530 1836 1930 1892 remittuntur
1949 1831 2020 1891 in
2040 1833 2213 1912 Bap-

93 1931 265 1986 tismo
277 1971 301 1999 ,
328 1928 619 1986 sedetiam
636 1948 771 2006 quae
781 1933 1081 2006 posterius
1099 1929 1375 1986 humana
1390 1930 1742 2007 ignorantia
1757 1929 1848 1987 vel
1859 1928 2214 2006 infirmitate

93 2023 541 2081 contrahuntur
571 2047 588 2080 .·
625 2043 748 2080 non
784 2032 855 2079 ut
875 2023 1220 2101 Baptisma,
1242 2026 1512 2100 quotiens
1524 2033 1818 2100 peccatur
1834 2065 1855 2093 ,
1887 2030 2094 2082 totiens
2118 2044 2213 2080 re·-

91 2127 369 2196 petatur,
414 2117 518 2175 sed
549 2120 696 2195 quia
737 2121 867 2195 ipso
884 2158 910 2186 ,
946 2117 1105 2194 quod
1138 2118 1313 2175 semel
1354 2117 1574 2187 datur,
1603 2118 1674 2194 sit
1690 2159 1713 2188 ,
1765 2128 1837 2175 ut
1861 2138 1982 2176 non
2019 2119 2212 2176 solum

93 2221 272 2270 antea
288 2254 308 2282 ,
340 2231 550 2270 verum
575 2215 756 2268 etiam
778 2220 982 2289 postea
1008 2212 1414 2290 quorumlibet
1430 2222 1816 2290 peecatorum
1857 2216 2034 2270 venia
2052 2212 2213 2290 fide-

93 2308 254 2364 libus
273 2312 628 2385 impetretur
651 2305 740 2386 (2)
761 2349 776 2378 7
804 2315 863 2363 et
882 2304 1018 2363 alibi
1033 2325 1202 2387 saepe.
1231 2306 1298 2363 2⁰
1315 2305 1463 2364 Hinc
1487 2307 1545 2364 S.
1580 2304 1919 2385 Fulgentius
1946 2310 2067 2384 ejus
2091 2304 2212 2365 dis-

93 2400 319 2479 cipulus
338 2445 353 2474 7
391 2401 452 2458 in
482 2398 582 2459 lib.
619 2401 707 2459 De
720 2400 838 2478 fide
876 2401 962 2458 ad
997 2401 1247 2459 Petrum
1267 2443 1290 2471 ,
1333 2399 1594 2482 appellat
1616 2402 1980 2481 Baptismum
1997 2401 2212 2459 Sacra-

87 2506 360 2554 mentum
372 2496 520 2572 fidei
535 2506 590 2553 et
602 2495 982 2554 Poenitentioe
997 2494 1105 2576 (3).
1135 2498 1271 2555 Post
1286 2495 1436 2554 clara
1451 2496 1596 2555 adeo
1614 2498 1853 2555 Patrum
1876 2496 2208 2556 testimonia

82 2594 206 2668 jam
245 2601 446 2671 patet7
496 2588 562 2647 30
607 2589 749 2670 quid
788 2589 1162 2648 sentiendum
1190 2591 1266 2648 sit
1305 2590 1377 2652 de
1412 2590 1847 2649 catholicorum
1890 2591 2057 2670 nugis
2081 2637 2097 2666 7
2133 2590 2208 2650 de

92 2686 362 2743 distincta
393 2705 607 2765 nempe
642 2686 882 2743 materia
906 2730 920 2759 7
945 2686 1162 2761 forma,
1188 2697 1294 2744 ete.
1339 2705 1464 2766 quae
1487 2730 1502 2759 7
1531 2686 1754 2756 etiamsi
1788 2686 2056 2744 distincta
2090 2686 2208 2744 sint

96 2779 159 2835 in
198 2780 493 2859 Baptismo
525 2791 585 2837 et
607 2780 982 2853 Poenitentia7
1025 2779 1099 2839 ad
1119 2802 1302 2839 unum
1330 2791 1528 2839 tamen
1555 2779 1831 2861 idemque
1864 2781 2207 2840 Sacramen-

92 2882 219 2930 tum
241 2873 440 2932 referri
465 2885 709 2954 possunt
728 2919 744 2948 7
769 2875 853 2932 uti
877 2875 1063 2956 reipsa
1089 2874 1163 2933 ad
1187 2873 1345 2934 idem
1374 2875 1815 2934 Sacramentum
1836 2874 2207 2935 Eucharistiae

92 2968 424 3026 referuntur
460 2967 728 3027 distincta
765 2971 1006 3029 materia
1031 3016 1046 3046 7
1088 2970 1270 3028 forma
1302 2981 1362 3028 et
1389 2968 1669 3049 symbola.
1705 2970 1875 3049 ErgO.

176 3062 273 3120 30.
324 3064 495 3144 Resp.
524 3062 614 3121 Ad
640 3064 718 3122 1m
736 3109 753 3138 7
778 3065 934 3124 Dist.
960 3065 1267 3147 Acceptam
1289 3063 1552 3123 referunt
1571 3065 1771 3122 Patres
1795 3064 2201 3124 remissionem

92 3168 462 3237 peccatorum
489 3158 753 3216 omnium
776 3160 1070 3240 Baptismo
1092 3170 1375 3241 tanquam
1403 3180 1584 3218 causae
1606 3170 1846 3218 remotae
1872 3159 2203 3218 necessario

91 3252 496 3333 praerequisitae
547 3252 1032 3333 subsequentibus
1078 3254 1276 3313 salutis
1326 3254 1592 3313 subsidiis
1621 3300 1636 3329 7
1679 3275 1838 3312 cone.
1861 3278 1881 3320 ,-
1915 3267 2201 3335 tanquam

90 3368 270 3406 causae
294 3348 571 3427 proximae
598 3358 656 3406 et
677 3347 906 3407 formali
925 3393 940 3422 7
972 3348 1211 3408 exclusis
1238 3350 1621 3408 Sacramentis
1651 3349 1886 3430 reliquis
1910 3370 1975 3408 ac
1997 3347 2203 3408 salutis.

90 3440 359 3500 subsidiis
379 3487 394 3516 7
420 3464 550 3522 neq.
584 3442 772 3501 Aliam
797 3464 918 3501 non
949 3465 1071 3503 esse
1092 3446 1396 3525 Augustini
1425 3457 1686 3505 mentem
1707 3445 1768 3504 in
1798 3444 2033 3523 objectis
2058 3444 2199 3502 locis

90 3547 315 3595 constat
344 3558 411 3595 ex
440 3536 526 3613 iis,
546 3559 673 3619 quae
697 3536 918 3598 ibidem
943 3532 1166 3616 adjecit.
1198 3543 1347 3600 Nam
1370 3542 1429 3600 in
1463 3542 1660 3622 Epist.
1690 3543 1774 3599 ad
1798 3543 2198 3618 Bomfaeium

155 3701 224 3763 (l)
268 3699 428 3765 Epist.
460 3718 665 3760 cmxxxv,
704 3719 806 3767 cap.
827 3719 878 3767 9,
905 3684 956 3751 n.
984 3703 1063 3769 39.
1249 3705 1311 3769 (3)
1352 3706 1465 3770 Cap.
1493 3706 1577 3754 30.

161 3779 227 3845 (2)
264 3781 373 3846 Cap.
408 3784 470 3832 33
493 3821 505 3844 ,
540 3802 585 3833 n.
611 3781 690 3831 38.
