2502 4186
277 199 397 262 478
947 214 1275 256 ’ruscum-us
1318 213 1390 253 nu
1431 215 1822 255 romu-nuru.

276 387 412 427 rum
453 360 775 422 Praesulum
801 357 1196 438 jurisdictioni
1235 358 1482 418 minime
1520 334 1596 419 sil:
1628 357 1922 438 subjecta,
1956 361 2036 421 ita
2063 375 2130 423 ut
2165 364 2239 425 ab
2272 366 2412 449 ipsis

277 469 533 542 nequeat
567 455 847 516 coarctari
877 454 954 514 ad
994 454 1201 537 populi
1238 452 1541 513 christiani
1616 454 1947 537 isciplinam
1977 466 2038 515 et
2074 457 2415 540 religionem

276 552 741 616 conservandam
766 596 782 626 ,
837 554 1001 629 cujus
1038 571 1174 610 cura
1225 550 1507 632 primario
1633 572 1808 610 mano
1850 552 2118 612 Pontifici
2148 599 2164 629 ‚
2211 567 2270 615 et
2306 557 2437 617 sub·

277 654 405 735 ipso
443 649 735 732 Episcopis
759 692 776 725 ,
811 659 871 707 et
899 645 1037 707 dein
1065 645 1335 728 parochis
1363 646 1695 707 concredita
1726 659 1836 709 est.

358 743 500 810 277.
545 747 835 820 Quoniam
853 743 926 804 de
951 744 1216 803 Ministro
1248 743 1620 804 Poenitentiae
1648 743 1826 806 verba
1845 745 2086 806 fecimus
2110 792 2125 822 ,
2157 769 2280 806 non
2315 746 2418 809 abs

277 866 344 906 re
377 865 502 904 esse
537 853 815 926 putamus
856 839 1039 902 verba
1079 838 1361 919 suincere
1405 841 1605 920 Magni
1640 842 1901 922 Gregorii
1943 842 2154 924 quibus
2191 844 2419 903 anima-

277 962 410 999 rum
438 950 737 1022 pastorem
773 937 1048 1011 instruit,
1080 957 1195 1017 qua
1230 936 1458 995 ratione
1495 958 1629 1017 erga
1661 949 1995 1019 peccatores
2023 938 2097 998 ad
2127 961 2189 999 se
2221 939 2421 998 confu-

223 1037 518 1136 gientes
530 1056 591 1095 se
628 1045 832 1113 gerat·
864 1033 1109 1093 Necesse
1136 1042 1254 1107 est
1293 1032 1531 1114 inquit,
1571 1043 1644 1092 ut
1675 1055 1816 1092 cum
1836 1039 2079 1114 peccati
2103 1037 2324 1095 vulnus
2349 1040 2420 1096 in

223 1105 538 1193 subditis
575 1129 928 1212 corriqendo
966 1131 1389 1209 restrinyitur,
1434 1150 1664 1210 maqna
1700 1152 1756 1190 se
1797 1131 2204 1190 sollicitudine
2235 1134 2419 1190 etiam

276 1230 574 1288 districtio
606 1232 743 1308 ipsa
776 1226 1155 1297 moderetur,
1192 1234 1492 1304 quatenus
1519 1229 1608 1284 sic
1622 1248 1788 1307 yura
1815 1228 2162 1306 disciplina}
2206 1238 2420 1287 contra

275 1326 686 1404 delinquentes
705 1331 995 1394 exerceat,
1018 1331 1091 1380 ut
1091 1322 1342 1401 pietatis
1357 1325 1585 1381 viscera
1605 1343 1727 1381 non
1755 1328 2018 1381 amittat.
2047 1322 2415 1382 Curandum

275 1425 500 1501 quippe
516 1430 630 1487 est,
666 1429 739 1479 ut
769 1429 1054 1479 rectorem
1082 1418 1345 1477 subditis
1359 1461 1380 1490 ,
1427 1428 1485 1477 et
1529 1429 1787 1478 matrem
1826 1422 2054 1499 pietas,
2086 1428 2144 1477 et
2176 1428 2423 1499 patrem

275 1518 554 1576 exhibeat
575 1517 979 1596 disciplina...
1015 1514 1332 1576 Miscenda
1361 1535 1493 1595 erqo
1532 1525 1616 1573 est
1641 1517 1860 1574 lenitas
1895 1537 2040 1575 cum
2083 1519 2421 1582 severitate,-

270 1615 632 1694 faciendum
672 1611 980 1692 quoddam
1026 1632 1099 1670 ex
1152 1621 1402 1690 utroque
1451 1621 1994 1692 temperamentum
2029 1654 2054 1683 ,
2119 1621 2190 1669 ut
2234 1631 2423 1690 neque

278 1711 475 1769 multa
506 1713 829 1788 asperitate
860 1708 1288 1766 exulcerentur
1306 1708 1541 1766 subditi
1559 1751 1579 1779 ,
1612 1730 1803 1787 neque
1827 1711 2030 1767 nimia
2054 1709 2423 1788 heniqnitate

278 1807 610 1866 solvantur.
649 1803 825 1883 Quod
839 1807 1033 1881 juata
1063 1802 1261 1861 Pauli
1275 1823 1485 1862 vocem
1521 1805 1665 1862 hene
1701 1806 1814 1862 illa
1851 1806 2239 1863 tabernaculi
2257 1804 2425 1864 Arca

192 1957 202 1960 ,
278 1901 619 1981 siqnificat,
651 1903 722 1956 in
745 1919 866 1976 qua
895 1918 1036 1956 cum
1073 1899 1302 1956 tabulis
1331 1904 1508 1977 virya
1532 1900 1800 1956 simulet
1833 1921 2066 1958 manna
2099 1910 2215 1972 est·
2273 1902 2423 1979 quia

278 2017 421 2056 cum
451 1997 790 2074 Scripturoe
834 2013 1023 2052 sacroe
1061 1995 1317 2051 scientia
1367 1996 1439 2052 in
1492 1994 1640 2051 boni
1687 1999 1934 2053 rectoris
1977 2007 2214 2074 pectore
2252 1999 2312 2054 si
2342 2005 2428 2054 est
2487 2038 2489 2042 .

282 2098 456 2172 virqa
485 2091 930 2162 districtionis,
971 2094 1053 2149 sit
1079 2101 1135 2148 et
1167 2110 1405 2148 manna
1433 2090 1792 2149 dulcedinis.
1833 2091 2007 2149 Hinc
2038 2091 2248 2151 David
2273 2095 2366 2150 ait
2404 2115 2425 2150 .·

291 2191 481 2269 Vir9a
507 2199 616 2247 tua
640 2198 697 2246 et
718 2188 977 2247 baculus
1005 2197 1149 2245 tuus
1169 2231 1185 2260 ,
1226 2189 1364 2266 ipsa
1388 2207 1479 2245 me
1513 2186 1814 2245 consolata
1839 2197 2000 2246 sunt.
2043 2187 2231 2267 Virqa
2261 2191 2427 2246 enim

270 2286 665 2366 percutimur
685 2328 702 2360 ,
729 2284 943 2343 haculo
974 2292 1410 2341 sustentamur.
1447 2283 1522 2341 Si
1558 2303 1693 2362 erqo
1733 2292 1817 2341 est
1852 2285 2155 2343 districtio
2196 2288 2382 2364 virqoe
2400 2327 2424 2356 ,

280 2405 416 2462 quoe
445 2383 675 2462 feriat,
711 2385 791 2440 sit
823 2391 878 2439 et
918 2381 1237 2438 consolatio
1282 2381 1531 2451 baculi,
1563 2397 1713 2459 ‘quoe
1755 2390 2053 2439 sustentet.
2098 2381 2193 2439 Sit
2222 2383 2427 2460 itaque

281 2500 486 2550 amor,
522 2479 626 2537 sed
665 2499 790 2536 non
826 2477 1130 2535 emolliens
1144 2499 1167 2542 ,·
1202 2479 1284 2534 sit
1327 2480 1532 2555 vifJor,
1578 2477 1683 2534 sed
1715 2497 1838 2535 non
1883 2497 2290 2556 exasperans;
2342 2481 2422 2536 sit

281 2577 477 2646 zelus,
521 2575 625 2632 sed
658 2594 778 2632 non
830 2572 1222 2630 immoderate
1272 2576 1555 2639 saeviens-‚-
1589 2575 1671 2631 sit
1690 2577 1928 2655 pietas,
1965 2575 2071 2632 sed
2094 2594 2217 2631 non
2247 2573 2427 2651 plus-

281 2692 470 2751 quam
504 2671 783 2750 eapediat
798 2712 819 2740 ,
837 2689 1104 2748 parcens
1133 2666 1413 2746 (1).Haec
1436 2667 1677 2750 quidem
1703 2668 1778 2727 ad
1805 2670 2135 2727 animarum
2161 2678 2424 2749 pastores
2495 2660 2501 2664 ’

283 2768 339 2826 S.
374 2765 707 2846 Gregorius,
756 2766 814 2823 S.
847 2764 1129 2823 Pacianus
1177 2755 1320 2825 vero
1354 2765 1435 2823 sic
1475 2775 1806 2846 peccatores
1853 2765 2007 2846 ipsos
2046 2763 2372 2845 alloquitur
2403 2783 2418 2820 ε

286 2862 414 2922 Nec
439 2866 782 2945 'quisquam
815 2862 959 2919 adeo
987 2864 1350 2940 peccatricis
1392 2866 1622 2919 animoe
1654 2863 1883 2919 vilitate
1923 2862 2223 2939 desperet,
2261 2868 2335 2918 ut
2362 2880 2420 2918 se

265 2962 411 3037 jam
457 2979 578 3016 non
628 2961 1039 3028 necessarium
1093 2957 1216 3016 Deo
1256 2956 1478 3015 credat.
1529 2956 1855 3016 Neminem
1899 2966 2176 3015 nostrum
2222 2958 2424 3035 perire

284 3055 418 3112 vult
457 3054 800 3126 Dominus,
835 3054 1019 3110 etia-m
1063 3052 1292 3110 modici
1332 3063 1388 3110 et
1427 3055 1680 3111 minimi
1719 3055 2147 3132 requiruntur.
2187 3053 2262 3111 Si
2302 3072 2422 3110 non

282 3151 565 3222 creditis,
599 3151 971 3220 intuemini,
1001 3169 1125 3207 ecoe
1164 3151 1233 3206 in
1266 3148 1597 3229 Evanqelio
1633 3150 1929 3208 drachma
1961 3152 2333 3228 requiritur,
2370 3157 2425 3206 et

285 3247 504 3303 vicinis
536 3249 779 3303 inventa
805 3255 1185 3304 monstratur
1224 3246 1497 3317 ovicula,
1533 3229 1859 3325 suppositis
1896 3244 2267 3324 reportanda
2290 3263 2422 3302 cer-

285 3342 558 3412 vicibus,
601 3361 724 3398 non
754 3351 840 3399 est
868 3361 1115 3399 onerosa
1138 3345 1399 3420 pastori.
1450 3342 1650 3421 Super
1679 3362 1880 3409 unum
1903 3351 2271 3420 peccatorem
2289 3359 2420 3418 poe·

289 3438 612 3497 nitentiam
645 3446 914 3516 agentem
947 3441 1017 3495 in
1046 3438 1206 3497 coelis
1238 3436 1462 3518 Angeli
1488 3437 1763 3518 qaudent
1774 3479 1799 3509 ,
1842 3447 1898 3495 et
1924 3436 2142 3496 chorus
2179 3435 2421 3494 caelestis

331 3753 422 3817 ἑ(1)
459 3751 654 3816 Requloe
661 3751 895 3819 pastoral.
916 3762 1036 3818 part.
1058 3769 1107 3814 u,
1128 3770 1233 3819 cap.
1249 3717 1318 3815 6,
1409 3740 1523 3804 edit.
1554 3753 1708 3805 Maur.
1740 3763 1853 3804 tom.
1884 3760 1916 3803 ii
1939 3790 1953 3814 ‚
1985 3770 2090 3819 pag.
2117 3752 2200 3800 23.
