2502 4186
243 207 245 211 .
261 157 380 220 336
901 177 1221 219 'rums-rus
1263 181 1333 218 ms
1376 181 1776 222 uucnsms'ru.

263 324 515 387 sentiam
541 320 815 381 Sacrificii
839 341 941 379 seu
971 341 1095 380 esse
1119 332 1353 400 partem
1377 322 1753 382 essentialem
1777 325 2045 385 Sacrificii
2063 371 2079 401 ‚
2108 326 2352 386 asseruit
2375 369 2393 401 ‚

262 421 469 507 populi
504 415 984 477 communionem
1020 426 1252 498 partem
1292 417 1667 477 essentialem
1697 419 2049 480 constituere
2094 422 2389 482 Sacrificii.

261 513 517 577 Sublatis
551 511 726 591 igitur
767 510 1070 593 principiis
1095 556 1111 587 ‚
1143 513 1438 572 evanescit
1464 512 1842 573 corollarium
1875 513 2013 573 inde
2037 514 2350 578 deductum
2378 564 2394 594 .,

262 604 764 694 'quemadmodum
793 627 997 666 everso
1029 605 1416 666 fundamento
1459 609 1677 667 corruit
1701 608 2026 670 aedificium.

344 703 486 764 364.
537 703 672 761 Haec
697 712 897 761 autem
921 702 1345 762 confirmantur
1373 725 1446 761 ex
1468 702 1735 763 doctrina
1763 705 2001 764 Concilii
2035 706 2395 783 Tridentini,

258 801 404 861 dum
431 799 602 860 docet
629 842 646 874 3
667 797 945 859 eumdem
968 819 1129 858 nunc
1163 821 1287 860 esse
1311 798 1658 858 offerentem
1682 800 1982 859 Christum
2021 802 2400 863 Sacerdotum

227 895 630 968 .ministerio;
674 895 738 952 in
773 892 1087 975 hypothesi
1133 907 1334 955 autem
1370 894 1841 954 adversariorum
1874 896 2169 957 debuisset
2210 885 2402 971 dicere

223 1053 227 1056 .
265 989 621 1054 Concilium:
646 992 705 1050 F
706 991 962 1050 idelium
982 992 1365 1050 adstantium
1385 1012 1527 1049 cum
1546 992 1855 1050 Sacerdote
1874 997 2230 1052 ministerio,
2250 992 2403 1053 Alibi

263 1089 424 1150 idem
447 1085 804 1164 Concilium,
842 1106 970 1145 can.
1011 1085 1227 1146 scilicet
1266 1088 1353 1161 II7
1393 1108 1532 1146 sess,
1567 1087 1762 1161 XXII,
1801 1085 2069 1147 definivit
2109 1110 2123 1146 ε
2157 1091 2229 1148 Si
2270 1097 2403 1169 quis

260 1187 535 1256 dixerit,
564 1184 690 1241 illis
736 1183 933 1240 verbis
967 1207 985 1240 .·
1026 1183 1159 1241 Hoc
1193 1185 1380 1261 facite
1414 1187 1487 1241 in
1521 1204 1714 1240 meam
1747 1190 2401 1259 commemorationem,

272 1283 584 1342 Christum
608 1299 732 1337 non
757 1280 1092 1336 instituisse
1108 1279 1409 1356 Apostolos
1426 1279 1798 1355 Sacerdotes,
1825 1290 1938 1337 aut
1955 1301 2078 1338 non
2095 1282 2405 1341 ordinasse

265 1387 338 1437 ut
366 1379 492 1456 ipsi
511 1376 738 1453 aliique
764 1374 1091 1433 sacerdotes
1115 1374 1396 1452 offerrent
1438 1373 1670 1455 Corpus
1697 1386 1752 1434 et
1781 1377 2157 1456 Sanguinem
2181 1399 2366 1436 suum
2380 1420 2402 1450 ,

267 1472 597 1532 anathema
618 1474 722 1529 sit.
762 1470 1020 1529 Tantum
1063 1469 1239 1548 igitur
1286 1467 1486 1544 abest,
1529 1480 1594 1528 ut
1625 1470 1762 1530 fidei
1803 1470 2014 1551 dogma
2049 1472 2162 1548 sit,
2202 1467 2402 1533 fideles

265 1569 455 1628 Missae
476 1565 776 1626 adstantes
809 1586 979 1624 veros
1006 1565 1361 1647 proprieque
1381 1564 1564 1624 dictos
1595 1587 1660 1625 ac
1696 1567 2068 1627 immediatos
2097 1591 2223 1628 esse
2255 1569 2405 1628 offe-

265 1674 463 1726 rentes
485 1708 503 1727 .
527 1660 1031 1744 quemadmodum
1068 1660 1388 1722 adversarii
1426 1672 1740 1721 autumant
1760 1708 1776 1734 ,
1824 1675 1892 1722 ut
1940 1663 2078 1724 fidei
2107 1664 2404 1725 catholicae

265 1759 328 1819 id
364 1781 606 1843 prorsus
640 1758 1004 1830 adversetur.
1660 1842 1662 1844 v

349 1855 490 1914 365.
549 1854 821 1929 Accedit,
865 1849 1024 1935 quod
1061 1854 1108 1912 si
1140 1852 1341 1913 fideles
1371 1866 1569 1914 essent
1607 1856 1844 1938 proprie
1877 1855 2016 1916 dicti
2054 1857 2365 1917 offerentes
2386 1903 2401 1932 ,

265 1950 501 2011 eosdem
520 1950 643 2009 fore
659 1971 828 2009 veros
846 1948 1206 2023 SacerdoteS‚
1228 1969 1363 2006 cum
1383 1970 1454 2008 ex
1471 1949 1733 2010 doctrina
1758 1952 2039 2032 Apostoli.
2061 1953 2238 2012 Hebr.
2252 1953 2322 2027 V,
2348 1954 2402 2013 l.

266 2047 478 2107 offerre
518 2046 795 2105 sacrificia
820 2056 881 2104 et
908 2066 1154 2104 munera
1181 2044 1256 2103 sit
1285 2044 1541 2103 officium
1576 2046 1883 2127 proprium
1926 2047 2251 2106 Sacerdotis
2280 2092 2295 2120 a
2330 2047 2408 2106 ad

265 2142 424 2226 quod
448 2164 518 2202 ex
545 2139 885 2200 hominibus
912 2141 1230 2200 assumitur
1254 2160 1319 2199 ac
1348 2161 1457 2222 pro
1482 2139 1820 2200 hominibus
1848 2142 2242 2201 constituitur.
2274 2144 2405 2202 Tri·-

264 2238 447 2298 buere
484 2249 682 2297 autem
722 2236 991 2296 fidelibus
1036 2235 1196 2294 laicis
1231 2235 1622 2295 sacerdotium
1655 2238 1890 2319 proprie
1924 2238 2184 2315 dictum,
2215 2238 2407 2299 haere-

269 2335 450 2394 ticum
494 2345 581 2394 est
611 2344 788 2416 atque
813 2354 847 2391 a
884 2331 1230 2392 Tridentino
1262 2331 1640 2393 anathemate
1669 2334 1986 2393 confixum.

1092 2525 1588 2571 DIFFICULTATES.

294 2644 493 2751 ''i-366.
543 2654 674 2735 Obj.
718 2654 992 2734 Liturgiae
1018 2652 1305 2715 exhibent
1335 2654 1690 2713 Sacrificium
1722 2653 1886 2715 velut
1913 2654 2205 2713 actionem
2243 2676 2406 2714 com-

270 2742 514 2829 munem
537 2750 756 2834 populo
780 2750 1035 2810 adstanti
1061 2762 1121 2810 et
1143 2749 1460 2810 Sacerdoti.
1491 2749 1714 2809 Ceteris
1758 2751 1919 2809 enim
1963 2752 2186 2809 omissis
2202 2796 2218 2825 ‚
2258 2753 2319 2810 10
2340 2753 2406 2810 in

269 2848 503 2928 liturgia
531 2850 794 2908 Romana
815 2845 1028 2925 legitur
1059 2868 1071 2904 :
1113 2846 1436 2925 offerimus
1466 2846 1617 2917 tibi,
1648 2847 1943 2918 Domine,
1975 2849 2226 2905 calicem
2248 2849 2409 2906 salu-

270 2948 500 3004 taris...
546 2945 647 3003 Sic
674 2944 789 3022 fiat
827 2943 1220 3022 Sacrificium
1245 2951 1522 3000 nostrum
1557 2945 1627 2998 in
1665 2952 1978 3020 conspectu
2021 2953 2121 3000 tuo
2159 2943 2401 3001 hodie...

275 3042 479 3112 Orate,
491 3043 742 3118 fratres,
762 3050 1047 3096 utmeum
1069 3059 1143 3096 ac
1162 3046 1424 3094 vestrum
1441 3036 1828 3115 Sacrificium
1844 3039 2204 3116 acceptabile
2219 3038 2402 3115 fiat...

269 3137 658 3214 Sacrificium
678 3135 882 3192 laudis
900 3177 921 3205 ,
958 3133 1122 3212 quod
1141 3132 1260 3189 tihi
1294 3132 1630 3210 offerimus,
1659 3139 1745 3191 vel
1785 3136 1947 3212 quod
1979 3135 2095 3192 tihi
2120 3134 2405 3213 offerunt,

269 3241 375 3288 etc.
421 3230 569 3309 Ergo
607 3228 807 3287 fideles
844 3228 1145 3288 adstantes
1181 3247 1317 3285 vere
1366 3238 1424 3285 et
1471 3228 1708 3309 proprie
1753 3228 2049 3304 offerunt,
2094 3228 2407 3288 immolant

271 3337 450 3408 atque
479 3325 844 3398 sacrificant,
894 3334 1071 3405 prout
1115 3323 1294 3381 etiam
1334 3323 1403 3378 '20
1445 3322 1613 3383 docet
1664 3326 1992 3385 Bossuetius
2031 3326 2095 3383 in
2135 3325 2405 3385 Methodo

271 3421 590 3480 assistendi
601 3420 819 3479 splissoe
843 3420 955 3499 (1);
986 3417 1145 3501 quod
1166 3417 1405 3499 quidem
1424 3419 1678 3497 cohaeret
1692 3423 1937 3480 Patrum
1954 3420 2232 3480 doctrinae
2251 3420 2406 3477 inter

343 3612 409 3674 (l)
446 3611 501 3659 In
518 3610 847 3676 op.Maniere
863 3608 921 3656 de
945 3609 1056 3657 bien
1077 3608 1304 3657 entendre
1386 3610 1468 3658 ubi
1497 3611 1655 3659 scribit
1687 3629 1700 3659 ε
1737 3611 1823 3659 Cet
1859 3612 2046 3660 endroit
2079 3610 2136 3658 de
2163 3608 2211 3657 la
2247 3609 2406 3658 Messe

272 3692 322 3742 la
359 3695 516 3742 sainte
555 3690 743 3751 Messe,
788 3695 820 3742 ὰ
857 3690 1051 3740 l’Orate
1091 3691 1299 3755 fra!re8,
1386 3700 1455 3740 est
1494 3694 1890 3760 tres-important.
1919 3693 1990 3741 Le
2003 3693 2191 3758 pretre,
2231 3694 2348 3758 pret
2373 3693 2404 3740 ὰ
