2502 4186
286 237 403 299 170

899 258 1222 296 ΤΒΔΟΤΔΤΠδ
1266 260 1334 294 DE
1377 259 1784 301 EUGHARISHA.

286 406 436 464 Cum
459 403 632 481 igitur
675 400 971 460 diversam
1000 400 1244 461 omnino
1272 401 1544 460 semitam
1588 403 1890 462 tenuerint
1923 406 2181 486 Apostoli
2213 407 2285 466 ab
2319 430 2417 483 ea,

286 521 465 582 quam
484 507 693 557 tenent
717 498 1114 554 Protestantes
1136 516 1200 556 ac
1225 496 1624 557 Rationalistae
1642 543 1658 572 a
1680 497 2052 576 subjicientes
2079 503 2293 565 scilicet
2316 504 2416 563 do·

287 595 541 657 ctrinam
561 591 818 656 examini
833 591 1075 653 rationis
1089 634 1113 664 ,
1145 603 1211 655 ut
1233 592 1306 654 de
1320 597 1369 671 ej
1379 614 1442 652 us
1460 595 1706 664 veritate
1731 605 1833 652 aut
1849 591 2110 654 'falsitate
2131 599 2416 674 judicium

285 692 478 750 ferant
499 733 517 764 ,
549 709 626 750 ne
656 687 852 748 locum
880 686 1120 769 quidem
1142 686 1357 749 habere
1380 699 1573 769 potest
1602 687 1825 767 ohJecta
1853 689 2196 766 difficultas3
2230 695 2415 774 Apos—

285 786 390 846 toli
420 786 580 845 enim
615 784 995 867 captivabant
1034 783 1398 848 intellectum
1439 785 1502 843 in
1537 783 1886 868 obsequium
1917 785 2089 863 fidei,
2125 789 2416 849 rationem

293 881 629 947 auctoritati
666 879 1047 959 subjiciendo,
1438 951 1440 953 v

370 977 471 1037 49.
524 977 611 1040 Ad
655 978 773 1051 21¹¹,
828 979 990 1038 Dist.
1046 977 1106 1036 Si
1151 998 1363 1060 corpus
1411 999 1476 1036 ac
1512 977 1744 1057 sanguis
1782 978 2066 1043 sumenda
2105 992 2307 1041 essent
2355 983 2417 1041 in

287 1074 526 1157 propria
569 1074 795 1155 specie,
834 1095 1019 1140 oonc.,·
1050 1074 1100 1133 si
1133 1073 1243 1132 sub
1282 1072 1561 1154 symbolis
1598 1084 1659 1132 et
1696 1074 1760 1132 in
1797 1074 1988 1154 specie
2019 1074 2207 1136 aliena
2229 1123 2244 1152 7
2287 1100 2414 1159 neq.

295 1170 508 1252 Utique
540 1168 934 1230 inhumanum
971 1180 1060 1253 est
1085 1168 1354 1228 homines
1383 1169 1536 1231 vesci
1559 1168 1820 1228 humana
1850 1189 2025 1228 carne
2047 1215 2063 1243 ,.,
2101 1192 2276 1252 quam
2302 1174 2416 1254 ipsi

287 1265 736 1341 dilaniaverint,
777 1285 843 1325 ac
873 1267 1218 1345 sanguinem
1243 1275 1446 1344 potare
1465 1310 1481 1339 ,
1509 1286 1686 1346 quem
1717 1264 1828 1345 ipsi
1853 1263 2150 1340 fuderint3
2197 1279 2284 1326 ast
2312 1268 2418 1327 Dei

289 1361 546 1419 hominis
572 1380 747 1423 carne
777 1371 837 1419 et
864 1362 1148 1439 sanguine
1173 1380 1280 1441 per
1304 1359 1509 1438 ingens
1532 1359 1862 1440 prodigium
1887 1359 1996 1418 sub
2014 1360 2211 1420 aliena
2231 1362 2420 1444 specie

286 1455 613 1519 latentibus
647 1456 909 1523 animam
941 1455 1203 1528 nutrire,
1236 1476 1297 1514 se
1322 1454 1431 1516 hac
1465 1456 1692 1516 ratione
1717 1456 2042 1515 arctissime
2067 1461 2423 1538 conjungere

289 1575 427 1615 cum
460 1551 836 1615 benefactore
866 1551 1133 1613 omnium
1166 1551 1459 1626 maximO‚
1504 1551 1688 1611 amico
1735 1552 2003 1610 omnium
2036 1552 2374 1613 fidelissimo
2402 1598 2418 1628 a

292 1649 594 1712 Salvatore
617 1644 860 1711 demum
879 1668 943 1707 ao
970 1650 1091 1707 Deo
1109 1647 1237 1729 ipso
1259 1692 1276 1722 ⁷
1295 1647 1370 1706 ad
1395 1645 1779 1706 hauriendam
1803 1648 2067 1706 omnium
2100 1649 2420 1729 gratiarum

291 1746 560 1827 copiam,
614 1756 675 1806 et
721 1743 796 1808 ad
831 1743 1225 1806 obtinendum
1271 1742 1733 1803 immortalitatis
1774 1764 1841 1802 ac
1881 1744 2093 1802 futurae
2130 1765 2426 1804 resurrer

292 1843 469 1901 tionis
512 1842 756 1923 pignUS,
806 1862 928 1903 non
968 1840 1158 1901 solum
1193 1839 1343 1899 nihil
1371 1837 1550 1898 habet
1585 1828 1746 1920 quod
1770 1839 2030 1899 offendat
2058 1884 2074 1913 ‚
2112 1840 2218 1899 sed
2256 1862 2422 1920 argu-

291 1950 565 1999 mentum.
606 1948 695 1998 est
744 1935 880 1997 fidei
924 1957 989 1997 ac
1038 1936 1365 1996 dilectionis
1409 1936 1702 1995 maximae.
1746 1934 2009 1994 Profecto
2052 1936 2189 1996 novi
2232 1936 2419 1995 nostri

294 2033 740 2115 Capharna'l'tae‚
781 2032 883 2113 qui
907 2030 1059 2091 nihil
1087 2032 1200 2091 nisi
1240 2031 1533 2110 abJ‘ectum
1574 2042 1633 2090 et
1675 2030 1906 2090 carnale
1939 2029 2205 2089 sentiunt
2236 2051 2300 2088 ac
2333 2053 2418 2090 sa-

294 2130 491 2212 piunt,
518 2150 591 2190 ex
613 2150 682 2191 eo
703 2128 1086 2189 offenduntur
1102 2174 1118 2204 ‚
1142 2127 1299 2209 quod
1321 2128 1588 2186 omnium
1616 2126 1945 2187 seculorum
1966 2125 2417 2194 admirationem

282 2227 478 2290 'excita
489 2226 571 2286 vit
592 2271 608 2300 ‚
649 2237 708 2284 et
735 2236 965 2305 gratum
989 2225 1170 2283 animi
1199 2246 1437 2283 sensum
1459 2223 1555 2284 vel
1582 2222 1655 2282 ab
1681 2224 1870 2282 invito
1893 2234 2128 2305 pectore
2153 2223 2417 2282 extorsit.

294 2325 506 2381 Nonne
531 2334 590 2381 et
613 2323 726 2404 ipsi
755 2332 1014 2380 matrum
1058 2343 1297 2381 suarum
1323 2321 1471 2381 lacte
1499 2321 1739 2381 fuerunt
1767 2322 2008 2381 enutriti
2033 2365 2049 2397 ,
2084 2319 2244 2403 quod
2273 2319 2420 2378 nihil

297 2429 385 2478 est
422 2417 582 2477 aliud
610 2439 788 2499 quam
811 2417 1090 2499 quaedam
1122 2418 1310 2477 carnis
1338 2427 1398 2477 et
1420 2417 1715 2497 sanguinis
1751 2416 1997 2475 humani
2025 2414 2421 2477 modificatio?

317 2567 325 2573 „
379 2513 475 2571 50.
524 2513 613 2572 Ad
643 2513 725 2572 3¹¹1
750 2559 767 2588 ,
802 2513 1020 2573 Eadem
1056 2524 1179 2572 esto
1212 2513 1531 2572 distinctio,
1564 2514 1693 2572 Non
1722 2513 1881 2571 enim
1910 2533 2056 2594 opus
2086 2520 2210 2570 erat
2237 2511 2424 2590 Apos-.

294 2607 427 2668 tolis
468 2597 670 2669 fideles
710 2608 784 2669 de
824 2608 936 2668 hoc
975 2609 1313 2669 discrimine
1350 2608 1665 2669 admonere
1691 2653 1708 2680 ‚
1741 2629 1874 2667 cum
1911 2629 2003 2666 res
2039 2607 2163 2687 ipsa
2203 2626 2309 2686 per
2358 2626 2419 2664 se

294 2801 510 2865 qraviter
548 2809 593 2848 et
638 2800 780 2848 mbas
806 2800 1034 2848 omnibus
1061 2800 1316 2848 haeretici?

295 2878 424 2930 Dua·
442 2919 456 2942 ,
475 2890 529 2930 ut
547 2883 721 2948 opinor
737 2916 752 2943 ,
777 2898 854 2930 eos
872 2884 1077 2930 retinent
1095 2898 1312 2931 causae...

296 2962 467 3012 Altera
491 3000 505 3023 ‚
553 2963 680 3028 quod
722 2981 812 3011 sua
852 2981 929 3012 eos
970 2963 1281 3012 incredulitas
1300 3002 1312 3024 ‚

296 3063 444 3111 quam
483 3063 577 3112 pro
598 3046 696 3111 fide
727 3047 898 3095 ducem
935 3055 1226 3112 sequuntur,
1259 3048 1316 3094 in

297 3128 429 3176 hunc
445 3165 458 3187 ‚
480 3132 567 3194 qui
586 3130 741 3194 maqis
760 3130 1048 3196 apparebat,
1067 3128 1316 3195 scopulum

291 3213 513 3278 primum
533 3212 806 3278 impulerit,
826 3214 882 3260 in
902 3212 1020 3261 alios
1043 3211 1317 3278 impulsura

207 3312 212 3317 ‘
290 3301 457 3358 postea
474 3331 487 3354 ‚
511 3311 621 3342 cum
639 3295 910 3343 minoribus
932 3296 989 3343 in
1016 3294 1153 3342 rebus
1180 3310 1314 3341 exer-

297 3377 436 3426 citati
482 3376 549 3424 ad
599 3379 787 3443 maj0ra
828 3377 1069 3426 molienda
1110 3378 1318 3442 aptiores

300 3466 460 3507 erunt.
490 3457 656 3506 Habet
683 3461 816 3507 enim
842 3460 1041 3509 koeresis
1078 3468 1124 3507 et
1158 3462 1317 3507 inore-

298 3540 482 3589 dulitae
501 3579 513 3602 ,
534 3542 662 3590 siout
681 3544 836 3590 omnis
861 3543 1082 3591 doctrina
1099 3579 1113 3601 ‚
1140 3541 1317 3590 metho-

299 3624 413 3671 dum
429 3641 568 3673 suam
586 3662 600 3682 ,
628 3634 681 3674 ut
704 3626 764 3673 ab
785 3625 861 3673 his
879 3664 891 3686 ,
911 3643 1016 3690 quoe
1035 3626 1222 3673 notiora
1239 3641 1319 3672 no·

298 3706 371 3753 bis
406 3694 467 3754 ¹et
503 3709 860 3775 propinquiora
900 3718 1013 3756 sunt
1064 3708 1283 3756 sensibus
1299 3743 1314 3766 ,

297 3788 575 3840 exordiatur
592 3829 604 3853 ,
640 3799 686 3840 et
700 3807 794 3859 per
815 3791 999 3856 qradus
1017 3791 1082 3840 ad
1121 3793 1314 3857 majora

1399 2801 1745 2864 remotioraque
1779 2800 2057 2865 perveniat.
2097 2797 2422 2863 Experientia

1398 2882 1526 2930 docti
1538 2881 1783 2947 loquimur
1789 2903 1807 2940 ;
1820 2881 1993 2929 multos
1993 2882 2108 2946 Jam
2123 2879 2423 2928 Calvinistas

1398 2962 1647 3024 videmus,
1681 2965 1768 3028 qui
1808 2964 2163 3028 inqeniosiores
2197 2954 2240 3010 et
2266 2963 2423 3026 maqis

1399 3045 1673 3105 increduli,
1711 3046 1767 3093 id
1802 3058 1902 3105 est,
1947 3047 2104 3110 maqis
2145 3043 2425 3094 Calvinistoe

1400 3131 1568 3177 ceteris
1598 3136 1765 3189 erant,
1788 3145 1840 3176 eo
1859 3130 1973 3194 jam
1991 3129 2270 3194 pervenisse
2289 3163 2302 3186 ‚
2332 3132 2418 3185 ut,

1401 3229 1495 3277 qua
1528 3212 1709 3259 ratione
1739 3211 1824 3259 hoe
1844 3212 1991 3277 prius
2013 3211 2294 3275 mysterium
2323 3223 2422 3254 non

1400 3295 1651 3344 eredebant
1668 3332 1680 3354 ‚
1699 3311 1830 3341 nunc
1855 3293 2123 3341 Trinitatis
2137 3278 2422 3354 mysterium

1401 3395 1500 3426 non
1525 3377 1722 3426 credant
1740 3413 1752 3435 ‚
1790 3383 2054 3440 ceterosque
2090 3372 2388 3421 Calvinistas
2406 3407 2420 3433 ,

1401 3463 1528 3509 sicut
1550 3459 1830 3509 Calvinistoe
1860 3475 1946 3506 nos
1965 3495 1978 3517 ,
2014 3467 2246 3519 tanquam
2272 3453 2422 3500 nimis

1401 3527 1644 3609 simplices
1688 3551 1733 3590 et
1774 3539 1991 3589 credulos
2034 3537 2247 3585 rideant.
2299 3533 2422 3600 Quid

1401 3627 1587 3675 dixisset
1603 3625 1898 3673 Maldonatus
1917 3661 1928 3682 ‚
1947 3624 1984 3670 si
1998 3624 2047 3670 in
2075 3629 2255 3668 nostros
2268 3617 2424 3666 Ratio-

1405 3709 1595 3758 nalistas
1618 3703 1857 3757 incidisset
1877 3698 1902 3752 Ρ
