2502 4186
277 233 399 293 298
485 284 487 287 ,
907 251 1230 293 τιιΛατΑΤυε
1274 254 1344 292 DE
1386 255 1786 294 nuanmsrn.

278 403 460 480 quasi
481 398 720 456 canales
753 398 1043 476 quosdam
1071 399 1162 456 ad
1180 419 1285 458 uos
1309 400 1664 459 derivemus.
1696 401 2024 479 Ejusmodi
2055 388 2292 465 canalis
2320 416 2405 465 est

278 495 634 572 Baptismus
648 534 670 563 ,
699 494 997 570 ejusmodi
1019 495 1256 558 canalis
1278 505 1363 553 est
1382 496 1815 573 quotidianum
1843 496 1948 555 boc
1978 497 2365 578 Sacrificium
2378 544 2404 574 ,

279 590 443 669 quod
471 609 748 653 vocamus
786 588 1045 648 BIissam
1059 633 1083 662 ,
1121 611 1242 669 per
1281 612 1468 670 quam
1501 593 1671 650 illius
1707 596 1778 651 iu
1806 613 1983 651 cruce
2021 601 2259 672 peracti
2297 599 2404 656 Sa-

279 684 504 762 crificii
533 694 589 742 et
618 687 757 763 fusi
794 705 913 770 pro
953 686 1126 745 uobis
1160 691 1428 764 pretiosi
1473 687 1811 767 Sanguinis
1850 691 2128 767 fructum
2176 694 2241 748 in
2299 713 2404 750 uos

280 783 715 859 transferimus
734 824 756 852 ,
783 782 956 840 uobis
979 783 1367 860 applicamus
1393 792 1450 841 et
1469 786 1971 862 appropriamus.
2003 785 2179 843 Falso
2203 787 2409 864 itaque

278 877 455 936 uobis
496 880 858 956 impiuqunt
884 878 1127 936 Satanae
1156 880 1477 949 ministri,
1511 878 1676 956 quod
1693 899 1813 957 per
1843 881 2275 958 quotidianum
2301 881 2408 939 boc

280 972 671 1052 Sacrificium
695 973 854 1030 illud
871 977 940 1031 iu
959 994 1135 1041 cruce
1149 984 1472 1053 peractum
1495 975 1881 1044 obscuretur,
1909 995 2049 1035 cum
2071 977 2413 1034 illustretur

280 1076 501 1150 maqis,
539 1070 762 1134 Annon
793 1070 1053 1133 absurde
1086 1074 1288 1150 facere
1323 1080 1696 1144 censeretur,
1736 1072 1793 1129 si
1829 1073 1967 1148 quis
1999 1071 2311 1150 baptizare
2353 1093 2410 1130 se

280 1172 561 1226 volentem
588 1167 1012 1240 insimularet,
1055 1168 1221 1245 quod
1256 1170 1311 1225 is
1347 1187 1460 1245 per
1494 1166 1884 1245 Baptismum
1917 1166 2237 1225 obscurare
2267 1168 2408 1225 velit

281 1262 707 1340 redemptionis
747 1262 1099 1340 beneficium
1137 1267 1206 1325 in
1257 1282 1434 1319 cruce
1478 1262 1651 1320 nobis
1706 1262 1983 1333 obtentae,
2027 1270 2084 1320 et
2133 1262 2410 1340 redemp-

284 1362 505 1415 tionem
538 1378 719 1422 suam
735 1361 804 1415 in
825 1379 990 1435 aqua
1006 1358 1321 1436 Baptismi
1337 1358 1619 1415 collocare
1636 1361 1846 1436 potius
1881 1377 2066 1434 quam
2088 1359 2158 1414 in
2188 1357 2417 1416 Christi

281 1454 596 1532 Sanguine
613 1497 630 1528 ,
661 1473 776 1531 quo
798 1454 914 1512 solo
939 1453 1238 1533 redempti
1256 1451 1513 1520 sumus?
1542 1453 1697 1514 Cum
1724 1453 2033 1531 Baptismo
2058 1452 2219 1513 nibil
2234 1452 2416 1510 aliud

281 1558 507 1628 aqatur
521 1591 541 1621 ,
576 1569 765 1627 quam
790 1558 859 1607 ut
880 1536 1307 1628 redemptionis
1337 1553 1407 1611 in
1437 1570 1612 1611 cruce
1641 1549 1812 1611 nobis
1838 1549 2082 1609 obteutoe
2100 1552 2410 1627 particeps

275 1645 442 1722 fieri,
459 1648 575 1722 qui
595 1645 951 1723 baptizatur
965 1687 986 1716 ,
1010 1655 1065 1711 et
1089 1649 1219 1722 ejus
1229 1647 1476 1723 fructus
1498 1649 1568 1703 iu
1590 1666 1647 1704 se
1666 1647 2002 1723 transferri
2012 1653 2206 1722 queat.
2224 1645 2413 1722 Atqui

281 1761 405 1798 non
428 1744 636 1799 minus
665 1741 925 1801 absurde
949 1744 1228 1814 faciunt,
1252 1745 1366 1820 qui
1385 1742 1556 1806 uobis
1578 1742 1883 1818 objiciunt
1899 1783 1920 1812 ‚
1945 1741 2113 1818 quod
2120 1760 2238 1818 per
2267 1759 2414 1817 quo-

283 1836 597 1898 tidianum
620 1838 783 1895 illud
798 1837 1188 1915 Sacrificium
1204 1880 1227 1908 ,
1255 1837 1417 1895 illud
1438 1838 1602 1915 quod
1623 1839 1693 1897 iu
1723 1857 1839 1895 ara
1863 1838 2064 1895 crucis
2089 1845 2412 1913 peractum

282 1943 402 2004 est,
435 1934 855 2004 obscuremus,
889 1943 942 1991 et
972 1937 1101 2011 ejus
1127 1933 1418 2011 diqnitati
1451 1953 1523 1990 ac
1550 1934 1760 1990 merito
1794 1931 2185 1990 detrahamus
2221 1951 2239 1988 .·
2270 1950 2412 1988 cum

281 2029 447 2087 nibil
481 2029 663 2086 aliud
699 2039 960 2109 aqatur,
997 2029 1160 2086 nibil
1201 2028 1380 2087 aliud
1407 2037 1787 2106 quoeratura
1814 2027 1987 2087 uobis
2025 2030 2096 2083 iu
2134 2025 2238 2082 boc
2276 2045 2412 2102 quo-

287 2126 523 2183 tidiano
563 2125 873 2203 Sacrificio
903 2169 920 2199 ‚
974 2146 1161 2203 quam
1205 2133 1278 2182 ut
1322 2123 1487 2202 quod
1528 2123 1805 2182 Christus
1849 2122 2025 2180 uobis
2062 2123 2418 2199 promeruit

283 2225 475 2280 unica
504 2223 613 2280 illa
641 2223 935 2280 oblatione
969 2228 1036 2279 in
1061 2241 1235 2280 cruce
1264 2222 1436 2298 facta
1458 2263 1474 2292 a
1510 2219 1584 2276 id
1609 2223 1680 2277 in
1713 2239 1820 2280 nos
1860 2218 2228 2295 transferre,
2264 2224 2319 2272 et
2346 2235 2415 2272 ea

286 2319 372 2376 ad
409 2320 664 2378 salutem
695 2327 967 2377 nostram
995 2321 1092 2375 uti
1123 2336 1411 2395 queamus
1439 2312 1552 2394 (l).

1151 2507 1414 2567 ¹CAPUT
1458 2507 1531 2565 11.

1060 2682 1130 2717 DE
1174 2679 1336 2725 MISSA
1379 2677 1650 2719 PRIVATA.
1739 2654 1742 2657 Α

339 2920 341 2922 ,
366 2853 509 2913 298.
556 2852 836 2926 Quamvis
890 2850 1126 2933 proprie
1181 2844 1478 2930 loquendo
1529 2842 1886 2903 Sacrificium
1928 2841 2226 2923 privatum
2270 2838 2415 2898 illud

290 2951 403 3011 diei
436 2960 693 3031 nequeat
713 2994 728 3021 ,
760 2946 918 3029 quod
949 2946 1196 3005 offertur
1221 2945 1285 3002 in
1321 2941 1641 3022 gratiarum
1669 2939 1963 2997 actionem
1995 2959 2103 3019 pro
2132 2935 2418 2995 beneficio

290 3045 526 3129 publico
544 3091 560 3120 ,
586 3043 914 3124 cujusmodi
945 3053 1034 3102 est
1058 3061 1214 3100 mors
1248 3037 1462 3098 Christi
1484 3082 1500 3111 ,
1527 3034 1800 3118 quodque
1832 3055 1864 3092 a
1894 3032 2130 3115 publico
2159 3030 2422 3091 Ecclesiae

361 3266 426 3331 (1)
465 3265 521 3313 In
571 3264 880 3328 Censes-sione
919 3259 1164 3310 catholicoe
1199 3255 1320 3315 fidei
1402 3267 1519 3305 tom.
1549 3272 1615 3315 11,
1646 3264 1767 3319 part.
1792 3270 1809 3300 1
1829 3289 1842 3313 ‚
1867 3269 1969 3320 pagf
2001 3266 2066 3318 92
2095 3260 2140 3298 et
2161 3267 2295 3316 seqq.
2313 3265 2420 3300 eru-

288 3351 347 3397 in
371 3345 414 3396 S
414 3346 566 3414 yuodo
595 3346 943 3412 petricoviensi
966 3359 1069 3391 num
1087 3380 1100 3403 ,
1126 3341 1320 3389 Viennae
1402 3339 1497 3387 dite
1515 3337 1696 3385 disserit
1714 3336 1771 3384 de
1787 3334 1939 3383 verbis
1954 3333 2064 3392 illis,
2085 3348 2191 3397 quae
2211 3347 2421 3396 pronun-

290 3435 427 3482 Aust.
470 3417 595 3478 1560
615 3466 629 3489 ‚
680 3445 785 3491 cap.
833 3424 893 3488 41
924 3433 937 3486 3
976 3425 1056 3474 fol.
1092 3440 1179 3490 91.
1219 3422 1316 3470 cfr.
1403 3424 1585 3469 ciuntur
1618 3421 1669 3466 in
1697 3418 2040 3466 consecratione
2070 3414 2222 3470 calicis
2242 3447 2256 3475 ‚
2285 3428 2415 3475 mys-

290 3517 427 3564 etiam
485 3512 594 3561 Nat.
648 3510 779 3559 Alex.
838 3509 948 3556 diss.
1010 3523 1094 3556 xm
1139 3508 1188 3553 in
1224 3522 1316 3554 see.
1404 3505 1579 3550 terium
1591 3501 1739 3565 fidei,
1766 3515 1868 3565 quae
1885 3497 2083 3546 ostendit
2103 3513 2158 3544 ex
2174 3494 2419 3542 traditione

290 3613 374 3645 xm
411 3605 457 3645 et
476 3611 553 3644 xxv
572 3631 586 3653 ‚
619 3591 699 3640 De
719 3590 970 3654 Sacrificio
989 3589 1167 3636 Missoe
1186 3624 1200 3644 ,
1230 3598 1319 3635 eto.
1406 3584 1654 3650 apostolica
1675 3572 1912 3647 provenire
1935 3617 1948 3639 ‚
1967 3597 2021 3628 ex
2039 3580 2188 3642 iisque
2205 3575 2415 3634 conficit,

292 3678 371 3727 Cl.
403 3677 627 3726 Binterim
655 3677 706 3723 in
746 3691 826 3737 op.
863 3671 1128 3735 Praecipua
1165 3668 1324 3717 Eccle·
1405 3666 1697 3716 Sacrifioium
1721 3673 1934 3712 nostrum
1948 3676 2128 3725 semper
2144 3658 2420 3725 utpropitia·

302 3761 391 3808 sioe
419 3753 958 3808 christiano-catholicoe
988 3760 1320 3811 monumenta,
1407 3751 1578 3798 torium
1609 3747 1821 3796 habitum
1838 3745 1997 3794 fuisse.
