2502 4186
273 220 393 280 280
903 239 1228 278 TRAc‘rArus
1271 240 1340 275 ne
1381 239 1768 278 nocusnls'ru.

270 383 457 442 seculi
471 388 887 461 permaneret,
924 389 1103 458 atque
1127 380 1298 438 illius
1318 380 1618 449 salutaris
1642 383 1851 444 ⁴virtus
1883 384 1955 438 in
1984 386 2396 442 remissionem

273 496 511 550 eorum,
551 495 683 553 quoe
721 495 762 532 a
797 474 970 533 nobis
1014 474 1278 552 quotidie
1323 479 1820 550 committantur,
1853 486 2239 554 peccatorum
2280 499 2395 557 ap—

263 572 671 650 plicaretur...
719 567 949 648 Corpus
985 579 1041 627 et
1081 571 1458 650 Sanquinem
1488 590 1674 627 suum
1708 569 1821 627 sub
1867 571 2170 649 speciebus
2205 577 2396 651 panis

276 674 332 723 et
372 667 511 722 vini
545 665 669 723 Deo
707 664 895 724 Patri
930 663 1180 735 obtulit,
1223 685 1296 722 ac
1334 664 1444 722 sab
1480 664 1832 722 earumdem
1874 685 2084 723 rerum
2120 669 2398 744 symbolis

275 758 572 838 Apostolis
585 801 609 830 ,
644 779 789 838 quos
832 769 978 817 tunc
1013 758 1180 819 Novi
1221 759 1587 819 Testamenti
1615 759 1952 818 Sacerdotes
1974 762 2398 834 constituebat,

277 864 352 913 ut
384 865 725 927 sumerent,
762 855 1052 926 tradidit,
1092 864 1148 912 et
1179 855 1399 913 eisdem
1453 875 1774 932 eorumque
1817 859 1887 913 in
1903 856 2240 914 Sacerdotio
2272 877 2403 914 suc-

282 951 612 1009 cessoribus
626 993 651 1022 ,
690 960 761 1008 ut
795 950 1106 1029 offerrent,
1142 954 1437 1030 proecepit
1465 971 1581 1029 per
1615 949 1739 1008 boec
1780 952 1959 1009 verba
1995 977 2012 1010 :
2059 952 2190 1010 Hoc
2216 954 2402 1030 facite

279 1047 350 1104 in
378 1066 577 1104 meam
608 1049 1264 1118 commemorationem,
1298 1049 1397 1104 uti
1430 1066 1662 1124 semper
1697 1045 1996 1104 Catholica
2017 1047 2290 1106 Ecclesia
2311 1048 2405 1105 in-

281 1142 503 1200 telleoeit
534 1151 591 1199 et
616 1141 836 1200 docuit.
879 1141 961 1200 Ex
998 1140 1087 1200 his
1122 1162 1260 1200 vero
1293 1151 1562 1214 constat
1600 1161 1714 1221 qua
1749 1140 1979 1200 ratione
2008 1141 2251 1222 intelligi
2293 1141 2400 1201 de-

284 1234 469 1297 beant
498 1234 725 1315 objecta
756 1235 1016 1318 Apostoli
1049 1234 1250 1297 verba.

365 1329 506 1388 263.
552 1328 686 1408 Obj.
729 1330 920 1389 tertia.
977 1331 1040 1388 1ο
1093 1330 1153 1389 Si
1200 1330 1371 1389 Missa
1429 1341 1518 1390 est
1574 1331 1926 1391 Sacrificium
1953 1377 1969 1407 ,
2025 1332 2136 1391 erit
2183 1353 2408 1393 novum

287 1437 745 1502 testamentum,
783 1426 902 1487 imo
930 1447 1070 1488 vero
1107 1437 1254 1508 quot
1276 1438 1416 1486 sunt
1453 1428 1676 1502 Missae,
1707 1439 1797 1487 tot
1820 1440 1994 1488 erunt
2019 1440 2405 1502 testamenta3

289 1542 426 1604 ergo
448 1533 517 1581 ut
537 1532 664 1581 rata
690 1522 844 1598 sint,
886 1521 1150 1581 Christus
1185 1522 1247 1580 in
1276 1520 1516 1602 singulis
1547 1521 1725 1582 debet
1754 1524 1934 1600 mori,
1961 1523 2251 1605 siquidem
2279 1535 2408 1582 tes-

289 1628 623 1678 tamentum
668 1616 906 1676 nonnisi
940 1617 1003 1675 in
1042 1627 1232 1676 morte
1271 1617 1563 1676 testatoris
1613 1618 2027 1692 confirmatum
2079 1629 2138 1677 et
2177 1619 2258 1677 ita
2299 1619 2365 1676 fit
2393 1662 2410 1692 .,

292 1712 489 1794 inquit
517 1711 793 1772 Calvinus
815 1757 831 1786 7
870 1723 937 1770 ut
960 1712 1151 1793 prima
1183 1734 1341 1770 mors
1375 1734 1482 1793 pro
1515 1711 1701 1771 nihilo
1735 1713 1829 1771 sit.
1861 1714 1930 1770 20
1955 1713 2124 1787 Quod
2151 1714 2199 1772 si
2225 1713 2414 1772 hostia

289 1828 414 1867 non
447 1806 727 1867 occiditur
763 1816 865 1865 aut
901 1827 1022 1865 non
1062 1807 1442 1880 immutatur,
1480 1808 1834 1865 Sacrificium
1874 1829 1997 1867 esse
2027 1830 2151 1866 non
2188 1819 2407 1889 potest.

297 1902 596 1984 Quidquid
625 1903 785 1961 enim
808 1904 928 1961 Deo
952 1902 1034 1960 ita
1068 1901 1335 1975 offertur,
1372 1912 1440 1959 ut
1463 1900 1709 1960 illaesum
1730 1913 1968 1962 maneat
1992 1923 2056 1961 ac
2080 1903 2374 1982 integrum
2394 1945 2410 1975 ,

290 1997 440 2058 illud
478 1998 716 2079 quidem
755 2008 910 2056 recte
949 1997 1245 2058 vocaveris
1288 1995 1543 2070 donum,
1587 2018 1838 2070 munuS‚
1877 1996 2271 2073 oblationem,
2312 1997 2417 2056 sed

291 2113 502 2152 verum
530 2091 884 2150 Sacrificium
910 2090 1156 2150 minime
1191 2089 1405 2149 dixeris
1429 2114 1445 2163 ς
1486 2090 1649 2170 atqui
1673 2090 1736 2147 in
1762 2089 2151 2150 celebratione
2184 2090 2418 2150 Eucha-

298 2187 476 2248 ristiae
507 2186 671 2247 nulla
706 2187 769 2244 in
807 2187 1107 2256 victimam
1135 2186 1324 2267 ipsam
1353 2196 1452 2244 aut
1480 2185 1684 2244 occisio
1716 2196 1815 2243 aut
1846 2186 2181 2244 immutatio
2211 2186 2418 2246 cadere

296 2293 510 2365 potest.
553 2281 619 2341 30
653 2280 981 2341 Dicendum
1017 2281 1222 2361 igitur,
1261 2301 1384 2338 non
1416 2279 1619 2339 haberi
1646 2281 1712 2338 in
1739 2281 1911 2340 Missa
1948 2281 2063 2339 nisi
2092 2280 2417 2363 simplicem

296 2399 363 2438 ac
394 2377 615 2437 nudam
653 2377 1271 2437 commemorationem
1310 2376 1593 2458 passionis
1629 2374 1875 2450 Christi;
1913 2375 1979 2434 40
2011 2397 2143 2435 cum
2183 2387 2419 2435 contra-

299 2474 541 2534 dictoria
577 2473 731 2549 sint,
763 2472 917 2533 reale
959 2473 1345 2546 Sacrificium,
1391 2471 1551 2552 quod
1579 2493 1706 2530 rem
1735 2471 2066 2545 contineat,
2107 2482 2166 2530 et
2202 2471 2420 2529 Sacrifi-

300 2571 454 2629 cium
495 2569 808 2649 mysticum
832 2613 849 2641 ,
904 2567 1063 2650 quod
1112 2588 1237 2626 rem
1278 2577 1513 2625 tantum
1549 2577 1946 2649 repraesentet.
1995 2565 2060 2624 50
2100 2568 2178 2626 Ac
2230 2566 2420 2648 reipsa

298 2687 423 2724 non
459 2663 773 2724 defuerunt
818 2664 882 2723 in
927 2665 1055 2746 iP§0
1096 2662 1355 2722 Concilio
1390 2661 1731 2721 Tridentino
1779 2661 2101 2740 gravissimi
2149 2660 2425 2740 Theologi

303 2758 571 2819 catholici
610 2760 712 2841 qui
745 2759 1090 2838 negaverint
1111 2804 1128 2833 7
1156 2757 1453 2817 Christum
1496 2757 1559 2815 in
1585 2777 1750 2816 coena
1771 2776 1979 2815 verum
2011 2755 2289 2815 obtulisse
2315 2757 2422 2815 Sa·-

309 2854 586 2913 crificium
605 2899 622 2929 ‚
674 2865 742 2912 ut
783 2854 963 2914 refert
1000 2852 1172 2913 Card.
1216 2851 1554 2913 Pallavicini
1580 2851 1666 2932 (1)
1687 2896 1703 2925 .,
1735 2871 1801 2910 ac
1824 2862 2131 2933 propterea
2158 2850 2221 2909 in
2247 2851 2422 2910 Missa

308 2948 506 3008 offerri
539 2970 749 3011 verum
789 2949 1165 3008 Sacrificium.'

386 3043 526 3103 264.
571 3045 744 3127 Resp.
774 3043 850 3103 ad
882 3044 1169 3124 1m‚vNe9.
1206 3044 1324 3103 Nec
1358 3042 1518 3101 enim
1553 3040 1906 3100 Eucharistia
1936 3052 2023 3101 est
2052 3062 2276 3102 novum
2300 3051 2421 3099 tes-

309 3149 678 3213 tamentum3
719 3139 821 3199 sed
850 3140 1090 3218 Sanguis
1117 3138 1306 3197 solum
1341 3136 1528 3196 dictus
1564 3147 1650 3196 est
1674 3158 1707 3195 a
1734 3136 1965 3196 Christo
1988 3157 2212 3197 novum
2239 3145 2422 3194 testa-

308 3243 580 3291 mentum
635 3255 738 3293 seu
784 3234 1148 3293 confirmatio
1196 3233 1335 3292 novi
1397 3233 1753 3291 testamenti.
1813 3234 1938 3305 Qua
2000 3252 2141 3292 vero
2194 3230 2420 3289 ratione

316 3327 558 3405 Sanguis
573 3326 649 3384 sit
661 3328 1025 3386 confirmatio
1040 3348 1140 3387 seu
1157 3328 1375 3386 sanctio
1391 3328 1527 3390 novi
1541 3326 1773 3386 foederis
1787 3348 1888 3386 seu
1907 3326 2044 3386 novi
2059 3325 2413 3397 testamenti,

313 3442 389 3480 an
425 3432 712 3502 quatenus
737 3442 843 3503 per
874 3423 1372 3505 consecrationem
1399 3424 1462 3481 in
1499 3422 1673 3482 calice
1695 3416 2138 3494 continebatur,
2180 3441 2256 3478 an
2278 3439 2416 3479 vero

322 3524 607 3597 quatenus
640 3514 852 3576 effusus
874 3527 962 3577 est
990 3517 1052 3577 in
1083 3537 1248 3578 cruce
1268 3563 1284 3594 7
1314 3517 1586 3597 Theologi
1607 3518 1760 3577 inter
1779 3539 1839 3578 se
1860 3538 1980 3576 non
2012 3513 2413 3586 consentiunt3

382 3716 447 3780 (1)
478 3717 580 3768 Lib.
611 3733 754 3781 xvm,
782 3733 885 3783 cap.
925 3732 973 3767 2.
