2502 4186
337 217 467 277 3081
491 268 494 271 ,
972 235 1298 276 ‘nimi-Artis
1342 235 1421 274 nr..
1455 236 1850 275 EUCHARISTIA.

329 381 507 439 adeat
539 383 706 458 ipsas
734 377 1091 436 Graecorum
1118 377 1419 437 Ecclesias
1447 379 1817 457 ubicumque
1845 388 2152 440 terrarum
2176 388 2432 442 constitu
2452 418 2466 429 -

329 484 458 539 ta33
499 476 570 531 in
604 473 886 531 omn-ibus
920 473 1283 544 sacerdotes,
1326 483 1398 531 ut
1423 474 1774 551 plurimum
1813 475 1987 531 nulla
2036 479 2468 538 interveniente

324 572 742 627 communione
764 610 786 638 ,
816 577 948 626 tum
972 570 1276 647 privatim
1305 578 1436 625 tum
1451 569 1698 647 publice
1735 570 2038 627 celebrant
2066 570 2173 650 (l).

1129 744 1540 798 PROPOSITIO
1580 712 1650 797 11.

322 900 531 982 Neque
579 904 760 962 realis
797 922 983 981 neque
1033 904 1381 981 spiritualis
1433 905 1694 959 victimee
1735 906 2136 982 participatio
2178 925 2249 963 ea·
2281 916 2464 983 parte

399 1000 617 1078 popu-li
653 1009 738 1057 est
765 1020 920 1078 pars
955 999 1298 1057 essentialis
1326 999 1675 1076 Sacrificii;
1717 1019 1904 1076 neque
1946 1000 2067 1056 ‘allo
2096 1003 2216 1057 sive
2253 1001 2462 1059 (livino

404 1099 525 1154 sive
555 1095 942 1153 ecclesiastico
967 1104 1268 1173 praecepto
1296 1104 1579 1152 tenentur
1614 1095 1766 1152 laici
1792 1094 1878 1151 ad
1913 1096 2266 1174 liturqz'cam
2301 1117 2462 1154 eom-

402 1194 792 1256 munionem,·
836 1211 959 1249 non
987 1201 1133 1248 sunt
1159 1191 1423 1269 proinde
1455 1201 1525 1248 ut
1554 1190 1844 1249 invalidae
1870 1199 1982 1247 aut
2009 1191 2238 1250 illicitoe
2280 1193 2461 1251 dam-

402 1285 628 1344 nandae
670 1284 876 1345 Missoe
905 1286 1026 1342 illoe
1040 1327 1064 1355 ,
1101 1289 1174 1343 ἐπ’
1206 1285 1431 1363 quihus
1467 1306 1638 1343 nemo
1668 1289 1749 1344 sit
1763 1328 1786 1358 ‚
1828 1289 1937 1364 qui
1974 1290 2093 1344 sive
2121 1308 2461 1346 sacramen-

403 1383 606 1440 taliter
645 1384 765 1440 sive
807 1381 1224 1461 spiritualiter
1262 1385 1679 1439 communicet.

347 1576 350 1578 ’
399 1571 547 1631 316.
618 1572 758 1630 Haec
808 1570 1129 1652 propositio
1195 1570 1413 1631 directe
1467 1569 1780 1653 impugnat
1852 1570 2184 1630 doctrinam
2236 1572 2453 1652 Synodi

326 1666 690 1744 pistoriensis
711 1713 726 1742 7
763 1687 1117 1747 eorumque,
1155 1666 1256 1748 qui
1281 1667 1403 1725 non
1416 1666 2039 1744 erubueruntcausam
2073 1669 2290 1729 victam
2316 1667 2455 1728 dare

321 1763 668 1823 Lutheranis
693 1807 708 1836 ,
752 1773 821 1820 ut
870 1772 1034 1843 patet
1086 1762 1148 1819 1⁰
1190 1782 1262 1820 ex
1299 1761 1616 1836 affinitate,
1677 1783 1854 1843 quam
1899 1763 2146 1821 istorum
2188 1763 2454 1824 doctrina

318 1858 501 1917 habet
529 1879 658 1916 cum
702 1878 895 1916 errore
923 1878 954 1914 a
983 1855 1153 1915 nobis
1193 1857 1259 1914 in
1303 1857 1588 1938 superiori
1631 1857 2026 1938 propositione
2070 1859 2448 1940 impugnat03

319 1953 388 2011 20
430 1975 502 2013 ex
549 1964 1033 2031 argumentorum
1094 1951 1438 2027 identitate,
1492 1973 1620 2033 quae
1664 1952 1739 2011 ad
1784 1975 1915 2011 eam
1958 1955 2452 2035 propugnandam

317 2047 632 2110 adversarii
665 2058 911 2128 urgent3
937 2045 1003 2104 30
1036 2068 1108 2105 ex
1145 2045 1354 2105 eodem
1375 2046 1663 2128 principio
1689 2092 1704 2120 7
1747 2047 1907 2128 quod
1948 2059 2291 2124 assumunt,
2329 2051 2453 2109 vic-

318 2147 476 2204 timae
512 2143 728 2204 scilicet
754 2142 1299 2224 participationem,
1339 2143 1461 2203 sive
1495 2154 1562 2201 ut
1598 2141 1925 2224 loquuntur
1964 2143 2308 2221 Lutherani‚
2344 2167 2453 2226 po-

316 2241 444 2324 puli
473 2240 952 2299 communionem
986 2261 1111 2299 esse
1146 2249 1378 2318 partem
1410 2237 1783 2297 essentialem
1810 2238 2083 2318 liturgiae.
2124 2241 2273 2298 Cum
2312 2261 2450 2301 vero

317 2358 379 2397 se
421 2336 731 2396 catholicos
778 2337 1167 2417 profiteantur
1202 2333 1321 2409 illi,
1374 2355 1517 2415 quos
1557 2335 2008 2416 impugnamuS‚
2057 2335 2125 2393 iis
2175 2335 2449 2395 omnibus

318 2433 633 2515 suppositis
655 2478 671 2507 ‚
721 2453 850 2514 quae
887 2431 1168 2512 superiori
1203 2430 1603 2512 propositione
1640 2451 1673 2488 a
1717 2428 1886 2488 nobis
1927 2429 2224 2512 disputata
2263 2442 2402 2489 sunt
2427 2477 2443 2506 7

318 2529 399 2587 sic
435 2551 530 2588 eos
560 2529 1008 2611 perstringimus
1042 2549 1055 2586 :

399 2623 539 2683 317.
575 2625 838 2683 Victimae
873 2621 1239 2704 participatio
1272 2642 1374 2680 seu
1405 2619 1612 2702 populi
1637 2620 1970 2680 communio
2014 2642 2136 2679 non
2178 2620 2440 2702 pertinet

317 2718 392 2778 ad
439 2720 710 2778 Sacrificii
755 2719 1068 2778 essentiam
1097 2763 1113 2793 ,
1170 2717 1219 2776 si
1260 2716 1588 2776 Concilium
1627 2715 2039 2775 Tridentinum
2091 2737 2214 2774 non
2256 2716 2446 2775 solum

318 2812 540 2876 validas
562 2859 578 2889 ‚
608 2815 711 2874 sed
746 2814 924 2873 etiam
951 2813 1136 2872 licitas
1162 2812 1362 2872 Missas
1390 2810 1517 2869 illas
1546 2811 1865 2871 declaravit
1893 2857 1908 2886 7
1936 2813 1999 2870 in
2035 2810 2245 2892 quibus
2287 2811 2441 2870 solus

316 2910 594 2970 Sacerdos
625 2909 1127 2970 sacramentaliter
1150 2907 1560 2968 communicat.
1604 2908 1739 2964 Jam
1777 2928 1916 2966 vero
1945 2952 1960 2980 7
1993 2918 2059 2964 ut
2088 2929 2158 2966 ex
2200 2906 2442 2966 Concilii

316 3004 509 3067 verbis
548 3016 806 3080 constat,
847 3028 969 3064 non
1010 3004 1200 3064 solum
1227 3000 1481 3075 validm,
1520 3002 1622 3060 sed
1654 3002 1829 3061 etiam
1868 3000 2053 3061 licitas
2086 3002 2286 3061 Missas
2312 3001 2441 3061 illas

316 3099 639 3161 Concilium
661 3101 978 3164 declaravit
996 3148 1011 3177 7
1042 3102 1161 3159 imo
1187 3109 1246 3159 et
1271 3119 1492 3157 canone
1521 3098 1752 3156 sanxit.·
1778 3099 1940 3177 Ergo.

395 3196 534 3256 318.
583 3200 762 3257 Porro
790 3243 806 3274 .,
844 3199 892 3256 si
929 3195 1133 3279 populi
1158 3194 1491 3254 communio
1529 3192 1684 3252 illius
1716 3193 2075 3253 necessitatis
2102 3205 2221 3270 est,
2263 3214 2441 3274 quam

383 3386 454 3450 (1)
487 3385 569 3434 De
609 3386 661 3436 E
662 3387 798 3437 ecles.
846 3387 1017 3438 Occid,
1053 3395 1098 3436 et
1135 3386 1328 3438 Orient.
1415 3389 1466 3434 in
1494 3385 1710 3434 Ecclesiis
1735 3387 1889 3451 graecis
1908 3423 1921 3446 ‚
1939 3395 2010 3447 ut,
2033 3386 2170 3434 Missa
2195 3383 2403 3433 absoluta
2423 3421 2437 3445 ‚

310 3484 530 3533 comens.
563 3470 650 3519 lib.
692 3487 778 3528 ιιι,
816 3486 915 3535 cap.
953 3469 1012 3518 15
1031 3506 1046 3530 ,
1082 3488 1130 3519 n.
1171 3471 1219 3519 3.
1262 3470 1333 3518 Ita
1416 3467 1727 3516 distribuatur
1756 3470 1890 3533 panis
1909 3505 1922 3528 ‚
1949 3487 2004 3518 ex
2027 3486 2120 3534 quo
2152 3468 2311 3516 cxcisae
2330 3475 2439 3513 sunt

312 3551 509 3600 Allatius
563 3553 772 3602 confutat
818 3553 1058 3602 mendacia
1097 3553 1328 3618 Chytraei‚
1414 3551 1646 3615 particulae
1684 3561 1990 3611 consecratae,
2022 3560 2067 3600 et
2090 3549 2225 3613 vulgo
2249 3558 2437 3596 vocatur

309 3650 448 3697 quem
465 3635 727 3684 exscribunt
747 3634 1070 3684 Protestantes.
1103 3634 1244 3683 Addit
1258 3645 1329 3683 ta·
1415 3630 1660 3697 ἐντίδωρον.

307 3730 416 3763 men
427 3716 545 3766 ibid.
558 3716 775 3778 ‘Allatiuffi
785 3720 1165 3770 consuetudinem
1177 3724 1328 3787 vigere
