2502 4186
2096 261 2214 320 163

355 275 476 315 GAP.
527 278 569 313 1.
619 279 687 313 DE
732 276 896 318 REALI
938 278 1159 316 CHRISTI
1202 277 1520 316 PRAESENTIA
1566 280 1625 315 IN
1669 280 1918 318 EUGHAR.

94 420 341 481 Paulum
371 419 672 478 historiam
715 419 792 480 <le
825 418 1190 479 institutione
1231 418 1605 478 eucharistica
1647 418 2069 503 desumpsisse,
2107 444 2217 483 nec

92 516 244 576 bene
279 515 423 575 illud
448 515 838 589 intellexisse,
880 527 981 574 aut
1020 516 1081 572 in
1109 534 1368 594 graecum
1405 535 1528 571 non
1555 515 1692 572 satis
1722 528 1988 576 accurate
2011 528 2214 577 trans-

93 612 319 689 tulisse,
360 623 426 670 ut
459 610 750 669 Eichhorn
782 612 870 690 (l)
889 653 907 685 7
937 608 1190 668 Kuinoel
1218 607 1332 690 (2).
1361 610 1614 668 Demum
1661 610 1835 691 Paley
1878 612 2060 671 fassus
2089 623 2212 691 est,

94 707 272 767 talem
323 708 383 765 in
431 706 889 764 Protestantium
936 704 1320 787 explicatione
1360 702 1536 784 (quae
1581 715 1781 763 tamen
1828 706 1937 787 ipsi
1975 707 2218 790 placet)

95 803 337 885 reperiri
394 802 799 882 difficultatem
819 845 840 873 ,
879 823 1050 880 quoe,
1103 810 1174 857 ut
1205 804 1541 858 minimum
1577 801 1780 858 dicam
1805 845 1820 874 ,
1860 824 2062 861 aerem
2102 809 2216 863 in-

94 901 537 976 vestz‘qatz‘onem
576 907 631 954 et
662 898 1060 955 eruditionem
1106 899 1403 972 requirit,
1442 914 1556 973 quo
1589 906 1942 954 amoveatur
1980 897 2217 976 (3).1ta

95 990 333 1072 quidem
367 980 591 1051 strenui
625 1013 690 1051 ac
719 989 914 1070 magni
940 991 1094 1049 inter
1118 1010 1249 1047 suos
1281 989 1537 1048 nominis
1569 989 1836 1049 doctores
1861 993 2057 1050 omnia
2083 1015 2213 1053 mo-

93 1087 318 1145 liuntur
337 1132 353 1159 ,
382 1085 631 1146 absurda
657 1099 906 1167 quaeque·
922 1083 1244 1158 devorant,
1280 1105 1402 1144 sese
1426 1085 1680 1146 invicem
1710 1084 1973 1145 lacerant
1993 1098 2054 1147 et
2080 1109 2219 1147 con-

93 1183 317 1255 futant,
344 1181 663 1240 dummodo
679 1179 931 1241 ,obvium
954 1190 1014 1238 et
1040 1178 1363 1270 litteralem
1393 1179 1612 1239 Christi
1638 1178 1954 1240 verborum
1978 1203 2218 1244 sensum

95 1276 410 1337 declinent.
462 1273 773 1336 Praeclarus
811 1295 986 1347 sane,
1040 1275 1088 1332 si
1123 1275 1251 1355 quis
1274 1296 1539 1356 >unquam
1560 1320 1576 1349 ,
1609 1275 1903 1335 catholicae
1953 1278 2216 1339 veritatis
2295 1353 2298 1356 Ι

92 1373 426 1455 triumphus
454 1373 466 1430 !

176 1467 273 1527 37.
322 1469 386 1526 6ο
439 1465 703 1546 Denique
751 1465 959 1524 ceteris
1014 1464 1240 1523 omissis
1267 1510 1282 1539 ,
1325 1487 1396 1523 ese
1433 1467 1760 1536 absurdis,
1811 1483 1940 1548 quae
1980 1489 2054 1527 ex
2088 1468 2213 1528 ad-

94 1563 483 1624 versariorum
512 1559 822 1641 hypothesi
848 1559 1242 1642 profluerent,
1284 1560 1567 1619 catholica
1595 1561 1809 1622 veritas
1840 1562 2129 1623 evincitur
2153 1575 2214 1624 et

93 1658 492 1717 confirmatur.
543 1656 666 1715 Nisi
703 1655 863 1715 enim
909 1655 972 1713 in
1029 1676 1204 1714 sensu
1249 1654 1486 1714 litterali
1531 1675 1597 1714 ac
1647 1657 1884 1737 proprio
1927 1678 1994 1715 ea
2035 1656 2216 1717 verba

94 1751 431 1834 protulisset
477 1749 780 1824 Christus,
833 1748 1132 1832 Apostolos
1186 1750 1310 1830 ipse
1348 1749 1671 1832 decepisset
1720 1762 1785 1810 vet
1822 1754 1932 1832 vper
1969 1772 2066 1812 eos
2113 1753 2217 1812 Ec—

95 1846 355 1922 clesiam,
400 1857 669 1928 quae,⁴ut
695 1867 767 1905 ex
804 1844 1067 1904 dicendis
1103 1845 1331 1928 patebit
1356 1891 1372 1917 ,
1407 1866 1638 1929 semper
1666 1866 1731 1904 ea
1767 1845 2096 1905 litteraliter
2130 1868 2219 1906 ac-

93 1943 281 2025 cepit3
324 1963 390 2002 ac
422 1939 672 2024 proinde
712 1940 975 2000 Christus
1014 1961 1145 1999 eam
1181 1938 1636 2000 ineluctabiliter
1663 1941 1724 1997 in
1761 1951 1998 2022 turpem
2026 1940 2218 2001 idolo-

93 2037 327 2097 latriam
350 2037 684 2116 conjecisset
709 2035 832 2116 (4);
878 2057 1006 2117 quae
1042 2036 1242 2095 omnia
1285 2033 1537 2094 absurda
1568 2046 1707 2095 sunt
1729 2047 1905 2118 atque
1940 2058 1973 2096 a
2006 2036 2210 2097 divina

95 2130 357 2193 bonitate
382 2154 620 2215 ,prorsus
646 2131 855 2191 aliena.

180 2226 280 2286 38.
330 2227 463 2289 Sive
501 2228 676 2307 igitur
698 2225 878 2289 verba
910 2225 1009 2286 illa
1031 2272 1047 2300 ,
1097 2225 1309 2307 quibus
1348 2225 1610 2285 Christus
1636 2225 2056 2287 Eucharistiam
2082 2249 2217 2308 pro-

100 2321 289 2394 misit,
320 2322 443 2383 sive
467 2322 576 2381 ista
591 2365 611 2396 .,
638 2319 849 2402 quibus
878 2342 1006 2379 eam
1036 2321 1289 2379 instituit
1311 2364 1330 2395 ,
1365 2322 1428 2378 in
1462 2320 1733 2379 omnibus
1773 2322 1889 2380 suis
1923 2321 2214 2399 adjunctis

169 2542 233 2606 (l)
269 2541 388 2591 Ibid.
418 2559 525 2607 pag.
561 2539 678 2608 769.

166 2624 235 2687 (2)
271 2622 345 2671 In
378 2622 564 2673 Mateh.
594 2633 712 2671 tom.
750 2639 767 2670 1
790 2640 926 2687 ‚pag.
970 2622 1067 2688 713
1090 2656 1106 2681 ,

102 2705 215 2754 edit.
245 2708 324 2757 cit.
716 2757 718 2759 ,

169 2787 245 2850 (3)
280 2789 328 2837 T
326 2789 384 2836 he
411 2788 635 2837 evidence
653 2787 710 2852 of
720 2787 1030 2851 christianity
1050 2786 1112 2850 by

113 2863 211 2917 W.
249 2868 501 2935 Paley.D.
541 2870 604 2919 D.
643 2880 763 2935 part.
803 2886 872 2928 ιι,
908 2886 1011 2934 cap.
1047 2867 1109 2929 3,

105 2960 223 2998 tom.
238 2967 273 2997 11
290 2985 304 3013 ,
321 2968 416 3015 pag.
434 2967 493 3019 91
515 2989 528 3011 ‚
547 2952 659 3000 edit.
675 2949 948 3015 Edimburg.
969 2948 1111 3014 1817.

104 3030 206 3079 cfr.
232 3029 308 3079 cl.
348 3030 452 3081 Nic.
487 3031 727 3081 Wiseman
766 3035 816 3080 in
855 3049 930 3097 op.
962 3030 1114 3079 Horae

104 3111 362 3177 Syriacae,
388 3123 500 3161 tom.
526 3130 545 3161 1
564 3151 578 3174 ‚
609 3113 635 3180 §
670 3128 690 3162 1
729 3124 775 3163 et
803 3131 935 3179 seqq.
954 3113 1115 3162 Romae

112 3192 240 3243 1828
261 3232 274 3255 ,
306 3195 387 3242 ubi
412 3194 660 3243 Hornaeum
686 3197 861 3260 egregie
885 3196 1113 3245 confutat.

175 3275 238 3338 (4)
291 3275 437 3323 Antea
493 3275 796 3324 Protestantes
846 3275 1114 3325 idololatriae

105 3358 358 3423 arguebant
384 3357 646 3406 Catholicos
665 3395 678 3418 ,
704 3374 757 3405 eo
782 3357 908 3422 quod
930 3357 1119 3407 Sanctos

105 3441 373 3489 invocarent
413 3455 667 3505 eorumque
712 3441 932 3503 imagines
979 3430 1120 3490 vene-

104 3531 314 3571 rarentur
329 3558 345 3583 ,
374 3538 503 3570 nunc
521 3559 534 3581 ‚
576 3539 628 3569 ea
665 3520 897 3569 calumnia
926 3520 1080 3571 relicta
1103 3560 1117 3584 ‚

104 3604 291 3653 eosdem
332 3602 599 3652 idololatriae
640 3619 739 3651 reos
778 3602 1031 3650 traducunt
1057 3603 1121 3651 ob

107 3685 423 3735 adorationem
445 3682 527 3733 SS.
547 3685 863 3732 Eucharistiae.
883 3682 980 3731 cfr.
999 3685 1119 3733 inter

110 3776 253 3815 cetera
297 3784 456 3832 opusc.
501 3769 578 3815 cui
614 3770 689 3816 tit.
741 3765 845 3813 The
879 3763 1035 3814 letters
1074 3766 1134 3829 of

1201 2539 1387 2604 Omeqa
1404 2539 1505 2587 and
1523 2538 1759 2587 Omicron
1785 2555 1848 2587 on
1879 2541 2215 2591 transubstan-

1191 2623 1371 2669 tiation
1386 2659 1399 2681 ,
1416 2620 1499 2686 By
1522 2620 1625 2670 The
1642 2621 1754 2670 Rev.
1769 2620 1821 2668 F
1823 2623 1989 2669 rancis
2004 2623 2069 2671 P.
2084 2622 2218 2672 Hen—

1192 2704 1296 2751 rick
1321 2741 1333 2764 ‚
1352 2703 1618 2764 Louisville,
1647 2700 1771 2751 1828
1790 2741 1802 2764 ‚
1831 2705 1881 2751 in
1898 2722 1991 2770 quo
2009 2706 2217 2756 minister

1192 2796 1445 2850 protestans
1485 2788 1774 2834 americanus
1813 2786 1976 2834 acerbe
2008 2804 2214 2854 conque-

1193 2870 1308 2915 ritur
1335 2867 1392 2916 de
1424 2866 1635 2933 pluribus
1666 2867 2010 2917 idololatrarum
2037 2872 2212 2935 myria-

1194 2949 1360 3011 dibus,
1384 2950 1482 2998 vid.
1511 2964 1616 3014 pag.
1650 2965 1707 2998 12
1730 2958 1775 2998 et
1801 2966 1932 3015 seqq.
1957 2960 2000 2998 et
2017 2967 2123 3016 pag.
2146 2948 2214 3000 25

1196 3042 1240 3080 et
1275 3049 1405 3097 seqq.
1428 3031 1606 3096 Nempe
1634 3033 1868 3079 vanissimi
1899 3033 1973 3079 isti
1996 3033 2214 3082 homines

1196 3114 1522 3179 superbissime
1555 3122 1841 3182 praesumunt
1857 3150 1870 3172 ‚
1894 3116 1986 3162 suis
2010 3117 2145 3179 nugis
2167 3124 2214 3164 et

1196 3198 1426 3262 perpetuis
1463 3195 1910 3244 contradictionibus
1939 3212 1987 3244 se
2015 3193 2214 3246 demon-

1198 3288 1360 3326 strasse
1380 3315 1393 3338 ,
1431 3286 1590 3325 contra
1623 3282 1827 3342 apertam
1858 3277 1972 3325 adeo
2000 3276 2212 3342 Scriptu-

1198 3378 1352 3408 rarum
1392 3361 1710 3408 auctoritatem
1747 3369 1792 3407 et
1828 3374 2015 3428 sensum
2050 3377 2213 3424 perpe-

1182 3452 1335 3509 tuum
1361 3440 1696 3489 t‘raditionalem
1711 3438 1923 3488 Ecclesiae
1944 3439 2181 3488 catholicae
2194 3476 2208 3500 ‚

1199 3540 1297 3573 non
1323 3525 1548 3572 contineri
1575 3524 1626 3570 in
1644 3498 1927 3570 Eucharist'ia
1942 3558 1956 3580 ,
1975 3522 2064 3568 nisi
2078 3522 2210 3584 panis

1199 3607 1452 3656 frustulum
1496 3615 1539 3654 et
1578 3607 1742 3654 vinum
1784 3603 1997 3652 rubrum.
2041 3601 2211 3669 Ecquis

1203 3698 1376 3738 tantam
1403 3687 1521 3737 ferat
1543 3686 1781 3736 audaciam
1796 3687 1821 3730 ἱ)

1843 3843 1966 3900 ·11.
