2502 4186
2071 227 2151 287 49

631 252 770 311 CAR·
797 251 876 291 lv.
920 252 988 287 DE
1030 247 1278 290 BAP'rlsm
1320 247 1606 312 SU'BJEG‘ro.

158 396 290 455 112.
334 392 434 452 His
481 391 714 473 positis,
755 389 1227 472 praemittendum
1277 388 1464 447 adhuc
1504 397 1627 460 est,
1676 385 1927 445 infantes
1954 430 1970 460 ,
2015 408 2150 448 cum

73 489 468 569 baptizantur,
499 485 768 565 consequi
794 483 1057 542 habitum
1082 481 1247 557 fidei,
1276 483 1375 562 qui
1403 480 1662 540 consistit
1688 480 1750 537 in
1786 480 1884 539 illa
1911 480 2150 563 disposi-

71 583 229 641 tione
250 627 265 655 ,
301 601 474 661 quam
500 579 676 658 gratia
702 575 1063 657 Baptismatis
1085 574 1230 654 ipsis
1252 575 1509 647 confert,
1551 585 1617 631 ut
1641 573 1801 632 facile
1838 586 2150 657 erumpant

73 677 137 735 in
164 676 295 734 fidei
321 685 538 748 actum,
577 693 706 730 cum
740 671 849 729 illis
885 660 1291 750 proponuntur
1316 667 1535 744 obJ'ecta
1564 667 1696 726 fidei
1732 667 2016 728 credenda
2038 670 2144 750 (l).

75 771 223 828 Hinc
242 814 257 844 ,
293 770 340 826 si
361 767 507 825 nihil
531 765 721 824 obstat
741 810 756 839 ,
781 766 875 825 vix
901 763 1036 844 ipsis
1058 760 1129 818 ab
1147 761 1389 820 Ecclesia
1412 761 1549 850 'fidei
1574 761 1794 819 articuli
1822 784 2155 844 proponun-

75 875 172 923 tur
199 884 328 921 cum
359 882 459 919 suo
494 861 712 919 motivo
747 857 968 917 formali
1000 900 1015 929 ,
1052 858 1387 914 auctoritate
1425 855 1636 914 scilicet
1672 857 1775 913 Dei
1801 858 2145 934 revelantiS,

76 958 214 1015 dum
231 955 424 1013 statim
440 955 834 1034 acquiescunt,
851 960 908 1008 et
929 960 1120 1007 actum
1138 950 1268 1008 fidei
1289 950 1522 1008 eliciunt
1540 995 1555 1023 ‚
1584 951 1867 1030 praeventi
1890 996 1905 1024 ,
1938 963 2003 1009 ut
2022 975 2153 1034 sup-

73 1050 345 1132 ponitur,
395 1060 453 1106 et
491 1048 674 1125 adjuti>
721 1043 941 1103 auxiliis
974 1044 1166 1122 gratiae
1208 1043 1280 1100 ad
1321 1044 1383 1101 id
1418 1044 1764 1102 necessariis.
1806 1047 1972 1104 Nunc
2015 1067 2153 1106 vero

75 1145 240 1225 parvi
276 1142 488 1201 laboris
514 1152 598 1201 est
627 1138 989 1198 enunciatam
1029 1138 1481 1219 propositionem
1513 1139 1727 1197 directe
1760 1140 2056 1199 adstruere
2094 1151 2155 1200 et

75 1239 397 1312 vindicare,
440 1234 590 1318 quod
626 1245 689 1291 ut
725 1229 1118 1306 obtineamus,
1157 1234 1235 1292 sic
1261 1234 1660 1314 progredimur
1698 1257 1712 1294 ε
1742 1235 1887 1293 illud
1912 1257 2155 1294 examen

75 1334 334 1415 permitti
358 1353 474 1390 non
503 1326 673 1386 debet
707 1326 1034 1404 hujusmodi
1061 1328 1344 1408 parvulis,
1380 1328 1535 1408 quod
1567 1331 1628 1387 1ο
1653 1331 1896 1388 destruit
1921 1330 2156 1411 disposi-

76 1428 296 1486 tionem
334 1424 518 1489 abiis
579 1422 641 1479 in
682 1423 973 1501 Baptismo
1014 1421 1315 1502 adeptam,
1366 1423 1433 1478 20
1468 1423 1624 1502 quod
1672 1436 1759 1482 est
1805 1424 1938 1483 fidei
1978 1426 2157 1483 totius

77 1515 435 1590 eversivum,
481 1516 545 1574 30
588 1514 742 1596 quod
789 1510 909 1574 non
941 1526 1131 1596 potest
1153 1536 1273 1574 esse
1308 1515 1539 1573 illorum
1575 1518 1727 1574 aetati
1758 1519 2159 1577 accommoda-

75 1623 201 1671 tum
229 1658 244 1687 ,
306 1611 372 1669 40
415 1610 572 1691 quod
614 1610 863 1690 denique
909 1609 1213 1690 suppletur
1267 1630 1371 1690 per
1420 1609 1678 1669 Ecclesiae
1728 1606 2149 1670 auctoritatem.

73 1695 247 1786 Atqui
275 1705 388 1764 tale
419 1717 505 1764 est
537 1702 776 1763 examen
796 1749 811 1778 ,
846 1703 1002 1784 quod
1027 1708 1194 1781 juxta
1223 1706 1610 1763 protestantes
1639 1706 1898 1785 permitti
1919 1705 2158 1766 deberet

72 1799 387 1858 infantibus
415 1799 746 1880 baptizatiS,
786 1818 918 1856 cum
954 1797 1191 1856 rationis
1225 1819 1396 1856 usum
1434 1799 1744 1878 attigerint.
1771 1801 1936 1879 Ergo,

157 1894 292 1953 113.
343 1895 405 1951 10
427 1939 443 1968 ,
470 1895 621 1953 Sane
657 1914 902 1952 examen
949 1891 1337 1952 dubitativum
1373 1903 1433 1951 et
1471 1894 1873 1973 suspensivum
1913 1894 2159 1954 destruit

75 1987 510 2069 dispositionem
543 1989 604 2046 in
636 1988 924 2068 Baptismo
963 1986 1252 2068 adeptam.
1307 1988 1416 2045 Per
1447 1987 1804 2066 Baptismum
1849 1989 2006 2046 enim
2028 2035 2044 2063 ,
2091 2000 2160 2047 ut

75 2082 359 2158 diximus,
400 2082 729 2141 infunditur
769 2103 867 2140 seu
913 2081 1185 2139 tribuitur
1227 2080 1457 2139 habitus
1497 2080 1664 2155 fidei,
1709 2081 2004 2163 dispositio
2047 2085 2160 2142 sci-

75 2173 208 2234 licet
247 2178 510 2257 proxima
557 2178 632 2235 ad
667 2175 969 2234 eliciendos
1007 2197 1108 2233 suo
1142 2187 1403 2256 tempore
1444 2175 1577 2234 fidei
1608 2187 1787 2234 actus,
1821 2179 1996 2236 Porro
2038 2177 2158 2237 haec

79 2268 371 2349 dispositio
393 2270 705 2327 destruitur
740 2289 846 2348 per
882 2290 1123 2327 examen
1157 2270 1568 2330 dubitativum.
1612 2271 1758 2327 Nam
1785 2291 1889 2350 per
1920 2271 2027 2329 hoc
2063 2293 2159 2330 re-

75 2377 354 2422 vocantur
382 2365 443 2422 in
472 2363 716 2421 dubium
748 2383 812 2420 ea
838 2407 852 2436 ,
888 2362 1093 2442 quibus
1124 2384 1229 2442 per
1266 2363 1440 2421 fidem
1474 2364 1717 2421 firmiter
1745 2364 2034 2422 adhaerere
2062 2367 2160 2422 in-

75 2457 334 2516 tellectus
378 2469 435 2516 et
486 2457 750 2519 voluntas
809 2455 1042 2514 debent.
1095 2455 1346 2513 Dubium
1404 2457 1558 2515 enim
1601 2468 1658 2515 et
1694 2458 1858 2515 firma
1910 2457 2157 2518 adhaesio

76 2565 280 2611 mutuo
313 2574 372 2612 se
406 2553 713 2611 destruunt
747 2561 917 2630 atque
955 2550 1237 2608 collidunt
1258 2595 1275 2625 ,
1316 2550 1805 2631 quemadmodum
1828 2573 1960 2610 runa
1985 2552 2157 2611 simul

80 2648 386 2706 consistere
420 2646 622 2727 nequit
654 2645 865 2703 sanitas
894 2665 1024 2702 cum
1052 2644 1290 2703 adversa
1319 2644 1670 2705 valetudine.

162 2741 294 2800 114.
326 2742 416 2816 20,
435 2740 586 2801 Illud
599 2760 842 2799 examen
867 2750 954 2797 est
967 2738 1100 2798 fidei
1119 2739 1292 2797 totius
1315 2740 1659 2801 eversivum.
1682 2737 1829 2797 Illud
1845 2738 2159 2799 enimfidei

85 2974 184 3005 cere
224 2966 389 3019 tentet,
427 2960 650 3022 quoniam
685 2957 784 3005 hoec
820 2957 902 3005 via
942 2965 1069 3005 tene-

83 3038 234 3099 brosa,
266 3047 310 3085 et
332 3038 395 3085 ad
420 3057 619 3087 errorem
650 3040 953 3103 omniqenum
985 3038 1071 3086 du-

83 3136 214 3178 cens,
252 3117 453 3166 declinat
479 3137 508 3168 a
533 3123 659 3184 reqio
688 3122 875 3168 tramite
891 3156 906 3179 ,
936 3136 1074 3184 quem

83 3201 305 3249 universa
325 3199 515 3247 traditio
538 3211 580 3248 et
607 3203 695 3249 SS.
722 3197 888 3249 Patres
911 3201 963 3248 in
990 3217 1071 3248 ex-

76 3282 309 3348 ponendis
338 3290 381 3327 ct
414 3281 718 3329 vindicandis
739 3283 857 3345 fidei
894 3284 1068 3330 verita-

83 3364 209 3411 tibus
238 3371 452 3409 stravere.
480 3362 600 3420 Quid
632 3380 761 3426 porro
786 3366 1074 3411 sentiendum

86 3445 143 3493 de
169 3445 331 3492 harum
359 3447 612 3491 novitatum
643 3454 821 3490 auctore
843 3480 855 3500 ‚
892 3449 972 3510 qui
1002 3447 1074 3491 di-

95 3529 211 3575 citur
236 3529 392 3589 viginti
413 3542 555 3572 annos
573 3527 867 3587 insumpsisse
882 3527 937 3572 ad
954 3535 1075 3574 certo

89 3606 178 3655 sibi
223 3607 582 3671 persuadendam
630 3607 911 3654 existentiam
956 3602 1076 3653 Dei?

85 3687 184 3736 cfr.
218 3704 318 3754 quae
361 3690 621 3754 scripsimus
655 3688 712 3736 de
748 3686 984 3736 Hermesio
1024 3687 1074 3734 in

165 3782 226 3839 T.
268 3783 364 3842 VI.

1150 2963 1284 3006 tract.
1300 2956 1378 3005 De
1393 2973 1502 3005 vera
1515 2956 1616 3005 Rel.
1637 2967 1737 3021 part
1752 2973 1803 3018 11,
1816 2975 1866 3006 n.
1881 2955 1949 3019 64
1966 2993 1980 3018 ,
2000 2966 2096 3005 not.
2118 2971 2158 3014 1,

1152 3050 1265 3088 tom.
1292 3057 1326 3087 1.
1344 3057 1447 3103 pag.
1473 3039 1587 3086 232.

1220 3121 1285 3185 (l)
1316 3120 1418 3172 sofr.
1445 3119 1494 3168 S.
1515 3119 1604 3168 Th.
1631 3123 1678 3165 2³¹
1705 3153 1721 3180 ‚
1753 3125 1808 3165 2³¹³
1828 3156 1841 3177 ,
1875 3136 1924 3184 q.
1953 3116 2016 3176 6,
2046 3135 2087 3165 a.
2111 3132 2160 3168 ι.

1155 3201 1194 3250 Α
1210 3202 1423 3250 Suarezio
1442 3203 1491 3248 in
1513 3210 1643 3248 tract.
1674 3198 1753 3246 De
1766 3199 1863 3262 fide
1882 3236 1893 3257 ,
1928 3200 2047 3262 disp.
2069 3213 2156 3260 vn,

1152 3293 1263 3331 sect.
1307 3299 1358 3342 1,
1391 3300 1440 3330 n.
1482 3282 1546 3340 3,
1585 3281 1806 3328 delinitur
1852 3279 2042 3326 habitus
2080 3281 2159 3326 in·-

1153 3363 1339 3411 clinans
1356 3371 1398 3410 et
1412 3363 1530 3409 dans
1559 3360 1974 3425 supernaturalem
2004 3358 2154 3423 sacul-

1156 3454 1294 3492 tatem
1343 3443 1572 3491 eliciendi
1627 3458 1870 3488 assensum
1897 3476 1913 3499 ,
1965 3446 2159 3505 propter

1137 3528 1481 3582 ,auctoritatem
1501 3525 1677 3590 primoe
1704 3524 1917 3571 veritatis
1941 3519 2154 3569 revelan-

1154 3609 1228 3663 tis.
1251 3606 1339 3657 Alii
1353 3607 1452 3657 aliis
1467 3606 1619 3656 verbis
1646 3606 1693 3655 id
1710 3608 1862 3669 ipsum
1878 3603 2152 3668 significant.

1870 3731 1923 3831 ’4
