2502 4186
544 253 611 288 nn
653 251 897 290 nuann.
947 250 1123 287 mour
1166 247 1256 286 Esr
1297 246 1724 286 SACRAMENTUM.
2069 224 2178 284 137

86 395 349 472 Syneta-is
377 388 451 449 ob
476 401 818 471 praesentem
856 388 1113 448 fidelium
1148 396 1396 460 coetum3
1436 408 1469 445 a
1505 384 1908 446 distributione
1933 387 2174 446 Fractz'o

80 489 298 567 ymnis,-
326 506 356 542 a
380 485 829 565 proprietatibus
850 483 1088 543 Novum
1121 481 1561 539 Testamentum
1581 480 1690 558 (1).

167 578 224 636 3.
273 579 559 636 Definitur
621 599 795 658 porro
876 574 1224 636 Eucharistia
1282 575 1739 654 Sacramentum
1787 574 2062 653 Corporis
2125 584 2180 633 et

86 675 418 752 Sanguinis
461 673 687 731 Christi
719 674 829 730 suh
866 672 1161 750 speciebus
1185 673 1374 747 panis
1410 689 1483 726 ac
1521 672 1658 726 vini
1688 669 1772 726 acl
1798 670 2178 748 spiritualem

84 770 348 847 fidelium
375 769 748 843 refectionem
782 789 823 824 a
862 766 1090 827 Christo
1133 765 1391 822 Domino
1429 765 1795 820 institutum.
1842 765 1967 820 Duo
2006 763 2177 840 hujus

89 861 441 920 Sacramenti
474 859 759 918 elementa
795 881 895 919 seu
934 857 1191 939 symbola
1227 867 1365 915 sunt
1389 901 1404 931 7
1443 855 1546 914 sed
1581 878 1764 913 unum
1797 855 2176 915 nihilominus

87 966 174 1013 est
208 955 644 1012 Sacramentum
666 954 987 1033 significans
1017 953 1223 1011 animae
1256 963 1466 1010 nostrae
1498 950 1852 1023 alimoniam.
1902 952 2046 1008 Vera
2075 972 2179 1008 au-

87 1058 208 1106 tem
249 1049 630 1106 Sacramenti
664 1048 810 1106 ratio
836 1048 897 1104 in
925 1044 1217 1126 speciebus
1247 1047 1411 1126 panis
1444 1057 1502 1104 et
1538 1046 1661 1104 vini
1696 1046 2009 1103 consecrati
2038 1065 2178 1103 con-

62 1142 236 1199 ·sistit
258 1186 272 1214 7
306 1153 479 1222 prout
520 1141 684 1200 docet
715 1139 1102 1198 Catechismus
1130 1142 1422 1198 Romanus
1445 1186 1461 1214 7
1506 1162 1606 1200 seu
1631 1141 1692 1197 in
1724 1161 1788 1199 ea
1815 1161 2012 1198 rerum
2036 1160 2181 1198 con—-

75 1237 376 1314 junctione
397 1281 413 1309 7
455 1256 578 1317 quae
600 1245 733 1315 post
767 1245 1059 1315 peractam
1089 1235 1580 1294 consecrationem
1607 1232 1859 1292 habetur
1886 1279 1902 1308 7
1936 1234 2182 1314 ideoque

79 1351 202 1388 non
237 1331 298 1388 in
325 1330 445 1388 sola
484 1329 907 1389 consecratione
946 1350 1009 1387 ac
1049 1329 1419 1410 perceptione
1446 1375 1463 1402 7
1505 1349 1633 1409 quae
1676 1329 2036 1387 Sacramenti
2077 1350 2182 1387 ra-

80 1426 308 1484 tionem
343 1447 463 1483 non
487 1422 725 1482 habent.
762 1423 968 1482 Differt
1000 1425 1157 1482 enim
1187 1423 1538 1482 Eucharistia
1567 1445 1597 1481 a
1622 1425 2005 1483 Sacramentis
2038 1423 2179 1483 reli-

82 1521 208 1600 quis
243 1521 304 1577 10
346 1520 406 1578 in
442 1540 508 1577 eo
537 1564 553 1591 7
599 1518 754 1599 quod
789 1530 976 1577 cetera
1015 1541 1120 1577 usu
1157 1519 1530 1599 perficiantur
1551 1562 1567 1592 7
1608 1517 1766 1575 istud
1797 1540 1935 1577 vero
1961 1519 2024 1576 in
2055 1520 2181 1599 ipsa

82 1615 413 1695 perficiatur
437 1613 866 1672 consecratione
894 1613 1150 1672 materiae
1171 1657 1186 1686 7
1213 1623 1270 1672 et
1294 1623 1600 1693 propterea
1621 1610 1847 1670 tamdiu
1877 1613 2177 1693 perdurat,

85 1708 364 1788 quamdiu
392 1708 625 1788 *species
677 1706 962 1765 sensibilis
1019 1707 1184 1788 panis
1227 1727 1291 1765 ac
1331 1707 1455 1767 vini
1497 1706 1846 1788 incorruptae
1895 1717 2181 1785 manent3

83 1802 150 1859 20
171 1801 326 1882 quod
351 1802 412 1859 in
434 1801 556 1859 aliis
572 1800 891 1860 substantia
907 1801 1160 1860 materiae
1185 1823 1304 1859 non
1320 1801 1663 1860 immutetur
1678 1847 1693 1874 7
1709 1811 1968 1860 mutetur
1982 1813 2182 1861 tamen

82 1896 145 1954 in
172 1897 316 1970 ist03
347 1895 414 1954 30
439 1895 677 1955 demum
705 1895 815 1955 hoc
847 1896 950 1954 uni
979 1895 1086 1954 sibi
1113 1895 1293 1956 veluti
1318 1897 1616 1977 proprium
1644 1896 1899 1956 vindicat
1918 1943 1933 1972 7
1971 1909 2182 1956 utnon

82 1989 255 2048 modo
279 1991 352 2049 sit
375 1992 811 2050 Sacramentum
831 2036 847 2065 7
879 1990 980 2050 sed
1007 1990 1184 2049 etiam
1213 2011 1414 2051 verum
1438 1991 1788 2050 Sacrificium
1810 2017 1826 2065 ς
1856 2013 1919 2050 ac
1934 1991 2180 2073 proinde

84 2096 364 2164 quatenus
400 2096 486 2144 est
510 2087 945 2144 Sacramentum
963 2131 979 2160 7
1014 2084 1204 2144 tendit
1229 2087 1504 2166 primario
1530 2085 1603 2144 ad
1630 2086 1938 2144 hominum
1962 2086 2182 2144 sancti-

85 2179 413 2237 ficationem
429 2223 444 2252 7
466 2191 749 2259 quatenus
773 2201 911 2255 vero
937 2190 1023 2238 est
1037 2182 1408 2255 Sacrificium7
1425 2181 1701 2262 primario
1717 2181 1793 2240 ad
1810 2184 1991 2240 Deum
2009 2180 2182 2240 refer-

85 2282 179 2330 tur
210 2272 267 2329 in
294 2273 743 2350 recognitionem
766 2275 1019 2354 supremi
1047 2275 1222 2354 ipsius
1252 2275 1312 2331 in
1333 2296 1424 2334 res
1449 2279 1665 2334 creatas
1685 2297 1885 2333 omnes
1909 2274 2173 2352 dominii.

164 2365 220 2423 4.
272 2368 352 2424 Ex
389 2378 680 2445 postrema
720 2378 777 2425 et
803 2368 1088 2448 praecipua
1133 2367 1241 2426 hac
1281 2367 1604 2440 differentia
1628 2414 1643 2442 7
1682 2390 1795 2449 qua
1828 2368 2181 2426 Eucharistia

13 2478 15 2481 ⁴
87 2459 162 2518 ab
197 2459 322 2517 aliis
359 2461 739 2520 Sacramentis
767 2461 1143 2541 distinguitur
1163 2506 1178 2535 7
1205 2473 1367 2543 patet
1386 2508 1400 2537 7
1431 2463 1618 2544 ipsam
1648 2462 1936 2544 duplicem
1965 2461 2180 2521 habere

83 2565 410 2635 respectum
432 2600 448 2629 7
485 2557 841 2614 Sacramenti
868 2557 1080 2615 scilicet
1103 2568 1160 2616 et
1186 2558 1487 2631 Sacrificiig
1515 2580 1585 2617 ex
1614 2580 1728 2639 quo
1757 2559 1983 2637 exurgit
2001 2558 2178 2616 totius

82 2659 353 2707 tractatus
390 2650 451 2706 in
479 2648 619 2707 duas
653 2660 844 2731 partes
875 2650 1235 2726 distributio,
1275 2652 1338 2709 in
1368 2674 1615 2733 quarum
1650 2654 1826 2733 priori
1860 2662 2058 2731 agetur
2099 2650 2173 2709 de

85 2743 426 2803 Eucharistia
445 2788 468 2816 ,
500 2755 673 2825 prout
709 2757 795 2804 est
823 2747 1294 2822 Sacramentum7
1333 2747 1393 2804 in
1425 2748 1726 2828 posteriori
1772 2757 1965 2806 autem
1989 2745 2061 2805 de
2081 2767 2180 2806 ea-

85 2835 217 2895 dem
232 2880 248 2910 7
266 2849 436 2918 prout
468 2851 554 2898 est
583 2841 950 2900 Sacrificium.

864 3023 1071 3091 PARS
1114 3024 1386 3093 PRIOR.

442 3188 509 3224 DE
549 3189 960 3243 EUGHARIST1A7
1004 3190 1179 3228 PROUT
1223 3191 1318 3228 EST
1362 3189 1807 3228 SACRAMENTUM.

162 3342 217 3402 5.
262 3344 659 3403 Praetermissis
719 3347 910 3404 minus
955 3349 1286 3407 necessariis
1334 3345 1781 3429 quaestionibus7
1835 3344 1924 3405 de'
1966 3344 2175 3427 quibus

81 3438 570 3520 consulivpossunt
610 3440 961 3515 scholastici7
1006 3464 1112 3501 nos
1152 3441 1224 3501 ab
1259 3464 1326 3502 ea
1360 3443 1564 3501 statim
1606 3440 2032 3522 auspicabimur
2081 3460 2175 3498 ca-

144 3586 207 3650 (l)
244 3588 477 3637 Potissima
505 3592 692 3638 nomina
730 3590 806 3637 hic
841 3592 1070 3638 recensui·
1155 3590 1404 3658 μυστιίριον,
1428 3589 1636 3649 κοινωνίαι,
1660 3592 1745 3640 cfr.
1765 3590 2035 3639 Suicerusin
2056 3587 2176 3635 The-

81 3682 200 3717 mus.
242 3669 451 3719 Ceterum
501 3671 557 3720 de
608 3672 793 3720 vocibus
844 3669 1041 3731 Εὗλογιάι
1057 3710 1071 3734 ,
1164 3690 1308 3722 sauro
1320 3673 1428 3723 eccl.
1445 3673 1531 3722 sub
1558 3673 1749 3723 vocibus
1773 3674 1892 3719 istis.
1909 3670 1997 3719 Hic
2021 3680 2172 3718 tamen

79 3746 328 3817 τρέε-φαμι,
365 3750 535 3817 θυσίαι,
576 3753 845 3822 λειτουργίαι,
879 3751 1049 3816 cuvoli&
1069 3793 1083 3818 ‚
1170 3753 1348 3821 ubique
1377 3773 1425 3806 se
1454 3754 1737 3806 calvinistam
1767 3752 1938 3818 prodit.
