2502 4186
283 254 395 314 184

889 268 1211 306 'rnAc'rA'rUs
1255 268 1323 304 DE
1367 269 1762 308 EUCHARISTIA.

275 409 753 482 valedicendum‚
798 417 973 488 prout
1010 405 1378 487 prudentiori
1418 406 1656 467 consilio
1699 429 1857 467 nunc
1903 409 2143 473 demum
2190 437 2383 477 recen-

278 510 452 568 tiores
476 509 869 565 protestantes
893 501 1080 560 fecere
1109 501 1185 560 ad
1209 500 1491 562 tuendam
1526 523 1757 561 causam
1785 524 1948 563 suam
1973 550 1989 580 .,
2031 520 2132 566 aut
2150 497 2389 572 >victoria

275 599 570 662 catholicae
593 597 826 657 veritati
853 606 942 655 est
977 594 1050 654 ab
1077 596 1215 678 ipsis
1253 598 1493 656 omnino
1531 596 1932 658 adscribenda.

358 694 454 751 68.
500 695 603 750 110.
652 690 922 770 Liturgiae
967 712 1170 750 omnes
1194 736 1210 765 ,
1251 714 1380 773 quae
1415 702 1552 751 ante
1587 713 1700 752 sec.
1733 695 1861 752 XVI
1900 693 2067 754 editae
2094 707 2268 773 sunt,
2300 701 2387 759 uti

275 787 480 848 scribit
508 789 584 847 Le
607 789 797 864 Brun,
829 787 893 844 in·
931 808 999 846 eo
1028 787 1388 848 conveniunt
1411 832 1426 861 ,
1465 797 1530 845 ut
1569 787 1875 848 adstruant
1915 789 2135 850 realem
2177 791 2391 853 Christi

274 883 655 966 praesentiam
694 882 802 962 (1).
843 882 960 940 Has
987 881 1141 941 inter
1167 892 1385 942 ceteros
1421 882 1728 964 proferunt
1757 895 1815 943 et
1840 884 2136 944 illustrant
2177 899 2391 968 praeter

270 980 350 1038 Le
389 979 548 1038 Brun
583 976 752 1037 Card.
796 978 953 1035 Bona
983 975 1071 1056 (2)
1093 1021 1109 1051 ,
1145 989 1346 1037 auctor
1399 979 1827 1057 Perpetuitatis
1845 981 1992 1058 fidei
2038 981 2166 1061 (3),
2217 983 2386 1043 Card.

275 1072 614 1133 Thomasius
643 1072 761 1152 (4),
790 1070 1183 1132 Renaudotius
1216 1072 1327 1154 (5),
1352 1073 1697 1132 Assemanus
1727 1075 1851 1154 (6),
1880 1073 2250 1136 Mabillonius
2271 1077 2385 1159 (7),

268 1167 618 1228 Muratorius
646 1166 754 1246 (8).
797 1168 932 1226 Jam
960 1167 1193 1227 veroin
1220 1167 1311 1226 his
1337 1167 1580 1248 liturgiis
1602 1214 1618 1243 ,
1661 1168 1823 1228 nulla
1849 1182 2088 1251 excepta
2110 1216 2126 1246 ,
2151 1184 2388 1252 rogatur

272 1263 428 1322 Deus
450 1306 466 1335 ,
504 1272 571 1319 ut
602 1281 820 1342 panem
854 1283 962 1343 per
1004 1262 1287 1343 Spiritum
1316 1264 1372 1322 S.
1414 1273 1810 1336 transmutet,
1854 1269 2222 1344 transferat,
2249 1289 2386 1326 con—

270 1366 462 1415 vertat
481 1359 551 1414 in
579 1355 843 1437 Corpus,
869 1367 971 1415 aut
985 1359 1185 1435 faciat
1204 1357 1425 1438 Corpus
1451 1359 1487 1416 J
1490 1378 1590 1417 esu
1613 1358 1826 1417 Christi
1836 1364 2164 1439 proprium
2179 1404 2201 1433 ,
2234 1362 2391 1443 quod

269 1471 380 1532 pro
415 1448 584 1509 nobis
626 1451 962 1510 crucifixum
995 1462 1083 1511 est
1105 1496 1121 1527 ,
1164 1461 1224 1510 et
1275 1453 1481 1514 vinum
1515 1456 1735 1534 pariter
1766 1465 2078 1514 trasmutet
2099 1500 2115 1531 ,
2165 1467 2277 1515 etc.
2326 1457 2389 1516 in

271 1545 656 1625 Sanguinem,
707 1546 807 1627 qui
851 1567 960 1628 pro
1000 1545 1169 1607 nobis
1210 1547 1423 1607 effusus
1472 1559 1557 1608 est
1598 1548 1721 1629 (9);
1766 1571 1867 1610 seu
1908 1549 2282 1631 simpliciter,
2323 1563 2390 1611 ut

341 1778 405 1843 (1)
422 1776 738 1845 Explication
755 1778 812 1828 de
825 1777 873 1827 la
886 1781 1069 1841 Messe,
1090 1790 1200 1829 tom.
1217 1794 1287 1842 ιιι,

275 1858 388 1908 diss.
428 1876 518 1919 ια,
553 1870 642 1912 art.
678 1859 740 1922 5,
780 1859 910 1910 Paris
943 1860 1087 1929 1741.

340 1941 404 2005 (2)
444 1941 624 1990 Rerum
681 1941 1049 2008 liturqicarum,
1087 1944 1172 1994 lib.
1231 1961 1285 2006 ι,

271 2039 375 2089 cap.
405 2021 468 2081 8,
501 2034 546 2072 et
581 2041 712 2091 seqq.

1378 1778 1595 1846 Sanquis
1621 1790 1733 1830 tuus
1755 1784 2020 1848 pretiosus,
2055 1795 2110 1834 ut
2131 1788 2232 1835 sint
2251 1787 2388 1836 nobis

1374 1866 1430 1910 in
1442 1864 1734 1928 praesidium
1748 1899 1764 1924 ‚
1796 1875 1882 1913 etc.
1901 1865 1959 1913 Et
1977 1869 2025 1914 in
2041 1867 2222 1933 liturgia
2243 1885 2385 1934 graeca

1372 1945 1683 1995 Alexandrina
1711 1946 1760 1995 S.
1793 1947 1948 1995 Basilii
1972 1959 2014 1997 et
2050 1948 2096 1999 S.
2128 1949 2329 2014 Gregorii
2368 1967 2383 1999 ε

1380 2025 1464 2074 Tu
1488 2026 1702 2075 Domine
1729 2044 1836 2076 voce
1868 2037 1952 2077 tua
1981 2040 2219 2078 commuta
2246 2031 2348 2079 haee
2368 2068 2382 2092 ‚

339 2103 407 2169 (3)
446 2104 584 2155 Tom.
615 2122 699 2164 111,
727 2106 811 2156 liv.
840 2106 1083 2156 huitieme.
1371 2123 1476 2172 quoe
1502 2117 1618 2156 sunt
1638 2111 1886 2175 proposita
1911 2111 2121 2171 (scilicet
2151 2130 2318 2177 panem
2344 2122 2390 2161 et

337 2187 407 2250 (4)
441 2185 564 2251 opp.
594 2197 703 2236 tom.
735 2205 783 2245 1,
812 2198 928 2253 part.
963 2206 997 2238 ι.
1029 2188 1110 2237 De
1145 2189 1285 2238 litur-
1370 2191 1530 2238 vinum
1562 2193 1595 2256 ).
1654 2190 1738 2238 Tu
1779 2206 1938 2239 coram
1986 2192 2139 2251 nohis
2161 2195 2381 2259 positus,

266 2269 351 2330 qia
369 2277 413 2315 et
417 2268 690 2334 psalmodia
714 2273 933 2335 antiqua,
959 2271 1116 2319 Romae
1141 2271 1284 2339 1741.
1362 2272 1546 2336 perfice
1564 2272 1703 2320 nobis
1731 2271 1816 2320 hoc
1843 2274 2172 2322 ministerium
2186 2274 2389 2340 plenum

337 2349 398 2411 (5)
438 2349 785 2416 Liturqiarum
829 2353 1138 2402 orientalium
1185 2354 1282 2404 col·
1368 2354 1614 2417 mysteriis
1634 2391 1648 2414 ‚
1693 2356 1825 2402 mitte
1865 2371 2010 2421 super
2052 2373 2138 2404 nos
2177 2359 2389 2421 qratiam

263 2430 399 2479 lectio
422 2468 435 2492 ‚
474 2430 613 2480 Paris.
643 2431 785 2499 1716.

333 2513 395 2577 (6)
438 2512 597 2562 Codex
627 2514 882 2580 liturqieus
920 2517 1132 2567 ecelesia»
1163 2520 1282 2567 uni·

262 2610 408 2643 versoe
424 2632 437 2654 ,
469 2593 630 2644 Romae
654 2596 797 2664 1749.

330 2677 401 2742 (7)
419 2677 693 2744 Deliturqia
704 2681 951 2746 qallicana
954 2719 970 2745 ,
978 2682 1119 2732 Paris,
1130 2682 1277 2736 1685.

331 2760 407 2825 (8)
444 2760 676 2826 Liturqia
720 2763 940 2813 Romana
974 2774 1106 2814 vetus
1124 2802 1139 2827 ,
1184 2766 1277 2815 Ve—

261 2850 359 2890 net.
382 2839 530 2908 1748.

332 2921 406 2985 (9)
443 2923 697 2974 Innumera
720 2943 861 2992 prope
887 2931 1071 2994 congeri
1092 2941 1274 2995 possent

258 3006 519 3054 testimonia
562 3024 615 3055 ex
653 3008 848 3074 liturgiis
880 3013 1082 3076 antiquis
1108 3048 1123 3071 ,
1169 3028 1272 3078 quae

255 3083 538 3135 catholicum
557 3088 799 3159 dogma-de
815 3091 925 3139 reali
957 3091 1125 3141 Christi
1151 3110 1270 3158 prae-

257 3170 403 3216 sentia
437 3170 557 3219 clare
586 3171 700 3231 adeo
736 3173 1006 3235 adstruunt,
1039 3185 1092 3223 ut
1122 3192 1269 3224 caecus

256 3252 315 3297 sit
330 3261 563 3314 oporteat,
593 3253 735 3318 quiid
749 3271 846 3302 non
866 3256 1035 3305 videat.
1054 3256 1268 3322 Exempli

253 3348 392 3380 causa
412 3368 426 3392 ,
448 3350 508 3381 ne
533 3334 761 3398 longiores
803 3338 945 3385 simus
962 3373 976 3396 ‚
1015 3356 1164 3387 unum
1195 3339 1267 3388 vel

256 3413 451 3462 alterum
470 3416 770 3479 proferemus.
793 3417 847 3465 In
864 3418 1042 3484 liturgia
1066 3422 1263 3485 coptica,

255 3493 308 3543 S.
345 3495 500 3545 Basilii
546 3501 737 3547 nomine
770 3501 985 3565 inscripta
1005 3540 1018 3561 ,
1048 3501 1219 3568 legitur
1248 3521 1262 3551 τ

258 3576 499 3643 Transfer
522 3596 599 3628 eos
625 3584 827 3647 (panem
856 3594 902 3632 et
929 3584 1171 3650 calicem),
1195 3588 1264 3634 ita

246 3667 302 3705 ut
319 3662 474 3723 panis
490 3661 684 3726 quidem
709 3662 786 3713 icio
804 3665 899 3728 fiat
920 3666 1109 3731 Corpus
1127 3676 1264 3716 tuum

246 3750 466 3792 sanctum
483 3781 497 3806 ‚
520 3753 564 3793 et
584 3744 670 3795 hoe
699 3747 909 3797 mixtum
931 3749 987 3796 in
1008 3748 1094 3798 hoc
1115 3749 1262 3799 calice

1366 2430 1588 2500 Spiritus
1641 2434 1841 2498 Sancti,
1903 2439 1991 2501 qui
2025 2437 2299 2494 sanctificet
2343 2447 2390 2486 et

1367 2518 1624 2582 transferat
1649 2517 1749 2566 haee
1768 2518 1893 2567 dona
1909 2522 2160 2585 proposita
2180 2521 2236 2567 in
2264 2519 2384 2568 Cor-

1355 2617 1455 2669 pus
1478 2608 1524 2647 et
1551 2596 1859 2665 Sanquinem
1897 2600 2071 2648 salutis
2101 2609 2274 2649 nostrae
2292 2638 2305 2661 ‚
2333 2610 2378 2649 et

1362 2673 1491 2728 hunc
1527 2682 1720 2745 quidem
1757 2698 1938 2747 panem
1973 2682 2136 2746 facias
2192 2681 2378 2747 Corpus

1359 2771 1498 2810 tuum
1523 2771 1773 2824 sanctum,
1820 2773 1920 2823 etc,
1971 2774 2015 2812 et
2050 2782 2206 2812 rursus
2246 2763 2376 2812 hunc

1360 2843 1554 2893 calicem
1595 2846 1884 2908 sanquinem
1907 2848 2178 2911 pretiosum
2227 2855 2372 2894 testa-

1356 2927 1510 2974 menti
1520 2927 1596 2974 tui
1610 2929 1727 2975 novi
1742 2965 1755 2988 ,
1788 2937 1875 2976 etc.
1897 2928 1951 2975 In
1968 2929 2139 2977 Missali
2156 2928 2369 2991 Gothico,

1357 3026 1437 3057 seu
1485 3007 1720 3057 Gallicano
1753 3013 2025 3077 perantiquo
2050 3048 2064 3070 ,
2109 3013 2174 3059 sic
2208 3013 2374 3077 legitur

1353 3093 1402 3138 in
1422 3090 1560 3139 Missa
1588 3092 1644 3140 de
1672 3091 1928 3157 Epiphania
1955 3110 1968 3141 :
2005 3092 2073 3142 Ut
2091 3131 2105 3154 ,
2139 3094 2225 3158 qui
2251 3102 2365 3141 tune

1353 3188 1503 3236 aquas
1531 3175 1587 3220 in
1612 3175 1729 3222 vina
1755 3176 1984 3236 mutavit,
2012 3191 2144 3223 nune
2164 3177 2222 3222 in
2238 3175 2364 3222 San-

1349 3257 1550 3319 quinem
1583 3273 1727 3304 suum
1766 3256 2058 3305 oblationum
2095 3259 2212 3304 vina
2248 3273 2363 3304 con-

1351 3346 1520 3387 vertat.
1556 3339 1612 3386 Et
1636 3341 1688 3387 in
1709 3339 1848 3388 Missa
1877 3340 2153 3388 Dominicali
2186 3341 2251 3387 sic
2276 3340 2362 3388 ha·

1350 3419 1487 3468 betur
1516 3424 1561 3469 in
1603 3425 1806 3471 oratione
1838 3433 2004 3471 secreta
2051 3439 2065 3469 ε
2100 3417 2366 3469 Precamur

1350 3514 1504 3552 mente
1538 3505 1808 3568 docetote,
1855 3507 2091 3571 Majestas
2127 3513 2310 3552 aeterna
2341 3540 2359 3566 ‚

1345 3595 1401 3634 ut
1442 3596 1663 3652 operante
1705 3590 1879 3637 virtute
1915 3604 2094 3652 panem
2125 3595 2362 3634 mutatum

1345 3670 1400 3715 in
1423 3669 1632 3718 Carnem
1646 3705 1662 3730 ‚
1696 3669 1922 3736 poculum
1947 3655 2135 3717 versum
2149 3670 2205 3716 in
2228 3666 2362 3717 San-

1342 3754 1574 3816 quinem‚
1619 3751 1757 3801 illum
1800 3768 2048 3801 sumamus
2094 3752 2150 3799 in
2181 3750 2356 3812 calice,
