2502 4186
288 249 362 311 37
367 251 404 308 4
912 265 1242 304 ,ΤιιΑοΤΑΤΠε
1284 268 1353 303 nn
1399 261 1787 307 roemrnn‘rla.

287 415 509 473 tionem
555 423 728 468 sensu
761 407 1039 488 mystim,
1088 417 1155 465 ut
1198 406 1444 481 dicitur,
1487 427 1551 466 ac
1593 407 1792 465 minus
1838 405 2096 490 proprio.
2123 413 2262 473 ,Hac
2303 434 2403 471 ra-

286 509 445 566 tione
477 503 883 582 disJiciuntur,
919 522 1048 585 quae
1083 503 1208 563 sive
1250 501 1330 562 ab
1367 503 1688 582 Augustino
1715 503 1837 562 sive
1876 501 1950 561 ab
1978 502 2105 562 aliis
2139 507 2407 567 Patribus

285 600 595 685 proferunt
621 598 959 658 adversarii.
1013 600 1165 658 Sane
1199 599 1258 657 S.
1290 598 1644 678 Augustinus
1691 596 1835 656 alibi
1865 598 2162 673 affirmat,
2197 601 2411 662 Christi

282 693 509 757 verba:
543 693 948 774 Quaecumque
971 695 1402 773 alligaveritis,
1427 702 1535 751 etc.
1553 692 1800 774 intelligi
1821 692 1891 752 de
1907 700 2282 777 praeposius,-
2295 719 2414 782 per

283 808 427 870 quos
450 788 724 849 Ecclesia
739 789 1128 869 yubernatur
1147 789 1272 869 (l);
1300 787 1458 870 quod
1479 799 1539 847 et
1571 787 1645 847 de
1673 789 1882 848 ceteris
1909 791 2130 872 pariter
2160 803 2406 851 constat.

282 886 368 943 Ex
394 884 483 943 his
505 883 796 944 calumnia
825 899 1058 965 quoque
1083 884 1378 945 evanescit
1408 883 1661 964 impacta
1686 883 1750 942 in
1779 881 2184 944 Tridentinam
2218 888 2411 966 Syno-

282 978 425 1039 dum
461 994 493 1040 a
522 979 702 1039 Paulo
739 979 942 1061 Sarpio
978 983 1218 1061 ejusque
1241 978 1605 1061 postillatore
1649 980 1978 1058 Gourajerio
1997 1026 2013 1056 ,
2039 981 2198 1063 quod
2225 982 2409 1041 nimia

282 1074 498 1135 scilicet
533 1073 808 1134 facilitate
838 1073 1224 1156 appellaverit
1248 1074 1325 1133 ad
1354 1073 1747 1134 universalem
1779 1076 2022 1133 Patrum
2059 1094 2408 1138 consensum

282 1169 502 1251 absque
529 1170 748 1250 praevia
787 1165 1131 1229 eorumdem
1172 1170 1412 1229 Pati-'um
1446 1169 1804 1230 discussione
1843 1171 1956 1251 (2).

368 1265 465 1325 17.
514 1264 646 1344 Obj.
701 1265 976 1325 secunda.
1033 1266 1097 1324 10
1142 1260 1386 1324 Nullum
1429 1266 1492 1324 in
1530 1267 1658 1325 Vet.
1710 1267 1864 1325 Test.
1921 1267 2259 1327 institutum
2299 1269 2409 1328 fuit

281 1363 724 1421 Sacramentum
750 1361 825 1420 ad
849 1361 1102 1428 eluenda
1135 1372 1370 1440 peccata
1392 1405 1407 1434 ,
1455 1378 1586 1443 quae·
1611 1403 1629 1435 ,-
1664 1361 1885 1421 fatente
1912 1363 2037 1443 ipsa
2065 1362 2409 1424 Tridentina

281 1455 513 1537 Synodo
540 1493 556 1532 ,
588 1474 724 1517 sessu
764 1457 893 1517 XIV
912 1501 928 1530 ,
959 1464 1085 1538 cap.
1129 1457 1153 1515 Ι
1175 1486 1193 1532 3
1224 1454 1343 1515 sola
1386 1454 1740 1516 delebantur
1769 1457 2134 1517 Poenitentiae
2158 1459 2408 1534 virtuter,

280 1559 561 1636 quorsum
598 1552 778 1632 igitur
807 1552 1150 1611 institutum
1171 1551 1532 1611 censendum
1570 1553 1680 1611 erit
1713 1552 1781 1609 in·
1806 1553 1958 1611 Novz
1991 1549 2173 1626 ΤΕ-εις
2201 1554 2313 1613 nisi
2344 1566 2411 1613 ut

278 1653 442 1731 pejor
462 1651 627 1708 fieret
661 1659 863 1708 nostra
893 1648 1150 1707 conditio
1168 1648 1196 1704 Ρ
1226 1648 1295 1705 20
1324 1648 1474 1706 Sane
1510 1670 1523 1706 :
1561 1651 1712 1728 Quis
1726 1657 1919 1727 potest
1944 1650 2245 1708 dimittere
2266 1667 2411 1728 pee—

281 1757 416 1805 cata
435 1789 457 1818 ,
507 1749 637 1803 niso*
679 1746 835 1803 solus
882 1745 1047 1803 Deus
1091 1742 1120 1800 5²
1162 1736 1371 1802 Nullus
1415 1742 1663 1825 proinde
1706 1742 1883 1801 homo
1940 1743 2092 1802 hanc
2144 1744 2254 1802 sibi
2312 1765 2409 1803 ar-

284 1861 486 1919 rogare
509 1849 704 1921 potest
728 1838 1090 1916 judiciariam
1113 1847 1491 1919 potestatem,
1517 1846 1679 1896 secus
1703 1858 1768 1895 ac
1791 1834 2073 1897 Catholici
2107 1839 2344 1914 docent,
2373 1861 2405 1898 a

285 1932 692 1994 Sacerdotibus
741 1933 865 1991 fieri
909 1951 1016 2011 per
1065 1934 1506 1991 Sacramentum
1559 1934 1946 1993 Poenitentiae.
2002 1933 2067 1992 30
2117 1935 2307 2007 Quare
2342 1936 2406 1993 in

214 2044 223 2050 ”
286 2029 591 2110 Scripturis
625 2046 932 2108 nunquam
958 2027 1276 2108 peccatoris
1293 2028 1629 2104 justificatio
1659 2026 2006 2087 adscribitur
2031 2030 2406 2089 Sacramento

283 2123 686 2197 Poenitentiae,
742 2119 846 2181 sed
880 2120 1198 2202 impiorum
1242 2121 1652 2194 conversioni3
1702 2133 1771 2181 ut
1821 2122 2093 2198 Zachaei,
2149 2124 2407 2184 mulieris

284 2218 628 2300 poenitentis
651 2262 667 2293 ‚
718 2217 874 2275 Petri
918 2216 1185 2297 exempla
1222 2217 1525 2276 declarant
1547 2262 1563 2291 ,
1603 2217 1724 2276 imo
1759 2229 1818 2277 et
1846 2217 2120 2300 parabola
2157 2219 2282 2278 Filii
2330 2220 2406 2279 ad

226 2326 228 2329 ’
286 2318 521 2373 Patrem
552 2323 899 2394 consumpta
937 2311 1276 2371 haereditate
1309 2313 1695 2387 revertentiS,
1735 2313 1802 2371 in
1828 2335 1943 2395 qua
1980 2314 2245 2373 Christus
2278 2336 2408 2397 per-

284 2411 445 2469 fectae
478 2408 883 2490 resipiscentiae
926 2406 1226 2489 exemplar
1258 2406 1534 2467 exhibere
1581 2408 1781 2468 voluit⁶
1812 2408 1879 2466 4⁰
1913 2409 2116 2486 Addo,
2159 2409 2318 2491 quod
2355 2410 2405 2468 si

289 2505 552 2565 Christus
577 2506 641 2563 in
660 2503 928 2564 adductis
956 2504 1302 2563 testimoniis
1327 2505 1770 2563 Sacramentum
1794 2505 2170 2579 instituisset,
2199 2526 2404 2586 seque-

287 2611 484 2674 retur,
525 2601 964 2660 Sacramentum
998 2600 1203 2658 confici
1237 2645 1253 2674 ,
1290 2599 1511 2658 nedum
1538 2600 1773 2682 quando
1803 2601 2079 2660 Sacerdos
2101 2600 2356 2660 absolvit
2381 2646 2397 2675 ,

287 2713 495 2754 verum
522 2695 696 2756 etiam
727 2694 964 2776 quando
994 2693 1133 2774 ligat
1153 2716 1252 2754 seu
1282 2691 1518 2776 peccata
1541 2697 1793 2769 retinet,
1836 2696 1992 2776 quod
2017 2717 2191 2756 nemo
2221 2695 2394 2755 dicet.

287 2792 450 2870 ErgO.

351 2953 422 3017 (l)
458 2953 539 3002 De
570 2953 676 3003 Civ.
711 2952 832 3015 Dei,
863 2955 946 3003 lib.
975 2974 1063 3015 xx,
1094 2972 1196 3021 cap.
1232 2973 1300 3024 9,
1385 2966 1497 3004 est:
1526 2955 1640 3005 Non
1679 2958 1811 3004 enim
1850 2957 2036 3018 solum,
2074 2975 2181 3023 quoe
2214 2959 2404 3010 solvunt

285 3055 419 3085 num.
439 3036 667 3085 2.Eadem
679 3036 834 3096 habet,
854 3035 1167 3096 Serm.ccxcv‚
1185 3037 1299 3085 alias
1389 3033 1694 3099 Sacerdotes,
1713 3048 1827 3086 aunt
1841 3039 2096 3089 soluta.1n
2115 3055 2217 3105 cap.-
2239 3058 2300 3089 20
2320 3059 2399 3091 ex-

285 3132 395 3165 cvm
415 3154 428 3177 ,
455 3136 504 3166 n.
524 3133 573 3175 2,
599 3117 754 3168 Serm.
786 3133 897 3166 ectu
921 3156 934 3179 ,
961 3136 1065 3184 cap.
1099 3119 1127 3166 3
1148 3155 1161 3178 ,
1184 3136 1235 3166 n.
1252 3115 1300 3177 8,
1383 3136 1534 3183 presse
1550 3117 1683 3168 docet
1700 3119 1953 3189 Christum,-
1968 3121 2198 3186 Apostolis
2223 3123 2400 3172 dedisse

285 3209 331 3247 et
366 3198 476 3247 alibi
506 3203 692 3263 passim.
736 3201 789 3250 Id
827 3203 980 3265 ipsum
1020 3202 1199 3249 dicatur
1242 3201 1301 3249 de
1383 3210 1668 3264 potestatem,
1687 3210 1740 3250 ut
1762 3205 2218 3268 remittantpeceata
2237 3242 2249 3265 ,
2280 3200 2399 3254 ado-re

289 3280 632 3346 Theophylacto
653 3319 666 3341 ,
702 3284 783 3347 qui
803 3319 816 3341 ‚
834 3285 883 3330 in
916 3300 1018 3347 cap.
1055 3299 1166 3330 xvm
1185 3319 1199 3342 ‚
1241 3279 1300 3330 18
1386 3280 1566 3343 ωφιένοιι
1625 3279 1689 3332 m*
1745 3283 2077 3351 ἁμαρ-ἤματα.
2136 3285 2214 3334 Sic
2264 3289 2400 3335 etia-m

285 3361 459 3410 Matth.
475 3362 644 3410 dumet
660 3364 1117 3427 ipaecxtenditverba
1131 3363 1299 3412 Christi
1382 3363 1432 3411 S.
1449 3364 1777 3431 Hieronymus,
1798 3367 1981 3416 Comm.
2008 3367 2072 3414 ad
2092 3364 2264 3415 Mattk.
2291 3385 2394 3431 cap.

289 3445 347 3492 ad
367 3460 526 3493 omnes
541 3445 718 3505 fideles,
738 3461 883 3510 eaque
908 3446 966 3494 de
982 3448 1164 3511 injuriis
1185 3463 1299 3494 con·
1385 3462 1500 3494 xvlu
1523 3482 1541 3508 ,
1589 3449 1815 3512 Apostolis
1864 3450 1983 3497 hanc
2052 3449 2205 3497 datam
2265 3459 2395 3513 pote-

285 3526 510 3574 donandis
539 3529 865 3592 interpretatur
878 3562 895 3588 ,
913 3528 1150 3592 distinguit
1166 3538 1298 3592 pote·
1387 3537 1548 3576 statem
1574 3529 1788 3578 affirmat.

281 3617 444 3659 atatem
464 3608 761 3657 Sacer-dotum
786 3610 1015 3673 propriam
1029 3608 1295 3658 absolvendi
1445 3610 1517 3675 (2)
1539 3610 1638 3659 cfr.
1661 3611 1801 3660 Card.
1824 3610 1999 3660 Pallav.
2028 3609 2219 3659 Hister.
2244 3608 2392 3658 Cone.

282 3704 308 3736 a
327 3693 542 3752 peccatis.
561 3689 633 3738 En
650 3693 751 3757 ejus
769 3690 906 3740 verba
927 3707 940 3740 ;
976 3690 1039 3739 Οὔ
1061 3687 1150 3757 yae'p
1169 3689 1293 3754 μένω
1386 3692 1529 3742 Trici,
1561 3694 1646 3742 lib.
1677 3710 1742 3742 xu
1757 3728 1775 3755 ‚
1810 3710 1915 3758 cap.
1956 3709 2012 3740 12
2032 3729 2046 3754 ,
2073 3710 2125 3740 n.
2155 3707 2206 3755 7.

281 3765 368 3818 ἔστι
409 3767 584 3821 λιῖουσιν
618 3774 654 3820 οἱ
687 3769 812 3838 lepti}
854 3775 936 3821 εἰσ-ι
974 3772 1216 3835 λελυμένοι.
1246 3774 1299 3823 Id
