2502 4186
273 207 394 269 480

265 372 463 418 VERSIO
491 371 694 435 LATINA
723 369 1019 442 Locorum,
1046 371 1138 422 QUI
1167 370 1243 413 EX
1269 370 1660 415 SCRIPTORIBUS
1686 372 1864 415 rmus
1894 373 1952 415 IN
1980 374 2092 416 HOC
2121 376 2400 421 vomfflNss

1189 468 1480 511 CITANTUR.

316 645 421 699 Pag.
447 643 556 695 282,
586 644 680 685 not.
711 643 765 695 5,
785 653 837 687 ex
867 641 935 684 cl.
963 640 1236 695 Pallavicini,
1264 641 1477 687 Historia
1504 641 1673 687 concil.
1688 637 1816 687 Tria.
1833 642 1866 686 1.
1886 655 1985 687 xvm
2003 674 2015 695 ,
2042 655 2136 699 cap.
2169 647 2224 697 1,
2253 646 2332 690 lib.
2360 652 2403 693 1.

321 758 342 780 ι
373 743 537 785 omnes
563 752 803 784 convenere
826 740 873 783 in
893 738 1164 795 agnoscenda
1191 739 1326 782 Missa
1350 741 1562 794 tanquam
1580 752 1682 783 vero
1710 741 1818 784 Novi
1839 741 2108 784 Testamenti
2135 742 2360 786 sacrificio.
2385 761 2407 784 ι

316 809 485 853 Ibidem
501 821 550 852 ex
579 808 731 852 eodem
752 809 831 852 lib.
849 820 944 864 cap.
974 810 1026 861 2,
1060 820 1104 850 ιι.
1132 809 1201 850 10.
1234 825 1253 846 α
1285 809 1433 851 Tertia
1458 808 1609 851 classis
1627 809 1671 851 in
1691 808 1889 851 doctrina
1909 809 2155 863 ponendum
2175 812 2381 855 censebat
2397 837 2410 857 2

266 877 492 921 Christum
522 889 568 920 se
608 877 724 932 patri
756 877 970 920 obtulisse
1006 876 1052 919 in
1084 888 1231 929 coena,
1261 876 1337 919 sed
1370 876 1548 920 minime
1584 877 1844 929 dicendum,
1879 878 1960 920 hac
1995 878 2125 922 illave
2158 880 2327 923 ratione
2362 879 2410 924 id

263 950 518 1002 peractum;
541 958 641 989 cum
667 946 782 989 enim
798 945 876 989 id
864 958 909 988 ιιι
926 946 1164 1000 quaestione
1178 948 1452 996 versaretur,
1473 958 1553 989 nec
1574 945 1714 988 ullum
1733 945 1910 989 evidens
1929 947 2159 1002 Scripturae
2180 947 2408 991 oraculum

263 1019 470 1072 urgeret,
491 1028 700 1060 canonem
717 1018 795 1059 aut
828 1015 1052 1059 decretum
1081 1013 1135 1057 de
1163 1027 1213 1057 eo
1240 1013 1554 1076 conficiendum
1573 1027 1660 1058 non
1690 1016 2132 1071 essem.Complu1-es
2159 1029 2208 1061 ex
2231 1017 2408 1061 asseclis

264 1084 462 1130 secundae
494 1075 720 1129 sententiaa
746 1087 901 1140 postea
929 1083 1051 1127 huic
1061 1095 1357 1127 assensere.»
1374 1106 1430 1116 -

312 1266 417 1319 Pag.
450 1263 558 1316 500,
594 1263 704 1313 not„
721 1273 772 1305 ex
785 1258 992 1317 Epistola
1005 1258 1328 1313 Nannaronii,
1350 1258 1456 1302 data
1481 1259 1674 1314 Foggiae,
1703 1260 1731 1302 5
1758 1259 1906 1303 Martii
1935 1259 2059 1302 1780.

332 1378 352 1401 ι
388 1364 507 1404 Caece
523 1359 679 1403 obedio
698 1392 708 1411 ,
736 1362 783 1402 et
810 1357 929 1414 quod
951 1357 1006 1400 ad
1027 1357 1268 1401 doctrinam
1285 1357 1472 1409 attinet,
1502 1356 1618 1399 omni
1635 1356 1812 1412 proprio
1832 1369 1927 1399 meo
1948 1356 2174 1399 ratiocinio
2193 1367 2244 1400 ac
2263 1354 2403 1399 dedu-

263 1430 397 1474 ctioni
414 1429 664 1472 renuntio...
682 1430 838 1483 Spero,
855 1439 924 1469 me
939 1425 1313 1477 salutemsst'acilius
1331 1428 1687 1477 consecuturum,
1713 1425 1751 1467 si
1778 1424 1862 1467 sim
1886 1425 2002 1468 sicut
2027 1425 2255 1481 parvulus,
2268 1436 2401 1481 quam

266 1498 335 1553 si,
366 1498 534 1556 abjecto
559 1496 858 1552 simplicitatis
885 1495 1130 1538 christianae
1157 1493 1317 1549 spiritu
1333 1525 1346 1548 ,
1375 1494 1498 1549 gigas
1525 1493 1678 1537 baberi
1702 1493 1851 1538 velim.
1884 1509 1904 1531 ι

289 1680 426 1732 ·Pag.
452 1676 562 1727 364,
591 1686 642 1717 ex
673 1672 740 1716 cl.
769 1671 899 1715 card.
935 1671 1118 1715 Gerdilii
1153 1683 1312 1727 opere,
1359 1672 1430 1715 cui
1465 1671 1626 1715 titulus
1655 1685 1666 1714 :
1695 1676 1905 1716 Eoeamen
1939 1672 2206 1724 rationum,
2248 1668 2412 1727 quibus

268 1749 418 1791 motus
443 1748 505 1787 est
531 1741 782 1798 Episcopus
808 1739 968 1792 Noloe,
990 1745 1044 1783 αι
1062 1738 1428 1795 promulqationi
1455 1738 1586 1785 bulloe
1605 1743 1827 1785 Auci-onan
1845 1752 1952 1783 rinei
1965 1738 2217 1793 obsisteret,
2233 1741 2319 1782 art.
2337 1739 2407 1790 17,

269 1815 294 1871 5
323 1817 371 1868 1,
401 1817 494 1856 tom
519 1824 615 1864 xiv,
653 1822 751 1865 pag.
779 1810 889 1860 215,
923 1821 1023 1863 opp.
1053 1807 1160 1850 edit.
1189 1811 1408 1851 Romanae.

327 1954 347 1975 α
380 1934 499 1979 Nihil
529 1937 597 1977 est
622 1931 752 1988 quod·
772 1931 841 1975 vel
876 1932 1026 1973 contra
1064 1928 1194 1971 fidem
1230 1929 1300 1971 vel
1325 1932 1476 1972 contra
1517 1941 1660 1971 mores
1698 1928 1859 1980 faciat,
1894 1929 1932 1970 si
1961 1928 2153 1982 plurima
2183 1929 2228 1972 in
2259 1929 2411 1973 eadem

274 2006 456 2050 ecclesia
491 2002 652 2046 altaria
676 1993 925 2042 habeantur
955 2012 966 2049 ;
995 1996 1070 2040 sed
1101 2009 1258 2051 magno
1286 1997 1445 2039 damno
1475 2000 1544 2038 est
1568 1995 1774 2038 fidelibus
1793 2027 1805 2045 ‚
1834 1996 1872 2037 si
1905 1997 2006 2050 quis
2033 1995 2080 2038 in
2111 2000 2412 2053 contemptum

271 2075 488 2125 adducat,
524 2071 596 2116 vel
623 2074 837 2124 tanquam
880 2066 1104 2110 sanctitati
1139 2065 1376 2120 disciplinae
1409 2065 1558 2107 minus
1587 2075 1799 2108 consonos
1828 2077 1901 2108 eos
1932 2077 2040 2107 usus
2073 2065 2302 2118 traducat,
2333 2067 2412 2121 qui

270 2156 297 2187 a
330 2142 532 2198 pluribus
564 2138 731 2182 saeculis
761 2136 956 2179 instituti
997 2147 1047 2178 ac
1070 2133 1124 2176 'in
1154 2134 1344 2178 Ecclesia
1373 2134 1534 2178 servati
1562 2136 1695 2184 sunt,
1725 2133 2097 2176 consentientibus
2127 2134 2277 2176 multis
2297 2136 2414 2176 Con-

271 2211 385 2255 ciliis
418 2221 517 2253 cum
549 2205 891 2263 particularibus
926 2207 1023 2246 tum
1051 2204 1185 2246 etiam
1213 2202 1519 2258 generalibus,
1550 2202 1801 2246 volentibus
1832 2205 1900 2244 tot
1927 2214 1977 2251 ac
2011 2203 2149 2244 tantis
2187 2203 2413 2258 Episcopis

271 2294 351 2339 per
378 2283 522 2323 totum
555 2277 846 2321 christianum
878 2274 1058 2326 orbem;
1086 2273 1219 2329 idque
1252 2286 1338 2317 non
1367 2276 1541 2316 tantum
1569 2273 1742 2316 nemine
1763 2273 2054 2324 reclamante,
2075 2272 2151 2316 sed
2170 2273 2303 2316 etiam
2330 2285 2412 2328 po·-

272 2351 400 2393 sitive
430 2345 776 2391 assentientibus
797 2345 879 2396 iis,
910 2343 987 2398 qui
1015 2342 1200 2385 maxime
1227 2345 1272 2385 et
1299 2341 1504 2385 doctrinae
1532 2345 1577 2384 et
1609 2341 1687 2384 zeli
1717 2344 1762 2384 et
1788 2341 1969 2396 pietatis
1987 2341 2118 2384 laude
2152 2341 2409 2384 floruerunt.

272 2423 430 2474 Magno
460 2417 620 2460 damno
650 2416 744 2467 est,
778 2414 816 2456 si
848 2413 947 2468 quis
978 2411 1174 2456 fidelium
1201 2412 1359 2454 animis
1391 2410 1691 2454 scandalosam
1725 2410 2011 2454 diffidentiam
2047 2411 2270 2463 insinuet,
2305 2412 2412 2466 quin

272 2490 361 2532 imo
390 2490 435 2535 et
464 2487 766 2539 contemptum
805 2482 1178 2533 institutionum,
1218 2493 1314 2535 quae
1355 2479 1597 2535 maj0ribus
1626 2480 1819 2535 probatae
1859 2482 1992 2534 sunt,
2021 2492 2076 2524 ac
2113 2478 2324 2555 factiones
2341 2478 2405 2523 ibi

272 2558 451 2608 foveat,
482 2554 560 2598 ubi
588 2553 714 2609 prius
744 2563 829 2607 pax
860 2549 1071 2605 regnabat
1099 2552 1234 2605 atque
1260 2547 1502 2592 concordia.
1534 2564 1554 2586 ι

668 2835 810 2879 LOCA
839 2835 1132 2877 NONNULLA
1151 2824 1524 2876 CONCILIORUM
1556 2833 1626 2874 ET
1659 2831 1730 2874 SS.
1751 2832 2004 2882 PATRUM,

551 2935 672 2984 QUAE
700 2933 923 2974 INCURIA
954 2931 1395 2974 TYPOTHETARUM
1426 2928 1818 2971 PRAETERMISSA
1844 2928 2112 2969 FUERUNT.

331 3086 434 3139 Pag.
462 3085 517 3126 15
535 3114 548 3137 ,
570 3085 661 3125 not.
689 3084 732 3124 2.
762 3094 813 3125 ex
838 3080 1022 3138 synodo
1051 3084 1240 3126 Neocoes.
1276 3082 1381 3122 Can.
1410 3092 1493 3132 ιιι,
1525 3078 1642 3142 apud
1669 3078 1804 3121 Labb.
1823 3081 1932 3122 tom.
1962 3090 2005 3132 1,
2031 3078 2113 3121 col.
2134 3078 2259 3120 1484.

343 3180 444 3232 'Edu
467 3187 593 3232 νου-ὅν
615 3202 685 3235 τις
711 3186 938 3250 <Dorio-Off,
965 3185 1025 3234 εἰς
1054 3177 1344 3247 πρεσβῦτερον
1371 3176 1564 3239 ἄγεσθαι
1595 3180 1640 3229 ου’
1669 3176 1870 3229 &timeam
1901 3181 1995 3228 ou’z
2038 3181 2086 3227 ἔκ
2113 3175 2405 3246 προαιρεάιας

278 3263 368 3332 tyni?
397 3267 422 3321 η’
449 3262 606 3313 πίστις
633 3266 796 3326 αἶυτοῦ,
822 3264 930 3313 ἀλλ’
951 3266 994 3325 ἐξ
1009 3263 1228 3323 didyme·
1257 3266 1293 3311 εἰ
1318 3259 1385 3326 ,κη’
1410 3260 1543 3325 τάχει
1559 3258 1643 3311 δίοἶ
1655 3259 1732 3318 τὼ
1750 3259 1874 3330 μετ-εὶ
1890 3267 2039 3311 ταῦτα
2056 3263 2192 3312 aev'roi'e‘
2210 3257 2407 3315 σπουδῖν

279 3351 358 3400 καὶ
394 3346 574 3411 πίε-τιν,
611 3346 689 3398 καὶ
727 3346 808 3398 διαὶ
843 3345 1000 3398 σπάνιν
1030 3344 1287 3415 ανθρώπων.

334 3515 439 3567 Pag.
471 3511 576 3564 190,
606 3512 699 3552 not.
728 3512 784 3563 2,
813 3521 862 3552 ex
889 3513 931 3554 S.
959 3511 1137 3564 Irenaei,
1157 3510 1235 3553 lib.
1263 3522 1335 3564 iv,
1365 3522 1459 3566 cap.
1478 3522 1602 3563 xvm,
1622 3512 1737 3563 n.5,
1766 3522 1865 3566 pag.
1879 3511 1987 3562 251,
2016 3509 2120 3553 edit.
2150 3513 2288 3554 Maur.

349 3619 512 3667 Πῶς...
556 3610 634 3667 τᾶν
679 3608 828 3678 oea'pzoe
868 3608 1077 3670 λέγουσιν
1136 3614 1195 3663 εἰς
1241 3608 1396 3678 wopai!
1442 3611 1594 3678 χωρεῖν
1638 3608 1716 3660 καὶ
1763 3608 1829 3674 μ’)
1882 3608 2095 3674 μετέχειν
2147 3615 2228 3667 τῆς
2273 3608 2406 3673 ζωὶἴς,

282 3692 360 3750 τᾶν
392 3691 484 3744 ἐπὶ
517 3699 597 3745 roff
629 3692 845 3759 σᾶμοιτος
883 3698 962 3744 τοῦ
985 3689 1158 3761 κυρίου,
1191 3689 1268 3743 καὶ
1301 3699 1380 3745 τοῦ
1406 3694 1603 3758 αἵματος
1633 3695 1769 3745 αὸτοῧ
1795 3690 2064 3762 τρεφομένην
2081 3713 2097 3758 3
