2502 4186
285 217 410 277 234

968 237 1290 278 TRAGTATUS
1334 241 1402 277 DE
1446 240 1839 282 EUGHARISTIA.

377 382 512 441 178.
562 381 632 439 Et
667 378 786 438 haec
808 378 1048 461 quidem
1080 380 1273 462 quoad
1302 381 1703 443 adorationem
1726 429 1741 458 ,
1779 405 1958 466 quam
1989 398 2144 448 recte
2168 389 2416 449 Clausen

290 478 494 536 doctor
541 485 874 555 protestans
931 477 1161 537 vocavit
1214 483 1695 556 consequentiam
1732 480 1974 559 Zoyicam
2017 481 2300 560 dogmatis
2342 484 2416 544 de

287 570 427 630 reali
460 569 675 629 Christi
698 571 1007 652 praesentia
1031 570 1139 652 (l).
1170 572 1373 646 Quoad
1410 574 1654 632 modum
1693 595 1833 635 vero
1867 576 2167 636 exterioris
2188 581 2375 640 cultus
2398 627 2413 656 ‚

287 686 424 724 eum
461 663 856 726 determinare
892 687 958 725 ac
994 665 1285 738 moderari
1323 666 1398 726 ad
1442 667 1754 727 Ecclesiam
1795 681 2052 751 spectat,
2094 693 2221 753 quae
2250 678 2417 751 juxta

242 759 513 821 ·diversa
561 772 621 820 et
659 772 996 843 temporum
1042 773 1101 821 et
1157 760 1421 822 locorum
1477 774 1536 822 et
1572 784 1772 823 rerum
1832 765 2104 843 adjuncta
2161 779 2417 829 statuere

284 866 481 937 potest
501 901 517 930 ‚
564 856 722 938 quod
762 858 1064 916 communi
1093 857 1331 918 utilitati
1358 859 1540 939 magis
1575 860 1837 921 conferre
1862 863 2234 941 judicaverit.
2270 866 2420 925 Hinc

286 951 553 1033 apposite
581 951 932 1012 Leibnitzius
974 974 988 1011 :
1037 955 1328 1013 Adoratio
1344 999 1364 1026 ,
1403 953 1634 1029 scribit,
1668 957 2088 1017 Sacratissimi
2105 960 2419 1020 Euchari-

282 1053 412 1106 stioe
446 1049 830 1108 Sacramenti
846 1092 868 1120 ,
909 1054 1149 1107 tametsi
1169 1071 1288 1108 non
1323 1072 1556 1130 semper
1588 1066 1753 1130 oeque
1779 1057 2005 1111 usitata
2027 1057 2256 1131 fuerit,
2289 1058 2420 1114 lan-

282 1143 486 1202 dabili
518 1154 720 1201 tamen
750 1147 973 1223 pietate
1008 1156 1241 1225 recepta
1267 1157 1370 1204 est.
1404 1148 1620 1205 Primi
1650 1152 1808 1207 enim
1842 1149 2182 1210 Christiani
2209 1157 2279 1209 in
2302 1173 2420 1210 om-

283 1240 502 1313 nibns,
540 1260 671 1316 quae
708 1239 795 1296 ad
842 1249 1155 1298 eoeternam
1201 1242 1400 1299 cultus
1449 1242 2013 1303 demonstrationem
2055 1250 2419 1324 pertinent,

281 1333 625 1392 christiana
652 1335 1040 1413 simplicitate
1072 1337 1439 1408 utebantur,
1466 1359 1602 1416 quoe
1637 1341 1879 1418 quidem
1911 1341 2269 1420 reprehendi
2300 1363 2421 1400 non

271 1439 496 1509 potest;
533 1433 723 1488 intus·
751 1433 916 1488 enim
970 1435 1178 1489 animi
1214 1453 1355 1490 vera
1395 1437 1621 1511 pietate
1653 1434 2032 1514 flagrabant.
2085 1437 2239 1495 Cum
2285 1456 2416 1494 vero

270 1526 585 1605 paulatim
613 1527 1015 1605 refriyesceret
1031 1532 1188 1585 zelas
1199 1570 1220 1598 ,
1245 1534 1651 1588 necessariam
1661 1533 1793 1608 fait
1813 1532 2095 1590 adhibere
2118 1537 2417 1591 exteriora

282 1625 460 1701 siyna
480 1664 500 1693 ,
541 1625 815 1700 ritusque
858 1623 1139 1681 solemnes
1186 1628 1538 1696 instituere,
1582 1647 1716 1704 quoe
1766 1627 1944 1704 officii
1983 1629 2416 1702 admonerent,

282 1718 675 1796 ardoremque
719 1718 1042 1776 devotionis
1103 1723 1563 1794 resuscitarent,
1611 1727 1955 1799 praesertim
2017 1725 2132 1781 ubi
2189 1745 2416 1802 mayna

282 1817 442 1871 ratio
490 1823 602 1871 aut
637 1817 862 1872 occasio
888 1823 1031 1871 esset
1063 1812 1179 1893 (2).
1234 1814 1429 1873 Nulla
1469 1826 1671 1874 autem
1705 1819 1891 1895 facile
1918 1822 2116 1896 major
2143 1820 2418 1897 praeheri

282 2015 343 2064 At
373 2016 587 2064 falsitatis
632 2016 763 2064 hunc
795 2018 1062 2081 scriptorem
1103 2025 1304 2081 arguunt

284 2103 388 2146 tum
425 2095 474 2144 S.
502 2085 795 2153 Ambrosius
844 2106 945 2144 tum
991 2095 1043 2146 S.
1086 2099 1303 2162 Augusti·

287 2196 407 2243 nus3
428 2179 476 2227 S.
494 2179 764 2228 Ambrosius
781 2180 994 2248 quidem,
1014 2183 1096 2246 qui
1112 2180 1204 2228 loc.
1224 2182 1304 2228 cit.

286 2262 515 2310 disserens
542 2263 599 2310 de
627 2272 793 2310 natura
828 2262 980 2310 cultus
997 2301 1014 2322 ,
1047 2280 1188 2327 quem
1215 2261 1305 2311 Ca-

283 2344 441 2392 tholici
480 2343 750 2391 deferebant
785 2343 1084 2392 Eucharistiae
1109 2382 1123 2404 ‚
1165 2343 1307 2409 prosi-

284 2436 405 2474 tetur
425 2461 440 2485 ‚
470 2420 516 2472 se
543 2424 670 2491 loqui
698 2426 757 2474 de
784 2426 911 2474 cultu
943 2425 1086 2474 latriae
1108 2460 1124 2486 ‚
1161 2426 1218 2474 de
1252 2443 1305 2475 eo

284 2507 455 2556 scilicet
487 2508 615 2556 cultu
641 2545 654 2568 ‚
705 2510 786 2573 qui
823 2507 906 2555 soli
937 2507 1036 2555 Deo
1068 2507 1304 2571 debetur3

283 2593 347 2639 ait
387 2593 514 2639 enim
540 2628 553 2650 ,
593 2608 646 2639 n.
681 2586 743 2657 78
772 2608 785 2638 :
814 2589 982 2654 Neque
1007 2588 1310 2638 adorandam

284 2672 555 2738 quidquam
562 2681 745 2738 praeter
757 2672 922 2720 Deum
941 2671 1141 2736 legimus
1158 2711 1171 2734 ‚
1193 2674 1310 2737 quia

285 2757 522 2821 scriptam
543 2764 612 2803 est
637 2776 651 2801 .·
674 2754 947 2802 Dominum
975 2755 1140 2802 Deam
1172 2763 1310 2802 tuum

288 2837 515 2884 adorabis
543 2845 586 2883 et
616 2838 715 2903 ipsi
730 2836 821 2884 soli
835 2838 1028 2905 servies.
1062 2837 1310 2903 Quomodo

293 2935 401 2984 erqo
416 2920 480 2967 ad
485 2935 646 2968 versus
659 2918 807 2984 leqem
822 2918 1063 2986 Propheta
1070 2922 1311 2986 proecipe-

287 3002 468 3062 ret‚sub
481 3000 578 3067 leqe
592 3004 806 3049 nutritus
824 3011 868 3050 et
882 3003 1101 3050 eraditus
1115 3005 1170 3050 in
1188 3003 1312 3067 leqe?

287 3083 402 3133 Non
436 3084 691 3144 mediocris
723 3086 877 3149 iqitar
894 3087 1090 3149 qaeestio
1105 3103 1126 3146 ,-
1145 3094 1187 3132 et
1209 3086 1312 3132 ideo

286 3164 568 3230 diliqentius
590 3166 943 3215 consideremus
963 3204 975 3225 ‚
995 3166 1116 3231 qaid
1131 3169 1195 3214 sit
1211 3183 1310 3214 sca·

287 3247 481 3298 bellum.
515 3248 747 3313 Leqimus
772 3252 904 3297 enim
923 3249 1048 3298 alibi
1083 3267 1097 3298 τ
1131 3249 1314 3298 Coelum

287 3330 416 3380 mihi
437 3331 666 3392 thronus,
702 3340 828 3379 terra
864 3341 1028 3379 autem
1060 3332 1312 3380 scabellum

282 3414 462 3481 pedum
480 3410 810 3464 meorumfied
825 3430 912 3462 nec
925 3423 1051 3462 terra
1065 3415 1314 3463 adoranda

287 3505 356 3544 est
368 3495 506 3544 nobis
529 3498 648 3561 quia
664 3505 884 3544 creatura
915 3505 984 3544 est
1008 3495 1118 3544 Dei.
1163 3497 1315 3563 Pergit

289 3579 457 3627 deinde
479 3614 492 3637 ,
524 3596 574 3628 n.
607 3595 690 3645 79,
711 3580 769 3627 ad
791 3579 1118 3644 exponendum
1137 3580 1314 3628 scabel-

284 3661 388 3708 lum
408 3662 465 3710 de
493 3661 644 3710 Carne
659 3661 842 3730 Christis
862 3661 1204 3729 &Augustinus
1231 3666 1314 3713 iis-

290 3743 398 3791 dem
417 3743 568 3793 verbis
583 3747 726 3804 utitur
744 3782 757 3807 ,
776 3747 844 3794 uti
867 3732 1083 3811 superius*
1093 3747 1314 3797 vidimus.

1458 2019 1523 2082 (l)
1563 2018 1701 2083 Apud
1720 2018 1956 2085 Esslinger
1972 2038 2050 2085 op.
2078 2023 2159 2069 cit.
2179 2020 2412 2086 Apoloqie

1388 2098 1446 2146 de
1476 2098 1523 2147 la
1551 2099 1756 2164 reliqion
1794 2100 2061 2166 catholique
2079 2118 2179 2167 par
2203 2102 2284 2150 des
2315 2119 2408 2151 au-

1387 2188 1516 2228 tears
1523 2190 1796 2247 protestans
1814 2221 1827 2242 ,
1848 2193 1935 2232 art.
1960 2182 2041 2231 Du
2059 2183 2193 2232 Sacr.
2213 2184 2270 2232 de
2285 2184 2409 2232 l’aa-

1387 2261 1467 2312 tel.
1503 2262 1738 2313 Lutberus
1768 2267 1864 2330 ipse
1895 2265 1981 2314 sub
2008 2266 2153 2315 finem
2181 2270 2283 2314 vitae
2318 2285 2410 2315 suae

1389 2349 1567 2394 vocavit
1578 2346 1914 2396 Eucharistiam
1931 2347 2282 2397 Sacramentum
2298 2348 2410 2396 ado-

1392 2426 1562 2476 rabile.
1583 2427 1733 2493 Quare
1753 2432 1916 2478 acriter
1933 2430 2119 2495 vapulat
2137 2449 2162 2479 a
2193 2429 2406 2491 Calvino,
2458 2428 2460 2430 ’

1392 2512 1473 2575 qui
1491 2511 1542 2557 in
1555 2509 1721 2575 Epist.
1743 2510 1807 2558 ad
1823 2510 2078 2558 Buceram
2099 2528 2112 2560 ε
2134 2513 2377 2574 Quorsum
2396 2550 2409 2572 ‚

1391 2595 1574 2658 inquit,
1612 2591 1738 2640 illud
1785 2590 1989 2640 Lu‘tlteri
2031 2593 2271 2641 adorabile
2310 2592 2409 2642 Sa-

1391 2683 1691 2722 cramentum
1720 2711 1734 2735 ,
1770 2676 1876 2722 nisi
1902 2683 1955 2723 ut
1983 2673 2166 2724 idolum
2199 2678 2255 2723 in
2293 2686 2410 2723 tem-

1389 2755 1476 2820 plo
1507 2753 1599 2804 Dei
1620 2757 1868 2820 eriqatur?

1462 2841 1536 2905 (2)
1571 2839 1672 2888 Cfr.
1714 2840 1928 2888 Bolland.
1951 2841 2080 2889 Acta
2116 2837 2213 2891 SS.
2241 2843 2411 2889 mensis

1394 2921 1542 2988 April.
1574 2923 1633 2970 ad
1663 2923 1787 2970 diem
1826 2920 1888 2983 5,
1917 2925 1966 2969 in
2005 2927 2097 2970 vita
2123 2923 2178 2971 B.
2215 2922 2411 2971 Julianae

1394 3004 1685 3053 Leodiensis.
1736 3004 1841 3052 Huc
1879 3007 2017 3053 etiam
2053 3006 2242 3053 refertur
2274 3008 2410 3054 mira-

1395 3088 1555 3135 culum
1579 3125 1592 3147 ,
1636 3088 1761 3152 quod
1798 3087 1997 3135 Volsinii
2043 3105 2183 3152 prope
2215 3087 2408 3136 Urbem·-

1397 3180 1597 3218 veterem
1642 3172 1833 3235 contigit
1896 3187 2017 3217 anno
2086 3167 2212 3232 1264
2258 3187 2406 3217 sacer-

1396 3253 1492 3300 doti
1526 3251 1672 3316 Belgae
1688 3251 1887 3300 Romam
1922 3254 2119 3316 petenti,
2153 3253 2265 3316 qui,
2297 3251 2410 3298 dum

1396 3335 1749 3394 subdubitaret‚
1791 3335 1979 3382 Missam
2011 3332 2312 3391 celebrando,
2353 3333 2411 3380 de

1398 3419 1508 3478 reali
1530 3417 1698 3466 Christi
1730 3419 1968 3482 praeseutia
1992 3454 2004 3476 ‚
2039 3418 2259 3479 contigit,
2293 3418 2408 3462 utin

1399 3501 1560 3549 hostiae
1604 3501 1828 3548 fractione
1875 3500 2110 3563 sauguinis
2136 3508 2275 3561 guttae
2319 3497 2412 3544 dif-

1401 3585 1622 3643 fluerent,
1650 3582 1820 3649 quibus
1838 3598 2091 3646 respersum
2126 3585 2195 3627 est
2213 3580 2411 3628 linteum

1401 3683 1456 3714 ac
1486 3666 1627 3714 altare
1659 3666 1805 3731 (quas
1829 3664 2020 3730 quidem
2060 3663 2262 3709 maculas
2297 3664 2414 3710 ima-

1405 3752 1559 3813 ginem
1595 3748 1840 3797 Salvatoris
1876 3762 1967 3812 prae
2006 3763 2053 3794 se
2082 3746 2278 3793 ferentes
2316 3756 2414 3793 tum
