2502 4186
325 225 438 284 108
908 244 1227 284 rmcu'rus
1273 246 1341 281 nu
1383 245 1855 286 communion.

328 407 644 467 agnoscere
702 384 1167 444 Confirmationis
1222 386 1657 444 Sacramentum
1689 411 1704 458 ς
1760 386 1824 445 id
1871 388 2027 447 enim
2078 411 2198 450 non-
2235 393 2402 473 pauci

322 481 654 539 inficiantur
684 478 915 537 illarum
950 479 1252 558 regionum
1286 480 1646 538 missionarii.
1676 481 1840 558 Ergo.
2019 474 2023 482 ⁸
2404 478 2407 480 ’

402 573 500 630 40.
550 574 719 652 Resp.
758 572 908 651 Ney.
951 583 1138 631 antec.
1180 573 1268 632 Ad
1310 573 1476 654 prob.
1517 568 1673 632 Dist.
1717 574 2043 652 Ignorantia
2070 586 2177 633 aut
2211 599 2407 638 errore

321 665 547 747 decepti
566 710 581 739 7
615 668 798 732 conc&
824 670 956 744 jure
982 667 1046 725 ac
1066 667 1296 741 merito7
1329 689 1453 746 neq.
1486 669 1571 725 De
1601 666 1713 726 fide
1740 663 2104 727 orientalium
2127 670 2402 730 Ecclesia-

318 782 450 818 rum
495 760 640 818 circa
686 759 794 819 ho'c
832 761 1266 819 Sacramentum
1300 760 1688 819 Renaudotius
1736 778 1907 840 agens
1933 807 1948 836 7
1982 764 2404 843 Lz'turqiarum

320 857 700 913 orientalium
713 898 734 926 ,
761 857 1003 928 tom.'II7
1021 855 1322 914 evidenter
1347 853 1930 934 ostendit7.productis
1950 857 2274 915 certissimis
2297 857 2405 915 do-

320 950 601 1009 cumentis
617 995 633 1023 7
658 950 810 1031 apud
834 971 1036 1009 omnes
1062 950 1302 1007 omnino
1330 949 1454 1006 illas
1478 947 1740 1007 ecclesias
1761 970 1990 1030 semper
2014 951 2203 1031 ipsum
2230 951 2405 1011 fuisse

319 1056 615 1125 receptum
641 1055 699 1103 et
729 1043 916 1103 adhuc
952 1043 1360 1102 administrari.
1392 1042 1654 1101 Ostendit
1692 1053 1996 1123 praeterea-7
2023 1045 2422 1114 missionarios

319 1138 446 1218 illos
478 1138 693 1218 duplici
727 1138 799 1197 de
830 1159 995 1197 causa
1020 1138 1188 1196 fuisse
1226 1137 1493 1218 deceptos
1521 1182 1536 1209 7
1583 1138 1643 1193 10
1679 1136 1835 1216 quod
1865 1136 2170 1196 cernerent
2195 1149 2411 1220 praeter·

322 1231 803 1291 consuetudinem
847 1232 1107 1290 Ecclesiae
1139 1230 1334 1290 latinae
1363 1231 1871 1289 Confirmationem
1917 1231 2163 1290 conferri
2203 1233 2401 1291 statim

318 1337 451 1406 post
487 1327 844 1404 Baptismum
868 1369 884 1398 7
936 1327 1003 1381 20
1063 1323 1220 1403 quod
1260 1323 1527 1384 viderent
1561 1324 1720 1383 illam
1768 1324 2156 1384 administrari
2194 1327 2406 1407 passim

322 1441 351 1477 a
382 1417 754 1498 PresbyteriS.
789 1419 936 1475 Hinc
965 1417 1181 1476 factum
1210 1428 1297 1476 est
1315 1461 1331 1491 7
1366 1419 1522 1475 utin
1550 1420 1928 1499 suspicionem
1948 1421 2260 1495 venerint,
2286 1442 2407 1477 non

320 1513 547 1592 agnosci
582 1512 691 1570 hoc
727 1514 1165 1571 Sacramentum
1201 1511 1273 1570 ab
1315 1511 1702 1571 Orientalibus
1731 1513 1838 1592 (1).
1878 1515 2011 1572 Haec
2038 1526 2231 1573 autem
2267 1535 2406 1572 con-

321 1608 514 1669 firmat
543 1608 885 1666 Assemanus
915 1607 977 1664 in
1017 1608 1221 1666 Codice
1257 1611 1533 1687 litu-ryz'co
1557 1603 1838 1665 Ecclesiae
1869 1614 2162 1666 universae
2179 1609 2265 1689 (2)
2289 1653 2304 1681 7
2328 1608 2408 1665 ita
2483 1646 2485 1648 μ

321 1712 388 1759 ut
428 1699 656 1758 nullum
690 1705 813 1777 jam
854 1702 1102 1782 supersit
1143 1700 1388 1760 dubium
1434 1701 1590 1783 apud
1631 1700 1882 1760 eruditos
1918 1701 1990 1762 de
2027 1702 2408 1762 Orientalium

322 1794 435 1855 fide
477 1797 619 1855 circa
649 1795 804 1855 hunc
836 1795 1161 1855 articulum.

1190 2029 1426 2088 CAPUT
1468 2031 1539 2087 ΙΙ.

913 2229 979 2263 DE
1021 2227 1492 2264 CONFIRMATIOMS
1535 2228 1822 2264 MINISTRO.
1894 2260 1900 2271 ,

405 2414 504 2472 41.
553 2414 867 2486 Quaestioni
925 2413 998 2472 de
1058 2414 1300 2475 veritate
1353 2414 1707 2473 Sacramenti
1769 2414 2245 2472 Confirmationis
2281 2413 2410 2471 ideo

326 2510 519 2567 statim
553 2508 882 2585 subjicimus
919 2510 1297 2590 quaestionem
1325 2507 1396 2567 de
1429 2510 1607 2589 ipsius
1643 2510 1905 2567 ministro
1925 2553 1940 2582 7
1978 2520 2042 2565 ut
2069 2509 2223 2567 viam
2247 2506 2411 2564 nobis

326 2604 647 2684 aperiamus
685 2602 756 2661 ad
792 2602 1042 2661 alterum
1071 2603 1277 2681 dogma
1312 2601 1731 2660 adstruendum
1758 2624 1789 2660 a
1819 2601 2151 2681 Tridentina
2183 2600 2411 2680 Synodo

321 2696 646 2772 definitum.

404 2791 500 2850 42.
545 2793 1089 2873 Exploratum'enim
1113 2804 1199 2851 est
1225 2792 1381 2872 apud
1406 2813 1605 2850 omnes
1637 2790 1955 2849 Catholicos
1971 2796 2139 2868 juxta
2164 2791 2409 2849 Triden-

324 2886 508 2944 tinam
541 2888 898 2945 sanctionem
918 2932 933 2961 7
959 2885 1147 2944 solum
1177 2887 1521 2967 Episcopum
1553 2907 1674 2944 esse
1709 2884 2061 2943 ordinarium
2087 2886 2408 2943 Confirma-

323 2981 496 3039 tionis
528 2982 854 3040 ministrum
883 3007 898 3053 ς
935 2980 1089 3061 quod
1125 2992 1182 3039 et
1213 3003 1317 3038 nos
1344 2979 1761 3040 vindicabimus
1799 2978 2071 3039 adversus
2105 2980 2374 3036 Photium
2394 3022 2410 3052 7

326 3074 636 3134 Valdenses
660 3122 675 3149 7
703 3075 1033 3135 Wicleffitas
1055 3121 1070 3149 7
1098 3075 1356 3133 Hussitas
1373 3121 1388 3148 7
1416 3086 1748 3153 ceterosque
1767 3120 1782 3148 7
1812 3075 1910 3154 qui
1939 3095 2031 3131 eos
2056 3075 2232 3132 secuti
2255 3083 2407 3130 sunt.

406 3169 504 3228 43.
555 3172 768 3229 Verum
789 3172 935 3230 circa
953 3170 1284 3229 ministrum
1311 3169 1830 3230 extraordinarium
1846 3191 1965 3227 non
1995 3170 2074 3243 ita
2103 3178 2238 3226 sunt
2262 3167 2413 3224 inter

394 3359 469 3425 (l)
503 3358 600 3408 Cfr.
630 3362 680 3406 in
699 3360 816 3406 notis
832 3357 887 3406 ad
906 3357 1181 3422 Liturqiam
1197 3355 1318 3404 Phi·
1402 3356 1491 3403 dex
1554 3356 1805 3420 liturqz'cws
1856 3355 1908 3403 E
1910 3356 2086 3403 cclesz‘oe
2142 3355 2379 3401 universoe
2395 3389 2408 3409 ‚

327 3440 485 3489 lomeni
500 3478 513 3500 7
541 3459 591 3488 n.
625 3440 654 3487 3
673 3476 685 3498 7
715 3457 801 3487 nec
822 3434 980 3486 nonin
1010 3456 1142 3504 opere
1160 3441 1320 3503 saepius
1403 3438 1561 3485 Romae
1583 3439 1723 3501 1750.
1742 3439 1820 3486 De
1835 3437 2218 3502 Confirmafiom,
2236 3435 2400 3483 libau.

333 3523 534 3582 laudato,
563 3521 640 3569 De
664 3520 711 3568 Ia
736 3521 930 3586 Perpet.
956 3520 1037 3570 liv.
1070 3537 1086 3566 1
1102 3556 1115 3580 ,
1148 3520 1222 3568 ch.
1244 3536 1324 3567 vm
1407 3518 1502 3566 Vid
1526 3522 1662 3567 etiam
1692 3519 1895 3587 ejusdem
1917 3519 2225 3584 praefationem
2242 3553 2255 3576 7
2284 3515 2309 3580 §
2344 3532 2398 3562 ιι.

329 3613 372 3652 et
401 3607 517 3652 suiv.
1407 3601 1492 3650 Hic
1518 3600 1652 3659 vulgo
1675 3601 1926 3666 appellatur
1946 3600 2215 3649 Assemanus
2228 3601 2403 3666 junior.

399 3683 464 3747 (2)
501 3683 600 3733 cfr.
634 3683 729 3733 Jos.
760 3682 929 3749 Aloysii
965 3682 1201 3732 Assemani
1229 3683 1320 3731 Co—
