2502 4186
304 257 427 316 292

951 264 1273 345 TRACTATUs
1317 265 1385 302 DE
1430 264 1799 305 EUCHARISTIA
1809 291 1820 304 .

385 415 526 474 286.
576 413 861 470 Praeterea
887 453 904 479 7
953 404 1292 469 adversariis
1328 404 1466 486 ipsis
1497 404 1815 464 fatentibus
1833 450 1849 480 7
1895 408 2168 469 sacrificia
2213 412 2423 471 veteris

305 492 454 588 legis
471 553 486 582 7
513 515 801 587 quatenus
813 502 1012 582 'figurae
1033 512 1201 560 erant
1218 499 1489 559 Sacrificii
1519 499 1584 558 in
1609 521 1775 560 cruce
1793 523 1824 559 a
1850 500 2077 562 Christo
2103 505 2388 567 offerendi
2405 553 2421 583 7

301 623 449 666 vere
461 622 536 660 ac
563 598 799 682 proprie
823 595 1225 678 propitiatoria
1249 605 1416 654 erant
1441 615 1548 675 pro
1566 597 1814 675 peccatis
1834 641 1849 670 7
1882 608 1941 655 et
1980 598 2054 656 ad
2068 596 2221 658 bona
2244 623 2274 660 a
2303 604 2424 661 Deo

302 694 676 780 impetranda
722 693 977 766 idonea·

1034 701 1295 749 attamen
1343 688 1455 747 dici
1503 691 1747 770 nequit7

1804 713 1910 772 per
1954 693 2236 769 ejusmodi
2285 717 2426 775 pro-

294 794 618 875 prietatem
640 787 738 848 illa
763 787 958 868 aliquo
983 779 1159 845 modo
1180 784 1482 863 derogasse
1507 786 1792 846 Sacrificio
1817 787 2018 846 cruciS.
2062 790 2207 868 Ergo
2237 790 2422 857 multo

309 887 491 967 magis
511 883 989 968 propitiatorium
1010 834 1355 940 dicendumov
1348 890 1435 938 est
1455 889 1630 960 atque
1656 880 1730 938 ad
1752 879 2032 941 beneficia
2057 884 2428 964 impetranda

305 981 587 1042 idoneum
609 977 964 1039 Sacrificium
996 976 1224 1050 Missae7
1255 972 1412 1056 quod
1439 995 1559 1032 non
1595 973 1788 1033 solum
1811 976 2053 1055 figuram
2080 999 2196 1060 prae
2230 1001 2289 1038 se
2298 977 2428 1039 fert

307 1076 578 1138 Sacrificii
611 1074 826 1148 crucis7
869 1071 972 1131 sed
1001 1070 1272 1130 eamdem
1303 1069 1564 1128 continet
1595 1069 1928 1155 victimam7
1969 1094 2098 1153 quae
2126 1074 2429 1135 immolata

306 1184 394 1233 est
428 1172 490 1230 in
526 1190 729 1243 cruce7
776 1178 838 1228 et
887 1166 960 1226 ab
1000 1165 1210 1225 eodem
1257 1185 1488 1224 summo
1524 1163 1833 1224 Sacerdote
1877 1166 2107 1226 Christo
2146 1169 2423 1245 offertur7

308 1269 408 1352 qui
431 1266 690 1349 profecto
711 1285 831 1323 non
851 1283 974 1323 sese
995 1261 1166 1321 offert
1186 1306 1202 1335 7
1233 1271 1299 1318 ut
1323 1259 1561 1339 deroget
1583 1261 1866 1320 Sacrificio
1891 1262 1956 1319 in
1981 1283 2146 1323 cruce
2172 1278 2426 1346 peracto,

376 1362 533 1437 287.
582 1362 702 1419 Nec
725 1358 869 1417 alius
894 1356 1155 1439 profecto
1180 1375 1382 1414 sensus
1407 1375 1671 1435 unquam
1693 1355 1802 1414 fuit
1826 1357 2003 1415 totius
2029 1360 2425 1440 antiquitatis3

311 1462 471 1537 cujus
508 1465 894 1515 monumenta
931 1450 1250 1511 certissima
1279 1459 1418 1507 sunt
1447 1470 1651 1508 ornnes
1681 1453 1934 1533 antiquae
1970 1452 2249 1534 liturgiae,
2284 1475 2430 1537 qua-

311 1574 445 1612 rum
478 1551 723 1631 longum
770 1544 945 1609 nimis
998 1557 1149 1606 esset
1172 1627 1173 1630 ,
1197 1544 1531 1604 testimonia
1584 1545 1923 1625 singillatim
1976 1549 2257 1630 proferre.
2313 1552 2430 1610 Nos

318 1649 581 1708 contenti
616 1648 833 1707 erimus
855 1642 1038 1721 lunius
1060 1641 1311 1720 liturgiae
1334 1640 1751 1720 antiquissimae
1774 1687 1789 1717 7
1816 1664 1942 1724 quae
1973 1647 2030 1703 S.
2056 1647 2091 1704 J
2096 1644 2258 1704 acobi
2285 1646 2432 1727 Apo-

306 1742 442 1802 stoli
469 1740 709 1799 nomine
740 1738 1077 1797 inscribitur
1095 1781 1111 1811 7
1143 1733 1322 1796 verba
1347 1735 1622 1811 recitare,
1662 1758 1791 1817 quae
1820 1739 1898 1797 ita
1929 1761 1989 1798 se
2017 1739 2240 1800 habent
2269 1764 2282 1799 z
2320 1743 2435 1820 Of-

302 1842 572 1918 ferimus
621 1837 738 1894 tibi
782 1838 1178 1892 incruentum
1214 1830 1603 1908 Sacrificium
1639 1853 1758 1910 pro
1788 1839 2053 1911 peccatis
2109 1841 2329 1895 nostris
2379 1846 2437 1895 et

314 1934 681 2014 iqnorantiis
699 1932 918 2008 'populi
939 1926 1048 2006 (1).
1077 1927 1276 1984 Patres
1313 1925 1531 2004 pariter
1553 1927 1861 1986 unanimes
1895 1940 2033 1987 sunt
2066 1930 2127 1987 in
2151 1930 2260 1989 hoc
2286 1930 2433 2010 dog-

313 2038 470 2086 mate
518 2021 875 2084 adstruendo
902 2067 917 2096 7
962 2041 1212 2102 quorum
1256 2019 1591 2077 testimonia
1631 2023 1856 2102 profert
1895 2024 2278 2083 Bellarminus
2317 2027 2427 2105 (2).

241 2140 273 2172 t
297 2122 466 2182 Satis
513 2118 682 2179 nobis
729 2118 802 2176 sit
840 2116 935 2174 hic
978 2136 1166 2173 unum
1205 2133 1664 2175 commemorare
1702 2116 1983 2196 Cyrillum
2019 2118 2441 2199 Hierosolymi-

314 2229 523 2277 tanum
547 2260 563 2290 7
596 2214 695 2296 qui
716 2258 732 2288 7
773 2211 1002 2272 Catecli.
1042 2220 1294 2289 mystaq.
1341 2208 1424 2282 V7
1455 2230 1577 2266 non
1600 2209 1790 2270 solum
1823 2224 1992 2271 vocat
2021 2213 2440 2273 Eucharistiam

317 2315 571 2373 hostiam
597 2310 1091 2391 propitiationis,
1125 2304 1228 2364 sed
1260 2314 1541 2386 praeterea
1570 2304 1771 2364 scribit
1805 2329 1818 2364 ε

377 2516 563 2583 .(l)-Seu
572 2553 585 2577 7
604 2524 656 2562 ut
671 2517 844 2578 integre
855 2513 957 2561 haec
971 2511 1109 2561 verba
1119 2511 1336 2576 leguntur

318 2601 443 2666 apud
464 2596 814 2647 Renaudotium
835 2630 851 2657 ,
876 2612 957 2659 op.
994 2596 1075 2642 cit.
1105 2603 1223 2641 tom.
1263 2608 1298 2640 11
1319 2628 1333 2651 7

318 2701 425 2749 pag.
461 2682 524 2730 30
551 2697 568 2728 ε
604 2678 743 2726 Deus
775 2677 960 2736 Pater,
997 2673 1112 2740 quij
1146 2682 1339 2740 propter

320 2779 529 2813 amorem
560 2770 699 2808 tuum
729 2773 843 2824 erqa
869 2757 1086 2806 homines
1110 2771 1339 2821 maqnum

320 2854 366 2894 et
393 2841 690 2909 ineffabilem
709 2878 723 2900 7
768 2841 950 2887 misisti
974 2838 1168 2886 Filium
1201 2846 1339 2885 tuum

323 2929 381 2975 in
407 2924 645 2973 mundum
664 2957 682 2980 ,
713 2931 768 2970 ut
791 2938 921 2969 ovem
943 2929 1178 2969 errantem
1196 2918 1334 2967 redu·

324 3016 475 3069 ceree,
512 3023 572 3054 ne
607 3013 793 3053 avertas
819 3003 998 3068 faciem
1029 3011 1163 3051 taam
1191 3019 1223 3049 a
1251 3018 1338 3049 no-

325 3091 400 3138 bis
418 3127 432 3146 ,
462 3087 578 3136 dum
611 3086 919 3150 Sacrificium
945 3084 1031 3133 lioc
1057 3083 1306 3151 spirituale
1322 3120 1336 3143 7

323 3169 536 3218 terribile
576 3177 620 3216 et
665 3162 978 3219 incruentum‘
1016 3166 1304 3215 celebramus
1321 3186 1340 3222 ,-

326 3268 424 3299 non
445 3252 576 3299 enim
591 3248 805 3315 justitihe
829 3257 1004 3297 nostroe
1026 3247 1337 3312 confidimus,

325 3332 410 3381 sed
457 3330 802 3378 misericordiae
857 3338 968 3378 tuoe.
1019 3327 1343 3395 Deprecamur

326 3429 435 3478 erqo
463 3421 508 3460 et
529 3412 828 3459 obsecramus
855 3410 1157 3459 clementiam
1178 3419 1311 3458 tuam
1325 3449 1338 3472 7

326 3512 388 3542 ne
412 3493 674 3557 injudicio
688 3491 934 3557 sitpopulo
955 3500 1035 3540 tuo
1061 3495 1341 3562 mysterium

327 3575 414 3623 hoc
431 3613 444 3635 7
479 3573 604 3639 quod
627 3574 906 3620 institutum
935 3573 1072 3621 nobis
1094 3575 1244 3622 estad
1263 3593 1340 3625 sa-

322 3656 467 3705 lutem
492 3674 514 3718 ;
543 3655 633 3703 *sed
668 3655 733 3702 ad
779 3657 970 3702 veniam
1000 3666 1338 3721 peccatorum,

320 3739 651 3786 remissionem
695 3738 1099 3803 insipientiarum
1123 3775 1138 3800 7
1187 3749 1231 3786 et
1276 3741 1341 3789 ad

1869 2308 1947 2367 Ch
1955 2315 2179 2368 ristum
2218 2321 2439 2370 macta-

1417 2511 1603 2574 qratias
1619 2510 1711 2559 tibi
1722 2511 2010 2576 referendas.
2030 2514 2207 2563 Etibid.
2228 2533 2332 2581 pag.
2347 2514 2379 2564 5
2390 2532 2404 2563 ι
2418 2553 2432 2577 ,

1421 2604 1523 2658 post
1539 2597 1926 2643 consecrationem
1943 2599 2008 2644 sic
2022 2599 2167 2661 pergit
2181 2596 2396 2646 Sacerdos
2415 2616 2431 2646 ε

1424 2675 1693 2742 Offerimus
1721 2677 1815 2724 tibi
1840 2676 1926 2724 hoc
1948 2674 2261 2741 Sacrificium
2294 2681 2435 2727 terri-

1422 2757 1515 2806 bile
1539 2767 1582 2806 et
1605 2759 1913 2806 incruentum
1927 2793 1943 2819 ,
1981 2767 2036 2807 ut
2056 2777 2153 2807 non
2172 2761 2434 2808 secundum

1414 2847 1617 2906 peccata
1657 2849 1818 2888 nostra
1851 2857 1967 2905 aqas
2011 2842 2259 2889 nobiscum
2282 2878 2297 2903 7
2337 2841 2435 2891 Do-

1424 2923 1555 2969 mine
1582 2958 1598 2983 ,
1649 2939 1799 2987 neque
1842 2923 2105 2971 secundum
2154 2926 2438 2989 iniquitates

1422 3013 1609 3053 nostras
1628 3006 1865 3053 retribuas
1884 3005 2020 3055 nobis
2039 3023 2059 3067 ,·
2078 3006 2160 3054 sed
2175 3006 2438 3055 secundum

1422 3087 1839 3135 mansuetudinem
1858 3094 1989 3135 tuam
2010 3097 2055 3135 et
2073 3105 2280 3136 amorem
2300 3097 2439 3136 tuum

1422 3186 1534 3234 erqa
1568 3169 1781 3217 homines
1809 3187 2040 3234 moqnum
2070 3177 2112 3217 et
2143 3169 2437 3237 ineffabilem

1425 3252 1524 3300 dele
1539 3262 1738 3318 peccata
1771 3262 1932 3301 nostra
1951 3291 1965 3310 ‚
1994 3270 2237 3303 servorum
2266 3264 2437 3321 'nempe

1425 3343 1617 3383 tuorum
1652 3336 1745 3383 tibi
1780 3334 2176 3400 supplicantium.
2224 3337 2396 3385 Eadem
2419 3373 2432 3396 ‚

1426 3420 1637 3484 quamvis
1677 3416 1871 3467 diversis
1914 3417 2101 3478 verbis,
2139 3418 2353 3484 leguntur
2386 3419 2436 3465 in

1427 3499 1644 3547 omnibus
1669 3515 1857 3564 prorsus
1884 3498 2100 3564 liturgiis.

1492 3581 1564 3645 (2)
1602 3578 1673 3630 De
1714 3578 1876 3628 Ench.
1919 3579 2002 3628 lib.
2047 3597 2089 3627 v1
2118 3615 2133 3640 ‚
2178 3594 2281 3643 cap.
2322 3596 2349 3627 2
2392 3589 2437 3628 et

1426 3680 1530 3728 cap.
1563 3680 1609 3729 7.
