2502 4186
304 274 425 315 CAP.
472 278 513 313 1.
561 277 628 312 DE
671 272 834 313 REALI
875 272 1095 312 CHRISTI*
1132 269 1449 309 PRAESERTIA
1513 269 1573 305 m
1617 265 1860 306 EUGHAR.

2033 243 2152 303 139:

68 417 336 497 deinceps
367 416 659 476 Wicleffus
687 438 840 475 anno
873 414 1026 474 1359
1055 423 1280 472 secutus
1313 422 1398 473 est
1419 457 1436 486 ‚
1473 415 1629 488 cujus
1671 421 1779 469 art.
1811 409 1846 468 3
1875 432 1889 468 z
1943 408 2146 469 Chris-

64 522 156 569 tus
187 531 308 569 non
350 522 433 569 est
477 516 546 569 in
584 513 777 569 eodem
827 512 1211 582 Sacramenta
1244 509 1495 565 identioe
1532 516 1587 563 et
1623 506 1864 563 realiter
1902 507 1970 562 in
1997 518 2147 582 pro-
2184 521 2187 524 ⁴

51 609 204 683 pria
213 609 538 683 praesentia
553 606 852 683 corporali
864 646 887 675 ,
903 600 1234 684 proscripsit
1249 600 1568 660 Concilium
1586 598 2024 657 Constantiense
2038 598 2150 676 (1).

63 699 311 757 Demum
341 719 456 757 sec.
481 699 605 756 XVI
628 743 643 772 7
681 696 990 775 Zwinglius
1011 740 1027 770 ,
1054 692 1438 753 Carlostadius
1458 739 1473 768 7
1501 691 2008 773 OEcolampadiu5‚
2030 693 2150 769 Bu-⁴

64 812 260 866 331115,
308 790 577 851 Calvinus
623 791 741 872 (2),
789 789 1076 850 Sociniani
1119 809 1320 847 omnes
1355 810 1418 848 ac
1441 786 1836 848 Rationalistae
1878 786 2151 846 eamdem

62 886 645 966 impietatem-sectati
674 898 830 945 sunt.

62 1036 188 1101 sephi
205 1034 382 1101 Plager,
397 1036 446 1085 S.
464 1036 511 1087 J.
529 1035 615 1085 An
628 1036 949 1101 Berenqariws
953 1037 1063 1101 jam

61 1117 173 1164 inde
214 1133 244 1164 a
286 1133 394 1166 soec.
433 1135 478 1165 xt
514 1117 848 1167 recentioribus
882 1115 1062 1163 hetero-

61 1197 199 1246 doxis
221 1200 290 1245 ita
302 1199 602 1264 praeluserit,
626 1209 679 1247 ut
696 1197 867 1247 realem
885 1196 1060 1263 Corpo—

61 1281 131 1327 ris
164 1288 208 1327 et
240 1276 513 1345 Sanquinis
546 1281 729 1355 Clgristi
751 1282 1063 1345 praesentiam

63 1363 119 1408 in
144 1361 196 1408 E
197 1362 460 1410 acharistia
491 1360 799 1428 inficiaretur
818 1399 831 1421 ,
855 1360 1063 1426 proinde

65 1439 556 1491 Sacramentariorum
580 1459 762 1508 parens
795 1460 819 1490 e
848 1459 953 1490 vero
976 1441 1062 1490 ha-

63 1523 244 1572 beatur.
262 1524 341 1571 Hae
359 1524 686 1572 dissertationes
709 1525 910 1572 collectae
932 1541 1062 1587 repe·

64 1606 245 1652 riuntur
270 1608 320 1652 in
353 1603 595 1653 Thesauro
621 1604 870 1669 theoloqico
889 1605 1062 1653 Zacha-

63 1687 170 1745 riae,
195 1683 242 1734 S.
262 1686 308 1734 J.
331 1697 444 1735 tom.
471 1702 524 1735 x.
871 1680 873 1682 ’

130 1766 194 1828 (1)
231 1767 349 1817 Sess.
381 1785 480 1817 vm.
515 1763 649 1832 A’pud
683 1768 911 1817 Harduin.
936 1767 1063 1817 Acta

67 1846 250 1897 Concil.
283 1859 396 1898 tom.
427 1865 533 1909 vm,
555 1849 644 1897 col.
674 1865 787 1915 299.

130 1929 193 1990 (2)
224 1929 347 1978 Satis‘
364 1939 540 1978 constat
561 1967 575 1989 ‚
600 1948 687 1995 qua
720 1947 884 1978 vocum
910 1928 1061 1978 ambi-

65 2010 234 2073 guitate
251 2012 321 2058 usi
340 2011 507 2060 fuerint
525 2011 723 2059 Bucerus
750 2021 795 2059 et
813 2010 1028 2059 Calvinus
1042 2045 1059 2071 ‚

68 2099 119 2137 ut
140 2091 399 2140 viderentur
420 2092 478 2141 ab
508 2094 626 2141 avita
649 2092 852 2141 doctrina
872 2094 1063 2141 minime

70 2170 277 2220 recedere
310 2175 427 2221 circa
467 2173 635 2222 realem
671 2173 839 2221 Christi
867 2187 1062 2238 proesen-

71 2252 179 2298 tiam
201 2288 215 2311 ,
244 2262 380 2318 atque
410 2263 463 2301 ut
498 2255 695 2301 invicem
729 2255 1058 2316 conciliarent,

72 2342 151 2380 ant
175 2334 329 2381 saltem
369 2335 426 2383 ad
457 2343 503 2382 se
538 2330 819 2383 Lutheranos
846 2346 889 2383 et
909 2336 1063 2400 >Zwin-

72 2414 244 2477 glianos
269 2416 590 2479 pertraherent.
612 2415 709 2463 Hac
730 2416 889 2464 eadem
911 2417 1066 2466 fraude

73 2497 143 2542 usi
169 2506 307 2557 sunt,
341 2507 385 2545 et
415 2495 567 2545 adhuc
596 2506 818 2557 utuntur,
855 2502 936 2564 qui
971 2500 1067 2546 ire-

74 2568 236 2624 nicam
292 2595 372 2626 seu
422 2579 657 2643 pacificam
697 2580 1063 2628 conciliationem

75 2659 287 2722 perficere
323 2662 511 2725 aggressi
548 2671 652 2707 sunt
676 2696 690 2720 ,
737 2653 982 2725 praesertim
1020 2663 1070 2708 in

78 2737 285 2787 Borussia
302 2778 316 2801 ‚
345 2744 462 2789 inter
478 2742 758 2790 Lutheranos
780 2753 825 2791 et
841 2741 1071 2791 Calvinia-

82 2836 183 2868 nos.
213 2819 344 2870 Anno
370 2819 490 2886 1817
514 2861 527 2883 ‚
558 2840 618 2889 27
651 2823 775 2888 Sept.
806 2826 973 2890 prodiit
997 2842 1071 2874 ce-

76 2899 201 2948 lebre
233 2901 430 2950 edictum
459 2902 692 2953 Guilielmi
717 2922 766 2953 111
784 2943 796 2966 ‚
844 2907 901 2954 ad
930 2917 1072 2955 sectas

75 2981 175 3028 illas
211 2983 327 3030 inter
364 3001 409 3032 se
435 2986 774 3035 consociandas.
807 2987 906 3036 Hoc
939 3006 1072 3053 porro

76 3062 434 3111 conciliatorium
481 3077 670 3130 systema
716 3077 919 3131 optatum
974 3073 1071 3119 exi-

76 3153 176 3190 tum
208 3161 260 3191 ex
298 3154 423 3208 parte
448 3147 602 3195 saltem
635 3148 837 3196 obtinuit
873 3153 921 3197 in
952 3169 1070 3200 non-

76 3225 215 3272 nullis
239 3228 362 3289 regni
388 3225 635 3275 Borussiaci
661 3228 893 3291 partibus,
912 3232 960 3279 in
976 3241 1071 3282 toto

77 3323 243 3369 magno
258 3306 423 3354 ducatu
434 3306 718 3357 Nassoviensi
729 3327 852 3359 anno
871 3309 952 3360 181
965 3316 1072 3379 7‚in

77 3390 330 3452 principatu
340 3388 641 3438 Hanovriensi
650 3427 661 3445 ‚
672 3394 723 3438 in
738 3395 861 3456 regni
871 3393 1072 3443 Bavarici

79 3479 203 3533 parte
219 3470 543 3519 transrhenana
558 3489 678 3520 anno
690 3469 830 3531 1818,
842 3475 891 3521 in
904 3474 1072 3524 ducatu

77 3551 690 3616 Anhaltino-Bernburgensi
704 3571 825 3602 anno
849 3552 972 3603 1820
994 3593 1007 3615 ‚
1023 3558 1074 3604 in

83 3631 249 3681 ducatu
265 3633 585 3683 Waldeccensi
600 3645 644 3683 et
672 3635 983 3701 Pyrmontan'o'
999 3655 1075 3686 an·

84 3728 143 3760 no
168 3711 283 3775 1821
305 3753 318 3776 ‚
335 3716 588 3783 eodemque
600 3735 720 3766 anno
735 3721 785 3766 in
804 3736 966 3784 magno
988 3719 1076 3769 du-

85 3803 186 3844 catu
210 3794 401 3848 Badensi
422 3834 436 3860 ‚
464 3799 545 3849 ubi
567 3800 784 3850 solemnia
806 3801 944 3867 hujus
966 3818 1077 3852 con-

1149 1037 1408 1084 sociationis
1428 1034 1650 1084 celebrata
1673 1043 1779 1082 sunt
1795 1033 1868 1082 die
1884 1030 1947 1081 28
1961 1031 2148 1093 Octob.,

1147 1119 1198 1165 in
1229 1119 1384 1182 magni
1416 1117 1524 1165 duc.
1565 1115 1732 1164 Hassiae
1770 1124 1895 1179 parte
1930 1114 2156 1161 Rhenana-

1147 1216 1268 1247 anno
1307 1196 1429 1247 1823
1449 1234 1462 1261 ‚
1491 1201 1542 1246 in
1581 1198 1750 1247 ducatu
1772 1196 2057 1245 Dessaviensi
2079 1195 2157 1243 die

1155 1278 1215 1328 1-6
1239 1280 1351 1346 Maj.
1382 1278 1526 1344 1827.
1543 1279 1618 1328 Ita‘
1641 1279 1942 1328 Protestantes
1969 1293 2158 1342 progre-

1147 1362 1338 1410 diuntur
1356 1399 1368 1421 ,
1393 1379 1577 1410 omnem
1610 1362 1933 1408 conscientiam
1953 1396 1965 1418 ‚
1996 1362 2090 1406 imo
2110 1366 2156 1406 et

1147 1442 1370 1507 pudorem
1407 1452 1641 1491 exuentes.
1677 1440 1815 1505 Quasi
1843 1439 2033 1505 perinde
2063 1441 2151 1498 sit,

1147 1523 1394 1572 frustulum
1411 1525 1567 1587 panis,
1593 1532 1672 1570 3111
1688 1521 1854 1569 Christi
1873 1520 2051 1585 Corpus
2077 1537 2155 1568 ac-

1147 1607 1329 1669 cipere3
1362 1604 1549 1651 adorare
1581 1602 1814 1650 Christum
1850 1611 2118 1666 praesentem
2138 1638 2153 1660 ‚

1147 1695 1226 1734 ant
1256 1688 1451 1733 execrari
1480 1683 1610 1732 hunc
1640 1686 1779 1731 ritum
1807 1682 1932 1731 velut
1960 1681 2155 1730 idolola-

1146 1769 1331 1816 tricum.
1350 1766 1574 1815 Nonnulli
1589 1765 1774 1832 quidem
1796 1764 2043 1813 Lutherani
2061 1773 2156 1811 tan-

1145 1859 1240 1897 tam
1270 1851 1551 1914 impietatem
1583 1849 1705 1896 exosi
1731 1863 1783 1895 ac
1810 1839 2051 1906 detestati,
2081 1844 2156 1892 ad-

1148 1947 1300 1979 versus
1337 1929 1565 1997 ejusmodi
1602 1929 1969 1976 conciliationem
2003 1929 2156 1974 insur-

1146 2022 1363 2061 rexerunt
1381 2051 1394 2071 ‚
1417 2022 1466 2060 ut
1485 2011 1649 2059 Harms
1676 2013 1726 2057 in
1743 2010 1826 2058 lib.
1846 2005 1911 2076 95
1939 2009 1987 2056 T
1986 2007 2126 2055 hosen
2141 2045 2156 2068 ‚

1154 2091 1275 2157 1817
1304 2110 1317 2155 ;
1345 2092 1547 2141 Ammon
1566 2128 1581 2154 ‚
1608 2090 1788 2141 Bietere
1818 2092 2012 2138 Arznei
2031 2127 2044 2147 ‚
2077 2106 2157 2136 seu

1146 2173 1332 2223 Amara
1350 2174 1606 2232 medicina,
1634 2172 1756 2239 1817
1774 2171 1854 2234 ‘;J.
1874 2171 2003 2221 A.N.
2042 2170 2164 2218 Titt-

1149 2271 1291 2304 mann
1308 2293 1321 2315 ‚
1350 2255 1506 2304 Ueber
1527 2254 1605 2302 die
1630 2252 1681 2301 V
1680 2255 1961 2318 ereiniqunq
1986 2252 2074 2302 der
2089 2272 2158 2303 ev.

1149 2335 1366 2383 Kirchen
1385 2374 1398 2395 ‚
1430 2354 1509 2384 seu
1541 2335 1597 2382 de
1630 2335 1822 2384 Unione
1851 2335 2158 2384 ecclesiarum

1151 2416 1565 2480 evanqelicarum,
1589 2416 1731 2481 'Lips⁸
1779 2413 1903 2463 1818
1930 2431 1943 2478 ;
1986 2416 2160 2481 aliique

1151 2501 1300 2563 pauci.
1312 2497 1493 2562 Quibus
1508 2516 1553 2546 se
1567 2515 1612 2546 se
1627 2495 2160 2562 opposueruntSchleier·

1154 2580 1337 2628 macher
1357 2617 1369 2639 ‚
1387 2578 1476 2627 An
1493 2579 1551 2627 H
1549 2596 1659 2627 errn
1677 2580 1888 2628 Ammon
1903 2579 2020 2625 iiber
2033 2579 2163 2626 seine

1156 2658 1380 2725 Priifunq
1401 2661 1485 2708 der
1501 2660 1854 2708 Harmsischen
1874 2659 2019 2707 Sdtze
2039 2697 2051 2719 ,
2082 2676 2167 2707 seu.

1156 2743 1204 2791 A
1211 2744 1243 2790 d
1257 2741 1816 2799 DominumAmmon,de
1827 2743 1928 2806 ejus
1941 2743 2162 2790 examine

1150 2826 1527 2890 propositionum
1552 2824 1786 2872 Harmsii
1799 2860 1812 2883 ‚
1831 2823 1978 2871 Berol.
2007 2819 2160 2883 1818;

1157 2907 1345 2966 Marees,
1361 2907 1522 2972 Geqen
1535 2908 1638 2954 eine
1662 2905 2045 2954 Tittmannische
2062 2903 2121 2952 V
2113 2923 2163 2953 e-

1157 2989 1522 3054 runqlimpfunq
1536 2990 1592 3035 in
1604 2990 1733 3035 seine
1746 2986 1945 3050 Schifi,
1961 3004 2040 3035 seu
2051 2985 2162 3033 Ad-

1157 3087 1319 3118 versus
1349 3070 1603 3134 quamdam
1622 3070 1858 3134 injuriam
1886 3068 2165 3114 Tittmanni

1157 3154 1212 3200 in
1231 3169 1320 3200 sua
1342 3151 1618 3216 scriptione,
1642 3150 1812 3198 Dessau
1831 3186 1844 3207 ‚
1878 3147 2033 3212 1818;
2059 3149 2162 3196 31ἰί-

1158 3253 1278 3301 que,
1315 3235 1371 3282 de
1406 3232 1573 3298 quibus
1612 3233 1712 3280 fuse
1749 3229 1926 3280 disserit
1960 3231 2161 3288 michel,

1157 3316 1362 3364 Ireneon
1377 3355 1392 3376 ‚
1417 3318 1497 3380 qui
1522 3315 1720 3380 plurima
1740 3314 1828 3362 hac
1853 3314 1910 3362 de
1932 3331 1980 3362 re
2000 3315 2164 3377 scripta

1159 3408 1380 3447 recenset.
1413 3397 1624 3445 Ceterum
1657 3398 1752 3445 sive
1782 3383 2028 3454 Calvinusj
2070 3397 2164 3442 sive

1161 3483 1331 3539 ceteri,
1358 3481 1438 3544 qui
1457 3496 1562 3527 eum
1584 3479 1726 3527 secuti
1753 3487 1860 3524 sunt
1876 3510 1891 3536 ,
1916 3491 2167 3539 omnesque

1163 3564 1236 3609 isti
1267 3561 1615 3625 pseudo-irenici
1632 3596 1645 3615 ,
1669 3561 1852 3606 remotis
1866 3555 2132 3620 ambagibus
2147 3591 2160 3614 ,

1156 3645 1206 3692 in
1256 3661 1309 3692 eo
1349 3644 1628 3691 conveniunt
1648 3678 1660 3701 ,
1701 3651 1753 3689 111
1790 3638 1958 3688 realem
1997 3630 2170 3684 Christi-

1161 3723 1421 3773 absentiam
1460 3723 1518 3773 ab
1550 3723 1832 3772 Eucharistia
1854 3727 2073 3768 statuant.
