2502 4186
2093 258 2209 319 339

580 286 700 326 CAP.
750 288 838 325 111.
887 288 953 323 DE
999 286 1280 338 MATER1A3
1316 283 1543 332 FORMA,
1588 282 1709 318 ETC.

173 429 310 489 371.
355 427 444 487 Ad
483 429 568 486 51¹¹
600 440 670 493 vet
711 427 830 504 6¹1¹,
892 429 1046 488 Dist.
1102 428 1216 486 Suo
1260 424 1435 484 modo
1472 445 1536 484 ac
1576 423 1769 482 latiori
1822 446 1998 484 sensu
2034 429 2204 504 juxta

96 510 230 598 illa,
272 543 397 605 quae
427 524 679 583 diximus
715 545 906 590 conc.,·
951 539 1087 582 vere
1112 567 1127 596 ,
1164 520 1400 603 proprie
1432 539 1496 578 ac
1524 514 1860 578 immediate
1887 566 1902 593 .,
1938 542 2066 599 neq.
2098 520 2209 601 (1).

177 620 318 680 372.
354 619 438 678 Ad
463 620 545 679 7ιιι
565 664 580 691 ,
605 621 767 678 Dist.
800 618 867 677 Id
887 629 996 693 est,
1014 616 1252 676 interfui
1269 661 1284 689 .,
1312 635 1509 687 conc.‚·
1533 635 1672 674 vere
1696 613 1885 673 obtuli
1907 659 1923 688 .,
1947 637 2076 695 neq.
2104 614 2212 696 (2).

177 715 316 780 373.
367 714 454 773 Ad
482 714 566 773 8¹¹¹
587 758 603 788 .,
628 716 790 773 Dist.
819 716 1045 795 Nempe
1075 710 1302 771 adstitit
1329 710 1566 769 Simeon
1590 711 1822 773 Domno
1862 711 2218 769 Sacrificium

97 811 366 871 offerenti
388 812 450 868 in
483 809 651 868 altari
676 831 861 892 prope
880 808 1215 869 *columnam
1241 817 1430 865 erecto
1449 851 1465 880 7
1489 827 1680 871 cono.;
1708 825 1842 865 vere
1869 803 2182 865 celebravit
2202 851 2219 881 ‚

96 928 224 987 neq.
258 904 347 964 Sic
375 905 551 963 etiam
584 903 873 964 dederunt
900 903 1008 962 sibi
1028 901 1502 962 communionem
1529 900 1820 961 vivificam
1843 944 1858 974 a
1878 899 1939 957 id
1965 910 2084 975 est,
2114 922 2222 981 pa-

98 1021 221 1059 cem
247 1020 353 1080 per
377 999 638 1058 osculum
666 1010 931 1059 sanctum
959 997 1067 1077 (3).
1104 999 1186 1056 Ex
1221 995 1311 1055 his
1336 1007 1501 1078 patet
1522 1041 1537 1070 ‚
1566 1016 1823 1076 quanam
1859 995 2085 1053 ratione
2118 1016 2224 1076 per

95 1115 316 1154 vanum
367 1094 703 1153 eruditionis
746 1104 1092 1175 apparatum
1147 1091 1412 1151 Ecclesiae
1448 1089 1886 1174 perturbatores
1935 1090 2223 1170 imperitis

100 1189 299 1248 fucum
339 1189 570 1248 faciant.
613 1188 779 1262 Quod
803 1189 849 1247 si
877 1187 1088 1247 leviter
1126 1189 1494 1247 excutiantur
1516 1231 1532 1261 a
1558 1206 1684 1268 quae
1721 1184 1796 1245 ab
1835 1185 1973 1265 ipsis
2011 1206 2226 1244 monu-

97 1295 300 1345 menta
334 1285 687 1360 afferuntur,
721 1284 957 1367 penitus
994 1294 1370 1346 evanescunt.

902 1488 1315 1543 PROPOSITIO
1352 1488 1424 1542 V.

104 1660 393 1739 Specialis
442 1659 753 1736 Sacrifieii
780 1658 1107 1736 applicatio
1126 1675 1245 1735 pro
1281 1656 1595 1734 aliquibus
1614 1659 1889 1735 personis
1934 1679 1974 1714 a
2012 1657 2223 1715 Sacer-

183 1756 308 1812 dote
347 1755 488 1833 fieri
511 1763 734 1832 potest,
773 1773 893 1830 qua
918 1752 994 1830 fit
1036 1761 1108 1808 ut
1140 1755 1415 1830 specialis
1438 1754 1686 1830 fructus
1720 1755 1800 1809 iis
1820 1743 1843 1826 7¹
1863 1772 1980 1832 pro
2003 1753 2227 1831 quihus
2275 1805 2279 1807 ⁴

184 1850 566 1928 applicatur,
604 1851 810 1905 ceteris
837 1847 1146 1926 paribus,
1166 1849 1507 1926 proveniat.

185 2034 324 2094 374.
373 2035 473 2092 Est
499 2032 634 2092 fidei
663 2033 934 2115 proxima
981 2032 1106 2092 haec
1139 2032 1503 2114 propositio3
1550 2033 1873 2094 adstruitur
1903 2047 2100 2095 autem
2122 2082 2138 2112 ,
2166 2047 2234 2095 ut

106 2131 405 2188 innuimus
428 2174 444 2204 .,
476 2129 753 2188 adversus
801 2128 1091 2210 synodum
1121 2129 1569 2202 Pistoriensem,
1616 2150 1745 2211 quae
1770 2175 1785 2205 ,
1823 2152 1993 2212 prop.
2030 2132 2190 2190 XXX
2209 2120 2227 2206 ¹,

110 2226 436 2303 Profitetur
459 2226 724 2296 eredere,
763 2225 1073 2302 Sacrificii
1093 2225 1445 2283 oblationem
1475 2226 1780 2283 extendere
1806 2248 1862 2284 se
1886 2227 1972 2285 ad
1997 2248 2198 2286 omnes
2212 2271 2234 2299 ,

108 2323 198 2378 ita
244 2332 480 2391 tamen,
521 2330 593 2378 ‘ut
622 2324 690 2377 in
727 2321 980 2399 li'tvtrqi‘a
1014 2320 1159 2398 fieri
1193 2324 1386 2399 possit
1432 2322 1708 2400 specialis
1751 2326 2232 2382 commemoratio

109 2417 458 2494 aliquorum
487 2426 610 2473 tam
646 2420 921 2473 vivorum
959 2437 1145 2494 quam
1183 2417 1607 2495 defunctorum
1632 2460 1653 2490 ,
1681 2419 1990 2498 precando
2029 2415 2231 2499 Deum

111 2619 287 2684 busque
304 2620 585 2669 christianis
598 2620 725 2668 dimit
742 2620 932 2668 Petrus.
941 2656 957 2682 ,
977 2619 1080 2687 Ep.
1097 2638 1133 2680 1,

113 2718 226 2766 cap..
258 2718 286 2750 2
305 2740 317 2760 ‚
340 2702 521 2767 Reqale
550 2703 866 2750 sacerdotium
882 2740 894 2762 ,
915 2713 1135 2750 sanctu-m

115 2780 429 2833 Sacerdotum
452 2803 548 2833 esse
564 2822 578 2841 ‚
611 2784 830 2833 videlicet
847 2822 862 2842 ,
891 2793 946 2832 ut
970 2787 1133 2833 statim

117 2865 352 2930 explicat,
385 2867 449 2914 ad
469 2868 730 2934 offerendas
772 2865 865 2915 Deo
896 2868 1135 2933 spiritales

117 2947 310 2994 hostias.
365 2946 486 2996 Ecce
516 2957 676 2997 tamen
708 2949 925 2998 Grabius
939 2952 1135 3015 primus

118 3031 338 3076 omniu-m
358 3066 371 3089 ,
398 3047 534 3094 quem
551 3032 698 3079 sciam
716 3040 728 3091 ‚'
754 3034 818 3079 iis
834 3033 867 3079 I
866 3035 1016 3080 reuoei
1029 3050 1134 3081 ver·

119 3113 194 3159 bis
216 3113 385 3159 misere
411 3111 659 3174 abutitur,
691 3121 746 3161 ut
775 3116 1133 3162 sanctissimum

122 3196 383 3242 antistitem
395 3211 486 3260 per
500 3195 579 3258 fas
605 3196 797 3259 etnefas
816 3233 829 3255 ‚
859 3205 902 3243 et
922 3196 1130 3257 obtorto,

122 3286 176 3324 ut
231 3279 404 3335 aiunt,
435 3275 582 3334 eollo,
633 3276 896 3324 Puritam's
937 3278 1096 3325 tradat
1109 3296 1133 3337 ,-

66 3354 74 3360 ”
118 3361 259 3424 quasi
307 3357 441 3405 illius
485 3360 722 3406 sententia
769 3358 924 3422 fuerit
942 3393 956 3419 ,
1009 3360 1136 3422 quod

121 3458 280 3489 omnes
303 3439 466 3504 fideles
511 3441 610 3487 sint
650 3439 934 3489 sacerdotali
965 3441 1132 3489 ordine

38 3549 45 3558 x
122 3539 178 3571 ac
207 3532 432 3588 potestate
459 3522 687 3588 praediti,
725 3524 923 3588 ejusque
951 3524 1132 3571 exerci-

121 3605 243 3652 tium
264 3643 276 3664 ‚
318 3604 406 3652 ubi
444 3605 695 3652 necessitas
731 3605 966 3668 requirit,
1003 3604 1132 3652 obire

125 3695 313 3748 queant.
345 3686 500 3753 Quem
522 3685 781 3733 absurdum
799 3702 988 3733 sensum
1005 3685 1133 3733 solus

126 3767 183 3812 in
218 3766 400 3816 Ireuoei
440 3768 595 3817 verbis
630 3768 902 3834 expiscatus
937 3766 1093 3831 fuerit
1115 3803 1130 3830 ‚

1222 2620 1386 2669 nullus
1423 2630 1545 2670 certe
1584 2622 1713 2670 alius
1745 2640 1804 2671 ex
1832 2624 2115 2673 mortalibus
2135 2663 2148 2685 ‚
2190 2626 2238 2673 si

1220 2719 1372 2752 sanus
1400 2704 1582 2768 fuerit,
1613 2704 1992 2771 deprehenderit.
2017 2707 2234 2757 Attamen

1220 2787 1465 2835 adversarii
1490 2791 1634 2836 nostri
1673 2806 1769 2836 non
1802 2799 2018 2838 verentur
2052 2807 2238 2842 causam

1220 2886 1520 2918 communem
1553 2861 1684 2936 agere
1720 2888 1827 2918 cum
1850 2871 2233 2925 protestantibus-

1220 2948 1309 2999 Sed
1340 2951 1426 3015 cfr.
1462 2952 1586 3000 idem
1621 2958 1749 3001 auct.
1783 2940 1895 3002 diss.
1932 2968 2012 3013 ιιι,
2043 2964 2130 3003 art.
2169 2952 2233 3015 8,

1220 3031 1246 3099 ὃ
1284 3051 1375 3082 1oo
1395 3072 1407 3092 ‚
1437 3034 1516 3081 ubi
1540 3034 1632 3081 late
1663 3033 1886 3083 Grabium
1911 3036 2134 3084 confutat.

1290 3116 1351 3178 (l)
1389 3114 1486 3163 Cfr.
1526 3116 1762 3165 adnotatio
1802 3115 1996 3165 Vallarsi
2028 3104 2079 3165 in
2109 3118 2236 3168 hunc

1215 3196 1392 3263 iocum.

1285 3278 1354 3342 (2)
1391 3278 1486 3328 cfr.
1505 3279 1719 3328 Ruinart.
1754 3282 1804 3327 in
1828 3280 1921 3329 loc.
1942 3283 2019 3329 cit.
2035 3292 2136 3330 not.
2157 3298 2236 3330 202

1290 3359 1354 3426 (3)
1392 3360 1491 3412 Cfr.
1520 3372 1676 3412 tamen
1704 3362 1916 3412 Valesius
1946 3363 2006 3412 ad
2024 3363 2116 3412 loc.
2152 3367 2235 3415 cit.

1217 3442 1420 3510 Evagrii.
1453 3445 1555 3509 Ipse
1573 3456 1728 3494 tamen
1743 3463 2002 3511 supponere
2023 3446 2203 3494 videtur
2227 3481 2241 3505 ‚

1215 3523 1479 3576 Simeonem
1494 3528 1630 3576 fuisse
1646 3528 1980 3593 presbyterum.
1999 3526 2098 3592 Cfr,
2124 3541 2244 3580 prae-

1216 3617 1337 3656 terea
1351 3607 1456 3656 Nat.
1487 3608 1621 3658 Alex.
1655 3609 1798 3658 Diss.
1820 3626 1905 3656 xm
1923 3644 1937 3666 ‚
1969 3609 2026 3654 iu
2039 3624 2132 3656 see.
2149 3625 2234 3656 xm

1214 3697 1259 3738 et
1292 3704 1368 3739 xlv
1389 3688 1571 3738 Eccles.

1895 3850 1994 3910 22.
