2502 4186
644 245 766 286 car.
810 248 872 286 v.
921 249 989 285 nn
1031 246 1390 287 nucessrurn
1433 246 1712 285 BAPTISMI.
2142 225 2218 285 65

212 388 351 447 147.
398 390 566 469 Resp.
617 386 705 446 Ad
745 388 858 461 lm,
902 389 1062 447 Dm.
1105 389 1203 444 Est
1238 397 1597 467 praeceptum
1638 385 1811 444 simul
1854 396 1914 446 et
1962 388 2222 449 medium

133 481 323 563 quoad
353 481 577 540 adultos
600 526 614 555 ‚
651 483 752 562 qui
785 502 944 562 aquae
973 481 1333 560 Baptismum
1366 480 1635 561 supplere
1675 492 1918 561 possunt
1942 483 2005 541 in
2029 504 2221 543 neces-

129 576 311 636 sitatis
338 599 470 635 casu
492 598 595 655 per
616 581 735 653 ejus
761 587 960 637 votum
987 584 1086 632 aut
1111 574 1483 651 martyrium,
1509 594 1690 639 conc.;
1718 575 1909 654 quoad
1936 576 2220 652 infante8‚

132 675 318 731 Suhd.
353 674 451 730 Est
471 681 824 752 praeceptum
853 716 868 745 .,
906 691 1063 749 ne9.,·
1085 678 1170 726 est
1194 667 1450 725 medium
1468 712 1483 740 ,
1509 667 1663 748 quod
1690 691 1794 748 per
1838 671 2025 730 solum
2064 693 2222 730 mar-

130 769 344 847 tyrium
381 765 637 847 suppleri
673 776 863 845 potest
891 809 907 839 ‚
948 783 1106 822 conc.
1159 763 1236 819 Ea
1286 763 1610 820 revocanda
1654 775 1826 837 sunt,
1894 786 2019 844 quae
2053 766 2220 826 initio

133 860 303 938 hujus
346 861 544 939 capitis
580 860 978 939 praemisimus,
1015 857 1188 913 Porro
1221 854 1293 913 de
1321 855 1641 914 infantibus
1685 857 1763 915 ita
1794 858 1990 916 scribit
2016 861 2072 917 S.
2104 862 2225 919 Au-

129 954 389 1033 gustinus
434 976 446 1011 :
503 955 787 1033 Quisquis
835 952 1058 1010 diarerit
1073 991 1092 1019 ,
1154 951 1314 1027 quod
1355 955 1423 1007 in
1479 951 1703 1008 Christo
1754 953 2228 1029 vivificabuntur

131 1053 311 1106 etiam
335 1050 629 1127 parvuli,
667 1052 778 1126 qui
797 1050 921 1104 sine
950 1045 1331 1108 Sacramenti
1349 1049 1477 1121 ejus
1498 1049 1971 1124 participatione
2004 1049 2073 1105 de
2103 1052 2227 1107 vita

131 1154 348 1201 eoeeunt
367 1186 388 1213 ‚
419 1144 517 1200 hic
536 1145 791 1221 profecto
809 1148 864 1196 et
880 1150 1080 1197 contra
1112 1141 1492 1217 apostolicam
1509 1141 2005 1217 praedicationem
2031 1148 2224 1214 venit,

134 1250 190 1296 et
214 1250 397 1296 totam
420 1239 770 1298 condemnat
802 1234 1136 1292 Ecclesiam
1151 1258 1169 1300 ‚·
1206 1235 1648 1312 ubipropterea
1670 1257 1809 1293 cum
1843 1238 2225 1314 baptizandis

123 1335 408 1412 parvulis
429 1334 754 1409 festinatur
776 1339 831 1385 et
850 1333 1161 1399 curritur,
1190 1334 1338 1406 quia
1361 1333 1486 1386 sine
1511 1330 1695 1387 dubio
1719 1316 2027 1402 creditur,
2050 1333 2229 1390 aliter

135 1449 224 1486 eos
247 1433 315 1485 in
348 1427 574 1486 Christo
604 1424 901 1502 vivzficari
936 1427 1172 1481 omnino
1201 1444 1322 1480 non
1347 1444 1515 1501 posse
1548 1423 1657 1502 (l).

190 1566 203 1570 -
219 1521 349 1580 148.
395 1517 481 1577 Ad
502 1519 586 1575 2¹1¹
607 1562 622 1590 ,
646 1518 894 1577 Dz·st.1d
910 1529 996 1576 est
1016 1563 1030 1590 ‚
1060 1519 1122 1575 in
1145 1518 1450 1598 Scripturis
1480 1539 1599 1574 non
1620 1517 1830 1596 legitur
1852 1563 1868 1593 ‚
1894 1541 2078 1586 conc.;
2106 1542 2228 1579 non

131 1615 365 1673 fuerunt
403 1611 715 1694 baptizati,
768 1634 895 1691 neq.
936 1613 1053 1670 Etsi
1087 1612 1245 1670 enim
1285 1611 1497 1669 horum
1542 1610 1904 1672 ablutionem
1935 1615 2231 1693 Scriptura

134 1729 255 1766 non
287 1707 534 1782 referat,
583 1729 705 1765 non
745 1706 883 1765 inde
930 1727 1287 1786 consequens
1320 1718 1407 1765 est
1433 1751 1450 1780 .,
1498 1727 1594 1765 eos
1631 1708 1841 1766 tinctos
1877 1730 1996 1766 non
2036 1709 2227 1768 fuisse.

135 1804 283 1866 Sane
326 1802 399 1860 de
440 1800 847 1883 Apostolorum
913 1802 1207 1882 Baptismo
1249 1803 1446 1859 Patres
1496 1800 1763 1860 dubitare
1814 1823 1934 1859 non
1981 1803 2226 1877 sinuntt,

134 1898 266 1978 quia
307 1896 617 1958 verisimile
659 1917 779 1973 non
815 1906 933 1968 est,
973 1917 1103 1972 eos,
1159 1896 1258 1976 qui
1292 1907 1574 1976 tanquam
1615 1895 1877 1976 discipuli
1915 1897 2228 1957 Salvatoris

133 2003 194 2051 et
233 1991 484 2050 ministri
541 1990 841 2070 tingebant
890 1990 1071 2064 alios.,
1127 2012 1248 2048 non
1305 1990 1476 2048 fuisse
1515 2000 1683 2048 antea
1724 1989 1951 2073 lavacio
1992 1991 2230 2050 salutari

134 2085 360 2145 ablutos
405 2087 515 2168 (2).
556 2088 680 2145 Imo
721 2086 1071 2164 Augustinus
1119 2084 1465 2159 contendit,
1520 2076 1852 2166 'oppositum
1898 2085 2052 2145 credi
2106 2106 2229 2144 non

206 2290 268 2354 (1)
294 2290 460 2354 Epist.
477 2305 604 2337 ctxvr
624 2325 638 2348 ,
657 2287 721 2334 ad
736 2287 942 2336 Hieron.
964 2305 1066 2353 cap.
1084 2305 1134 2356 7,

322 2372 411 2419 Ubi
435 2370 752 2418 adnotandum
774 2380 840 2418 est
860 2407 873 2429 ‚
895 2367 945 2418 S.
967 2369 1139 2417 Docto-

135 2469 232 2500 rem
274 2452 540 2499 antithesim
580 2453 826 2498 instituisse
863 2468 970 2498 cum
1017 2449 1140 2515 Apo-

135 2533 250 2582 stolo
268 2568 285 2594 ‚
319 2550 335 2580 1
353 2532 457 2580 Cor.
485 2549 565 2591 xv,
586 2548 665 2587 21,
685 2547 766 2590 22,
787 2535 905 2579 inter
928 2549 1003 2580 eos
1024 2567 1038 2593 ‚
1061 2533 1141 2597 qui

139 2617 397 2663 moriuntur
419 2617 479 2662 'in
507 2613 655 2661 Adam
674 2650 687 2673 ‚
712 2623 755 2661 et
781 2630 856 2660 eos
874 2650 887 2673 ‚
921 2615 1002 2678 qui
1028 2615 1142 2660 vivi-

139 2697 334 2744 ficantur
363 2698 413 2744 in
440 2695 656 2756 Christ03
690 2696 968 2759 pronunciat
999 2710 1105 2742 vero
1123 2729 1140 2750 ,

141 2778 376 2826 neminem
397 2766 460 2825 ¹ex
489 2779 543 2824 iis
561 2813 574 2836 ‚
602 2778 683 2841 qui
718 2778 768 2823 in
800 2775 949 2823 Adam
975 2777 1142 2823 mortui

148 2868 253 2909 sunt
290 2894 303 2916 ,
358 2858 578 2906 vivificari
624 2860 674 2905 in
717 2856 896 2905 Christo
937 2860 1024 2904 nisi
1062 2875 1143 2922 per

146 2935 447 3000 Baptismum.
482 2938 550 2985 Ex
582 2956 674 3003 quo
707 2937 991 3001 colligimus,
1034 2956 1143 2986 eum

101 3078 107 3085 1
147 3034 243 3064 non
257 3019 525 3067 existimasse
537 3037 720 3084 puer-0³,
743 3022 888 3085 quiin
907 3029 1034 3067 utero
1050 3037 1143 3068 ma·

150 3110 274 3147 trum
292 3101 566 3159 moriuntur,
582 3111 821 3164 parentum
840 3101 932 3149 fide
947 3110 1028 3148 aut
1038 3110 1143 3150 voto

150 3202 175 3232 a
206 3184 375 3247 peccati
404 3184 633 3246 originalis
662 3191 791 3233 reatu
826 3185 938 3232 solvi
976 3202 1103 3249 posse
1127 3221 1141 3244 ,

150 3281 236 3312 nec
257 3274 436 3328 putasse
456 3300 468 3322 ‚
489 3273 624 3327 prout
640 3266 853 3313 nonnulli
879 3276 1142 3327 autumant,

150 3347 208 3394 ad
231 3363 306 3393 eos
326 3362 420 3392 non
439 3355 638 3408 spectare
657 3343 822 3393 Christi
838 3350 1140 3396 sententiam:

151 3427 387 3490 Nisiquz's
423 3434 617 3473 renatus
639 3462 651 3485 ‚
679 3435 769 3473 etc.

217 3508 280 3571 (ἃ)
318 3508 456 3560 Card.
480 3507 692 3555 Bellarm.
720 3503 792 3553 De
815 3504 966 3570 Bapt.
985 3506 1071 3557 lib.
1091 3524 1110 3555 1
1128 3545 1142 3569 ,

153 3607 252 3654 cap.
282 3589 344 3638 23
364 3625 378 3648 ‚
410 3607 462 3638 n.
498 3604 555 3636 21
586 3625 599 3647 ‚
631 3598 681 3635 ut
714 3589 921 3646 evincat,
953 3585 1146 3651 Aposto-

148 3670 213 3719 los
231 3670 480 3736 baptizatos
511 3671 649 3719 fuisse
679 3668 848 3717 Christi
874 3667 1104 3733 Baptismo
1125 3706 1140 3731 ‚

221 3764 287 3822 T.
336 3766 427 3824 VI.

138 2389 187 2419 n·
214 2387 293 2419 21.

1226 2289 1412 2338 adducit
1426 2293 1544 2340 inter
1557 2300 1747 2352 ceteras,
1763 2294 2076 2340 auctoritatem
2092 2294 2231 2340 etiam

1227 2369 1493 2418 Tertulliani
1531 2388 1589 2418 ex
1618 2372 1704 2419 lib.
1752 2372 1830 2419 De
1864 2372 2146 2436 Baptz'sm03
2182 2381 2231 2421 at

1227 2461 1405 2499 certum
1442 2462 1506 2499 est
1544 2469 1601 2499 ex
1633 2469 1734 2515 cap.
1767 2468 1823 2498 12
1853 2453 1959 2500 libri
1997 2456 2076 2501 cit.
2117 2453 2233 2502 Ter-

1227 2532 1475 2598 tullianum
1515 2533 1644 2580 silere
1687 2550 1870 2597 prorsus
1902 2534 1958 2582 de
1997 2532 2231 2599 Baptismo

1228 2613 1393 2661 Christi
1419 2613 1643 2678 Apostolis
1662 2615 1825 2662 collato
1842 2652 1854 2674 ‚
1886 2633 1938 2663 ac
1954 2617 2101 2663 solum
2116 2634 2229 2664 con-

1224 2697 1363 2760 jicere
1391 2695 1633 2760 Apostolos
1659 2698 1821 2743 tinctos
1842 2697 1981 2745 fuisse
1997 2698 2230 2762 Baptismo

1226 2776 1435 2824 Joannis.
1493 2775 1570 2824 Sic
1625 2780 1818 2825 minime
1878 2788 2109 2827 assecutus
2165 2788 2233 2827 est

1228 2869 1429 2908 mentem
1455 2858 1724 2906 Tertulliani
1756 2860 1984 2909 Pamelius
2007 2898 2020 2919 ‚
2054 2864 2135 2927 qui
2164 2863 2231 2909 ci·

1228 2947 1320 2989 tato
1338 2942 1474 3004 capiti
1493 2940 1618 2988 hunc
1632 2941 1815 2988 titulum
1837 2943 2029 3004 praefixit
2048 2959 2062 2989 e
2086 2940 2231 3008 Quod

1230 3020 1453 3086 Apostoli
1484 3021 1720 3086 baptizati
1754 3022 1907 3085 fuisse
1954 3022 2230 3071 videantur.

1228 3102 1402 3151 Verum
1426 3103 1549 3167 quod
1568 3121 1663 3149 non
1683 3103 1868 3150 tradidit
1889 3101 1995 3151 Afer
2017 3106 2228 3167 scriptor,

1231 3187 1311 3251 qui
1337 3200 1431 3231 non
1456 3183 1573 3230 vidit
1589 3184 1824 3247 epistolam
1853 3183 2014 3232 Evodii
2039 3186 2232 3250 inscrip-

1230 3277 1324 3314 tam
1344 3284 1357 3314 ε
1377 3261 1528 3325 Τὲφᾶἰς
1545 3301 1561 3327 ,
1580 3263 1793 3321 Lumen,
1810 3266 1887 3313 alii
1903 3268 2080 3331 antiqui
2095 3267 2232 3334 scrip·

1229 3358 1346 3395 ⁴tores
1362 3348 1526 3411 scripto
1548 3348 1890 3410 consignarunt.
1916 3347 2079 3412 Ita-que
2111 3348 2229 3396 Evo-

1231 3429 1364 3485 dius,
1395 3427 1684 3475 immediatus
1713 3426 1765 3475 S.
1803 3427 1923 3476 Petri
1951 3431 2000 3476 in
2027 3429 2228 3477 Ecclesia

1230 3508 1519 3557 Antiochena
1546 3525 1771 3556 successor
1792 3545 1806 3569 ‚
1838 3511 1887 3557 in
1921 3510 2104 3558 laudata
2136 3510 2234 3573 epi-

1231 3590 1345 3639 stola
1371 3626 1385 3651 ,
1409 3593 1541 3657 cujus
1572 3590 1878 3655 fragmentum
1898 3591 2066 3654 profert
2091 3588 2227 3638 Nice-

1231 3672 1400 3736 phorus
1419 3708 1433 3734 ,
1474 3669 1614 3720 Hist.
1648 3670 1806 3721 eccles.
1827 3670 1907 3719 lib.
1925 3687 1981 3730 11,
2014 3687 2116 3736 cap.
2148 3670 2178 3719 3
2213 3686 2230 3720 z

1955 3763 1992 3821 5
