2502 4186
766 238 887 275 (ω’.
931 239 993 277 11.
1044 240 1112 275 nn
1156 237 1550 278 commuomi.
2100 218 2213 278 381

105 378 284 438 tentia
315 378 610 437 confertur
631 379 860 439 diversa
882 382 1064 460 gratia
1084 423 1101 454 7
1134 401 1200 438 ac
1220 379 1448 441 diversa
1467 390 1556 439 est
1570 365 1752 438 etiam
1786 381 2217 460 significationis

106 474 274 531 ratio.
310 473 606 554 Siquidem
636 475 962 556 Baptismus
987 486 1069 534 est
1098 473 1414 556 spiritualis
1442 474 1801 552 regeneratio
1824 520 1838 549 7
1867 476 2220 537 Poenitentia

107 578 301 626 autem
341 567 728 628 reconciliatio
769 581 856 629 est
887 580 1392 649 regeneratorum3
1433 567 1680 649 ideoque
1719 567 1833 627 duo
1873 570 1994 629 haec
2025 572 2219 631 Sacra-

108 673 308 720 menta
330 707 345 737 7
375 684 497 721 non
518 663 799 722 materiali
838 674 1071 743 tantum
1108 663 1332 722 ratione
1355 707 1371 739 7
1398 683 1607 724 verum
1639 663 1815 722 etiam
1855 664 2116 743 formali,
2155 676 2222 725 ut

109 757 305 830 aiunt,
333 768 470 815 sunt
493 757 649 816 inter
676 779 736 817 se
763 757 1056 818 distincta.

868 998 872 1001 ”
1004 1001 1244 1061 CAPUT
1288 993 1385 1059 11.'

908 1199 975 1234 lm
1019 1199 1409 1237 CONTRITIONE.

191 1422 288 1482 33.
345 1424 609 1484 Veritate·
627 1420 983 1481 Sacramenti
1010 1420 1376 1481 Poenitentiae
1404 1420 1718 1480 constituta
1749 1465 1763 1495 7
1787 1421 2077 1504 reliquum
2107 1437 2218 1499 est7

108 1529 174 1576 ut
200 1524 320 1597 ejus
341 1529 539 1601 partes
568 1516 964 1599 expendamus
987 1561 1003 1590 7
1047 1538 1188 1597 quas
1215 1528 1332 1574 tres
1358 1537 1482 1575 esse
1501 1561 1517 1589 7
1557 1516 1982 1576 Contritionem
2014 1518 2223 1580 videli-

107 1625 220 1688 cet7
253 1614 685 1673 Confessionem
701 1623 759 1671 et
776 1605 1262 1684 Satisfactionem7
1289 1610 1632 1669 Tridentina
1648 1610 1912 1690 Synodus
1942 1612 2220 1674 adversus

109 1710 427 1769 Novatores
444 1708 759 1768 declaravit
780 1727 844 1765 ac
859 1706 1071 1781 sanxit,
1106 1706 1168 1764 in
1192 1704 1426 1763 laudata
1447 1725 1586 1764 sess·
1621 1705 1752 1764 XIV
1772 1750 1787 1780 7
1821 1704 1931 1764 hoc
1952 1727 2080 1766 can.
2106 1710 2181 1768 IV
2206 1734 2220 1768 ε

106 1804 178 1861 Si
201 1809 338 1882 quis
360 1807 666 1883 neqaverit
678 1845 702 1873 ,
726 1803 813 1859 ad
843 1805 1144 1881 integram
1170 1811 1225 1859 et
1248 1803 1576 1879 perfectam
1589 1811 1980 1880 peecatorum
2009 1809 2223 1864 remis-

105 1901 329 1956 sionem
376 1903 617 1978 requiri
645 1909 762 1956 tres
811 1907 984 1956 actus
1032 1901 1102 1955 iu
1140 1900 1464 1976 poenitente
1519 1901 1703 1976 quasi
1741 1903 2062 1958 materiam
2102 1901 2223 1959 Sa-

103 1999 401 2052 cramenti
441 1996 823 2053 Poem'tentiae
877 1993 1150 2051 videlieet
1168 2035 1190 2063 ,
1256 1993 1684 2051 Contritionem
1711 2037 1726 2066 7
1786 1992 2225 2071 Confessionem

103 2099 162 2147 et
190 2090 672 2168 Satisf'aetiouem
689 2127 712 2157 ,
762 2109 897 2168 quoe
927 2099 1042 2147 tres
1078 2088 1459 2146 Poeozitentioe
1486 2098 1697 2167 partes
1732 2088 2063 2163 dieu-ntur,
2115 2101 2228 2149 aut

104 2185 352 2263 dixerit-‘2
374 2186 531 2243 duaa
551 2195 791 2244 tantum
819 2205 934 2243 esse
961 2184 1336 2242 Poeuitentioe
1340 2193 1573 2261 partes,
1602 2193 1853 2241 terrores
1883 2185 2108 2243 scilieet
2133 2189 2227 2243 in-

108 2301 301 2338 cussos
323 2284 694 2339 conscientiae
709 2323 731 2351 ,
766 2282 971 2359 aquito
984 2289 1225 2357 peceato
1235 2321 1257 2349 ,
1285 2289 1340 2335 et
1353 2279 1531 2357 fidem
1556 2288 1894 2357 conceptam
1920 2300 1992 2338 ea·
2021 2280 2228 2339 Evan-

97 2380 247 2454 ¹qelio
282 2377 372 2434 vel
393 2378 776 2452 absolutione,
800 2397 925 2454 qua
953 2375 1145 2433 credit
1162 2380 1328 2453 quia,
1351 2374 1476 2432 sibi
1487 2395 1607 2453 per
1635 2373 1940 2434 Christum
1972 2380 2225 2435 remissa

95 2483 372 2550 peecata,
410 2473 735 2532 anathema
776 2476 880 2529 sit.

187 2565 283 2625 34.
333 2570 418 2626 De
459 2588 818 2648 unaquaque·
852 2565 1102 2649 proinde
1146 2587 1216 2624 ex
1265 2563 1470 2623 ordine
1528 2562 1933 2623 disserendum
1981 2575 2069 2624 est
2097 2611 2113 2640 7
2162 2586 2228 2625 ac

83 2662 296 2744 primo
313 2661 385 2722 de
401 2663 765 2722 Contritione
786 2708 801 2737 7
827 2682 954 2744 quae
976 2661 1049 2720 ab
1070 2661 1276 2721 eadem
1299 2659 1550 2740 SynodO,
1577 2658 1718 2717 ibid.
1744 2680 1868 2741 cap.
1887 2661 1983 2733 IV,
2024 2660 2229 2720 defini·

106 2768 203 2815 tur
242 2780 255 2814 :
300 2759 519 2817 Animi
547 2758 715 2816 dolor
747 2780 819 2816 ao
848 2759 1149 2828 detestatio
1185 2757 1254 2814 de
1281 2766 1525 2835 peccato
1566 2760 1874 2814 commisso
1920 2777 2058 2814 oum
2077 2778 2228 2835 pro-

97 2857 290 2931 posito
333 2869 450 2912 nou
469 2855 764 2932 peccandi
789 2854 859 2912 de
890 2864 1092 2912 cetero,
1139 2852 1244 2910 Hic
1276 2872 1451 2932 porro
1491 2849 1690 2927 dolor,
1727 2855 1785 2909 si
1818 2872 1958 2909 eum
1995 2852 2229 2929 fiducia
2306 2908 2311 2915 .

107 2948 332 3005 divinae
359 2950 787 3006 misericorde-'ce
835 2937 892 3007 et
924 2959 1047 3007 voto
1067 2948 1416 3028 praestandi
1442 2949 1678 3026 reliqua
1707 2951 2063 3024 conjunctus
2107 2952 2190 3005 sit
2202 2991 2224 3019 ,

107 3065 239 3122 quoe
274 3044 360 3101 ad
395 3048 509 3102 rite
536 3045 994 3122 suscipiendum
1024 3044 1129 3102 Ιιοο
1164 3044 1626 3102 Sacramentum
1661 3046 2108 3121 requiruntur,
2155 3063 2227 3101 ex

108 3138 313 3198 eadem
348 3136 578 3217 Synodo
614 3138 917 3197 hominem
947 3150 1080 3220 post
1112 3138 1485 3220 Baptismum
1526 3136 1754 3218 lapsum
1788 3148 2116 3217 praeparat
2141 3139 2230 3197 ad

108 3238 514 3292 remissionem
535 3243 935 3313 peccatorum.
1119 3304 1121 3306 q

190 3328 288 3387 35.
338 3330 553 3388 Verum
574 3327 667 3387 hic
690 3350 811 3386 non
843 3349 1026 3410 pauca
1050 3328 1416 3389 discutienda
1454 3338 1766 3392 occurrunt
1789 3372 1805 3400 7
1837 3348 2089 3408 quorum
2117 3327 2226 3386 alia

111 3425 186 3485 ad
215 3425 391 3483 fidem
414 3435 711 3507 spectant,
737 3424 847 3484 alia
875 3436 1012 3483 sunt
1034 3414 1170 3484 fidei
1197 3427 1464 3508 prox-ima
1485 3470 1501 3500 7
1536 3424 1647 3483 alia
1680 3424 1931 3506 denique
1953 3423 2135 3483 libere
2163 3424 2226 3480 in

61 3589 63 3591 ¹
113 3520 321 3579 scholis
338 3519 630 3579 catholicis
650 3521 961 3599 agitantur.
979 3522 1011 3578 J
1019 3522 1208 3581 uverit
1232 3522 1341 3580 alia
1368 3520 1440 3580 ab
1467 3520 1590 3579 aliis
1613 3531 1875 3580 accurate
1898 3518 2227 3577 discernere

113 3627 179 3674 ut
207 3616 602 3698 perspicuitati
631 3615 962 3674 consultum
998 3616 1090 3673 sit.
2167 3666 2171 3671 .

199 3709 295 3769 36.
333 3713 411 3771 Ac
439 3711 499 3793 ,1⁰
523 3710 761 3791 quidem
792 3709 1005 3771 de‘fide
1021 3721 1128 3785 est,
1146 3716 1557 3771 contritionem
1581 3712 1754 3770 illam
1770 3711 2218 3788 imperfectam,
