2502 4186
300 235 379 298 ’38
974 236 1293 298 rnAcrA‘rus
1336 259 1405 295 nn
1447 255 1733 296 BAPrxsmo,

309 402 333 460 Ι
363 399 524 481 Epist
551 401 661 476 ΙΙΙ,
697 399 774 456 21
815 443 831 472 ‚
856 398 1052 479 dicens
1085 421 1099 458 ε
1131 401 1333 459 Salvos
1360 404 1520 479 facit
1537 399 1858 478 Baptisma
1871 441 1893 471 ,
1916 419 2038 458 non
2059 403 2267 459 carnis
2293 400 2394 458 de-

294 498 516 574 positio
557 494 825 553 sordium
841 535 863 564 ,
908 494 1012 552 sed
1039 498 1405 554 conscientiae
1439 495 1605 553 honoe
1645 498 2030 573 mterroqatio
2070 497 2140 551 in
2176 495 2395 552 Deum.

309 589 374 646 60
419 589 606 660 Quare
654 585 915 645 Christus
957 586 1284 647 doctrinam
1323 609 1487 647 suam
1529 587 1796 669 exemplo
1839 586 2205 648 confirmavit
2229 631 2246 660 ,
2301 586 2400 667 qui

308 679 499 739 noluit
545 678 861 761 baptizari,
909 682 1020 740 nisi
1069 704 1203 741 cum
1256 694 1406 742 esset
1456 683 1692 761 triginta
1745 703 2053 740 annorum.
2111 681 2177 740 7ο
2217 681 2404 752 Quem

305 794 530 832 morem
554 777 733 833 secuti
759 787 897 834 sunt
931 766 1035 838 viri
1072 776 1267 857 plures
1299 778 1513 858 pietate
1555 777 1845 855 insignes3
1894 786 2069 857 prout
2106 775 2171 834 80
2209 773 2402 832 debita

307 867 482 928 rebus
513 868 726 929 divinis
767 872 1090 930 reverentia
1128 871 1336 951 exigit,
1387 882 1454 929 ut
1498 871 1705 929 harum
1748 891 1922 929 nemo
1955 871 2239 951 particeps
2271 871 2404 942 fiat,

309 962 418 1021 nisi
469 963 568 1043 qui
614 964 983 1024 sanctitatem
1019 951 1218 1024 earum
1255 967 1614 1048 perceperit3
1659 966 1724 1023 9⁰
1765 986 1832 1023 eo
1874 965 2085 1044 magis,
2124 962 2284 1046 quod
2313 964 2408 1020 in-

305 1060 531 1135 justum
555 1057 786 1119 videtur
803 1104 821 1136 .,
848 1059 1170 1121 infantibus
1198 1059 1592 1120 nescientibus
1614 1059 1917 1141 imponere
1947 1058 2158 1118 Christi
2181 1063 2407 1138 jugum.

308 1152 474 1232 Ergo,

393 1247 494 1307 88.
535 1249 710 1328 Resp.
744 1249 798 1307 Ιο
822 1249 1160 1327 generatim.
1193 1249 1327 1308 Haec
1355 1248 1580 1329 aliaque
1615 1247 1898 1326 ejusmodi
1935 1268 2005 1307 ex
2029 1245 2316 1305 constanti
2347 1265 2411 1303 ac

317 1351 598 1423 perpetua
621 1341 883 1400 Ecclesiae
899 1344 1093 1420 praxi,
1111 1363 1239 1423 quae
1253 1342 1326 1401 ab
1342 1341 1631 1423 Apostolis
1653 1343 1932 1422 originem
1955 1340 2133 1400 habet
2151 1386 2166 1416 .,
2184 1339 2415 1422 penitus

320 1434 750 1496 convelluntur.
786 1434 1115 1495 Absurdum
1142 1447 1339 1496 autem
1360 1449 1447 1497 est
1470 1436 1757 1497 affirmare
1773 1482 1789 1510 .‚
1809 1458 1903 1496 eos
1919 1482 1935 1510 ,
1959 1437 2057 1518 qui
2087 1437 2188 1494 XV
2214 1433 2416 1494 seculis

319 1529 392 1588 ab
433 1529 718 1611 Apostolis
758 1529 1090 1607 distabant⁷
1136 1532 1342 1592 melius
1379 1553 1614 1591 sensum
1647 1542 1705 1590 et
1747 1541 2009 1591 mentem
2053 1530 2263 1591 Christi
2323 1550 2416 1587 as·-

319 1635 542 1683 secutos
585 1646 707 1684 esse
753 1625 814 1683 in
861 1626 1048 1685 citatis
1091 1627 1368 1702 oraculis,
1415 1647 1593 1708 quam
1648 1626 1745 1685 illa
1793 1614 2147 1686 intellexerit
2180 1625 2419 1684 societas

322 1740 355 1777 a
390 1719 619 1778 Christo
650 1721 777 1803 ipso
815 1721 1082 1781 instituta
1103 1767 1119 1797 ‚
1166 1742 1292 1804 quae
1327 1727 1448 1800 ejus
1490 1721 1815 1781 doctrinam
1859 1721 2056 1780 statim
2090 1721 2152 1778 in
2193 1719 2421 1801 praxim

317 1811 575 1874 deduxit.

408 1908 505 1967 89.
551 1910 724 1991 Resp.
761 1911 860 1987 110,
896 1910 993 1970 Ad
1021 1914 1123 1988 1¹¹¹,
1147 1913 1303 1971 Dist.
1333 1913 1613 1993 Expresse
1633 1957 1650 1987 ,
1684 1921 1871 1970 tram.
1901 1910 1998 1971 vel
2027 1931 2210 1975 comm
2234 1905 2425 1988 impli-

320 2003 433 2062 cite
452 2049 468 2078 .‚
504 2025 633 2084 neq.
670 2006 748 2063 Ut
777 2026 848 2064 ex
879 2006 1046 2065 dietis
1074 2018 1255 2088 patet.
1287 2009 1353 2066 In
1375 2006 1695 2066 subsidium
1717 2017 2025 2088 propterea
2050 2005 2426 2063 traditionem

324 2097 753 2160 advocavimus.
785 2100 1032 2160 Videant
1055 2104 1479 2178 Pro-testantes7
1505 2106 1715 2180 rejecta
1747 2100 2060 2160 traditione
2082 2145 2096 2172 ,
2133 2095 2426 2180 quomodo

329 2190 402 2250 ab
434 2193 524 2252 his
563 2193 1074 2276 Anabaptistarum
1109 2198 1462 2276 argumentis
1500 2218 1559 2255 se
1602 2196 1887 2255 extricent
1914 2195 2021 2275 (1).

411 2287 509 2347 90.
560 2289 647 2347 Ad
685 2290 792 2363 2¹¹¹,
829 2292 979 2370 Ney.
1012 2291 1098 2349 Ad
1131 2303 1246 2350 tres
1291 2302 1483 2350 autem
1514 2290 1789 2348 adductas
1825 2287 2194 2370 probationes
2219 2287 2428 2368 petitas

329 2402 400 2440 ex
425 2382 835 2457 instructione,
864 2385 979 2443 fide
1007 2397 1065 2444 et
1087 2387 1432 2466 poenitentia
1455 2430 1471 2459 ,
1501 2388 1658 2445 Dist.
1689 2386 1759 2444 Et
1777 2383 1865 2443 hae
1894 2383 2151 2443 afficiunt
2167 2380 2392 2441 adultos
2411 2426 2426 2455 ‚

333 2478 818 2544 comedintantes
839 2525 855 2555 ,
901 2503 1031 2561 neq.
1068 2482 1235 2555 Quod
1269 2504 1339 2542 ex
1375 2481 1666 2541 substrata
1698 2481 1938 2541 materia
1971 2479 2170 2560 liquet.

407 2737 473 2799 (1)
511 2736 718 2786 Profecto
735 2737 1035 2787 Protestantes
1053 2773 1068 2798 ,
1097 2741 1342 2787 constituto

340 2818 480 2866 semel
504 2820 728 2883 principio
762 2819 820 2867 de
846 2818 1079 2884 Scriptura
1119 2830 1343 2886 tanquam

339 2901 478 2948 unica
506 2909 550 2948 et
565 2901 802 2965 adaequata
817 2900 1149 2949 credendorum
1167 2901 1340 2966 regula,

1423 2740 1611 2805 justitiae
1634 2755 1715 2804 per
1742 2738 1883 2787 fidem
1923 2755 2004 2787 seu
2035 2737 2253 2787 fiduciam
2279 2739 2331 2786 in
2360 2738 2434 2785 di-

1425 2822 1555 2870 vinas
1581 2822 1912 2884 promissiones
1930 2855 1943 2878 ‚
1971 2822 2107 2885 cujus
2149 2830 2298 2867 tamen
2324 2817 2433 2867 fidei

1425 2903 1625 2950 infantes
1649 2904 1892 2967 incapaces
1911 2912 2037 2950 sunt.
2059 2902 2237 2950 Divinae
2255 2917 2436 2965 prorsus

339 2998 526 3029 omnem
555 2981 641 3029 sibi
679 2984 804 3030 viam
835 2982 1123 3030 occluserunt
1152 2980 1215 3031 ad
1246 2981 1343 3031 sol-

341 3063 510 3111 vendas
565 3063 967 3128 Anabaptistarum
1033 3064 1342 3113 difficultatem

343 3145 438 3193 Etsi
456 3147 581 3192 enim
601 3147 803 3193 maxime
830 3149 981 3194 conati
1011 3148 1101 3194 sint
1128 3165 1179 3195 ex
1199 3145 1346 3195 Sacris

344 3226 528 3275 Litteris
570 3237 841 3292 argumenta
886 3245 1128 3291 promere,
1177 3220 1368 3294 quibus⁴

347 3307 638 3355 ostenderent
651 3308 853 3355 validum
868 3309 1218 3361 esseinfantium
1237 3309 1349 3374 Bap-

347 3389 481 3436 tisma
501 3425 515 3448 ‚
554 3387 865 3452 Anabaptistae
910 3400 1064 3438 tamen
1093 3409 1144 3438 ea
1167 3395 1348 3455 penitus

348 3477 561 3520 evertunt
578 3507 592 3530 ‚
617 3489 670 3519 ac
699 3472 835 3535 longe
867 3474 1083 3521 validiora
1101 3491 1159 3522 ex
1185 3474 1347 3522 iisdem

347 3554 593 3618 Scriptnris
637 3563 902 3616 argumenta
931 3565 1092 3619 urgent
1134 3555 1349 3603 adversus

257 3666 261 3670 -
348 3636 648 3684 Protestantes
665 3669 682 3695 ,
699 3637 780 3700 qui
795 3645 1044 3683 statuerunt
1057 3635 1350 3686 Sacramenta

352 3733 447 3767 non
471 3733 565 3766 esse
593 3719 680 3765 nisi
715 3718 903 3781 pignora
929 3733 982 3766 ae
1021 3719 1147 3781 signa
1176 3718 1349 3782 adeptae

1425 2984 1721 3048 providentiae
1748 2986 1939 3034 consilio
1976 2986 2148 3032 factum
2185 3001 2280 3032 esse
2312 2983 2435 3030 arbi-

1425 3075 1534 3125 tror,
1551 3076 1602 3112 ut
1616 3069 1690 3114 vix
1709 3069 2030 3133 quinquennio
2047 3064 2197 3130 elapso
2215 3084 2240 3113 a
2257 3065 2436 3112 Protes-

1427 3150 1632 3195 tantismi
1653 3159 1753 3196 ortu
1768 3151 2094 3197 insurrexerint
2111 3147 2432 3211 Anabaptistae‚

1428 3231 1543 3294 qui,
1584 3230 1747 3278 iisdem
1798 3231 2153 3279 protestantium
2204 3229 2439 3293 principiis

1426 3313 1608 3371 innixi,
1645 3314 1835 3359 istorum
1870 3313 2157 3378 hypothesim
2192 3310 2441 3357 absurdam

1429 3409 1524 3439 esse
1585 3394 1894 3443 ostenderunt.
1953 3393 2053 3441 Hoc
2099 3394 2250 3456 ipsum
2298 3391 2436 3453 paulo

1428 3484 1528 3537 post
1556 3478 1697 3539 magis
1723 3478 1886 3523 enituit
1924 3493 1978 3524 ex
2004 3475 2316 3522 controversiis
2346 3471 2434 3519 So·

1431 3558 1720 3605 cinianorum
1751 3568 1795 3606 et
1836 3557 2326 3606 Remonstratensium.
2365 3554 2435 3601 Ita

1431 3636 1555 3686 Deus
1580 3654 1724 3687 caecos
1757 3638 1841 3687 hos
1867 3638 2006 3687 duces
2037 3636 2264 3688 confudit.
