<?xml version="1.0" encoding="UTF-8"?>
<!DOCTYPE html PUBLIC "-//W3C//DTD XHTML 1.0 Transitional//EN"
    "http://www.w3.org/TR/xhtml1/DTD/xhtml1-transitional.dtd">
<html xmlns="http://www.w3.org/1999/xhtml" xml:lang="en" lang="en">
 <head>
  <title>
</title>
<meta http-equiv="Content-Type" content="text/html;charset=utf-8" />
  <meta name='ocr-system' content='tesseract 3.04.00' />
  <meta name='ocr-capabilities' content='ocr_page ocr_carea ocr_par ocr_line ocrx_word'/>
</head>
<body>
  <div class='ocr_page' id='page_1' title='image "a603693806perruoft_0425.png"; bbox 0 0 2502 4186; ppageno 0'>
   <div class='ocr_carea' id='block_1_1' title="bbox 154 236 2293 312">
    <p class='ocr_par' dir='ltr' id='par_1_1' title="bbox 154 236 2293 312">
     <span class='ocr_line' id='line_1_1' title="bbox 154 236 2293 312; baseline -0.001 -15"><span class='ocrx_word' id='word_1_1' title='bbox 154 250 183 265; x_wconf 57' lang='lat'>²</span> <span class='ocrx_word' id='word_1_2' title='bbox 720 261 840 297; x_wconf 67' lang='lat' dir='ltr'>cn.</span> <span class='ocrx_word' id='word_1_3' title='bbox 886 260 975 302; x_wconf 71' lang='grc' dir='ltr'>ιιι.</span> <span class='ocrx_word' id='word_1_4' title='bbox 1018 260 1087 296; x_wconf 74' lang='lat' dir='ltr'>nn</span> <span class='ocrx_word' id='word_1_5' title='bbox 1128 257 1512 296; x_wconf 71' lang='lat' dir='ltr'>conrnssxonn.</span> <span class='ocrx_word' id='word_1_6' title='bbox 1575 267 1577 269; x_wconf 96' lang='lat'>·</span> <span class='ocrx_word' id='word_1_7' title='bbox 1888 289 1893 293; x_wconf 88' lang='lat'>.</span> <span class='ocrx_word' id='word_1_8' title='bbox 2095 236 2211 295; x_wconf 79' lang='lat'>417</span> <span class='ocrx_word' id='word_1_9' title='bbox 2284 306 2293 312; x_wconf 39' lang='lat'><strong><em>‚</em></strong></span> 
     </span>
    </p>
   </div>
   <div class='ocr_carea' id='block_1_2' title="bbox 105 397 2263 1906">
    <p class='ocr_par' dir='ltr' id='par_1_2' title="bbox 105 397 2263 1906">
     <span class='ocr_line' id='line_1_2' title="bbox 106 397 2208 482; baseline -0.002 -18"><span class='ocrx_word' id='word_1_10' title='bbox 106 405 292 464; x_wconf 91' lang='lat' dir='ltr'>ullum</span> <span class='ocrx_word' id='word_1_11' title='bbox 329 414 415 462; x_wconf 91' lang='lat' dir='ltr'>est</span> <span class='ocrx_word' id='word_1_12' title='bbox 457 402 830 462; x_wconf 87' lang='lat' dir='ltr'>Confessariis</span> <span class='ocrx_word' id='word_1_13' title='bbox 872 399 1406 482; x_wconf 85' lang='lat' dir='ltr'>pertimescendum</span> <span class='ocrx_word' id='word_1_14' title='bbox 1444 397 1766 480; x_wconf 86' lang='lat' dir='ltr'>pericnlum</span> <span class='ocrx_word' id='word_1_15' title='bbox 1789 444 1803 473; x_wconf 58' lang='lat' dir='ltr'>a</span> <span class='ocrx_word' id='word_1_16' title='bbox 1848 400 1894 458; x_wconf 90' lang='lat' dir='ltr'>si</span> <span class='ocrx_word' id='word_1_17' title='bbox 1947 399 2208 460; x_wconf 84' lang='lat' dir='ltr'>oratione</span> 
     </span>
     <span class='ocr_line' id='line_1_3' title="bbox 106 490 2209 578; baseline -0.002 -21"><span class='ocrx_word' id='word_1_18' title='bbox 106 499 273 570; x_wconf 86' lang='lat' dir='ltr'>freti,</span> <span class='ocrx_word' id='word_1_19' title='bbox 303 509 361 557; x_wconf 91' lang='lat' dir='ltr'>et</span> <span class='ocrx_word' id='word_1_20' title='bbox 393 519 458 556; x_wconf 90' lang='lat' dir='ltr'>ea</span> <span class='ocrx_word' id='word_1_21' title='bbox 491 515 605 578; x_wconf 89' lang='lat' dir='ltr'>qua</span> <span class='ocrx_word' id='word_1_22' title='bbox 629 495 795 556; x_wconf 85' lang='lat' dir='ltr'>decet</span> <span class='ocrx_word' id='word_1_23' title='bbox 830 495 1113 556; x_wconf 87' lang='lat' dir='ltr'>modestia</span> <span class='ocrx_word' id='word_1_24' title='bbox 1136 539 1152 567; x_wconf 73' lang='grc'><em>,</em></span> <span class='ocrx_word' id='word_1_25' title='bbox 1188 495 1508 573; x_wconf 70' lang='lat' dir='ltr'>gravitate,</span> <span class='ocrx_word' id='word_1_26' title='bbox 1534 490 1845 572; x_wconf 81' lang='lat' dir='ltr'>prudentia</span> <span class='ocrx_word' id='word_1_27' title='bbox 1868 539 1883 567; x_wconf 63' lang='lat' dir='ltr'>a</span> <span class='ocrx_word' id='word_1_28' title='bbox 1929 495 2209 553; x_wconf 84' lang='lat' dir='ltr'>charitate</span> 
     </span>
     <span class='ocr_line' id='line_1_4' title="bbox 105 588 2211 674; baseline -0.001 -23"><span class='ocrx_word' id='word_1_29' title='bbox 105 592 180 651; x_wconf 87' lang='lat' dir='ltr'>ad</span> <span class='ocrx_word' id='word_1_30' title='bbox 216 591 586 674; x_wconf 86' lang='lat' dir='ltr'>excipiendas</span> <span class='ocrx_word' id='word_1_31' title='bbox 613 591 1028 650; x_wconf 84' lang='lat' dir='ltr'>Co&#39;nfessiones·</span> <span class='ocrx_word' id='word_1_32' title='bbox 1046 609 1107 651; x_wconf 76' lang='lat' dir='ltr'>se</span> <span class='ocrx_word' id='word_1_33' title='bbox 1138 588 1441 650; x_wconf 78' lang='lat' dir='ltr'>conferant</span> <span class='ocrx_word' id='word_1_34' title='bbox 1461 598 1480 661; x_wconf 45' lang='lat' dir='ltr'>a&#39;</span> <span class='ocrx_word' id='word_1_35' title='bbox 1504 598 1679 667; x_wconf 90' lang='lat' dir='ltr'>prout</span> <span class='ocrx_word' id='word_1_36' title='bbox 1712 589 1916 668; x_wconf 89' lang='lat' dir='ltr'>quovis</span> <span class='ocrx_word' id='word_1_37' title='bbox 1943 593 2211 671; x_wconf 82' lang='lat' dir='ltr'>tempore</span> 
     </span>
     <span class='ocr_line' id='line_1_5' title="bbox 106 683 2217 767; baseline -0 -21"><span class='ocrx_word' id='word_1_38' title='bbox 106 708 240 761; x_wconf 86' lang='lat' dir='ltr'>cum</span> <span class='ocrx_word' id='word_1_39' title='bbox 269 688 493 767; x_wconf 78' lang='lat' dir='ltr'>ingenti</span> <span class='ocrx_word' id='word_1_40' title='bbox 534 707 637 743; x_wconf 93' lang='lat' dir='ltr'>suo</span> <span class='ocrx_word' id='word_1_41' title='bbox 672 697 734 745; x_wconf 93' lang='lat' dir='ltr'>et</span> <span class='ocrx_word' id='word_1_42' title='bbox 774 685 1102 743; x_wconf 88' lang='lat' dir='ltr'>animarum</span> <span class='ocrx_word' id='word_1_43' title='bbox 1129 683 1305 741; x_wconf 87' lang='lat' dir='ltr'>lucro</span> <span class='ocrx_word' id='word_1_44' title='bbox 1327 683 1684 742; x_wconf 81' lang='lat' dir='ltr'>Sanctissimi</span> <span class='ocrx_word' id='word_1_45' title='bbox 1722 684 1834 742; x_wconf 89' lang='lat' dir='ltr'>viri</span> <span class='ocrx_word' id='word_1_46' title='bbox 1867 683 1978 744; x_wconf 89' lang='lat' dir='ltr'>hoc</span> <span class='ocrx_word' id='word_1_47' title='bbox 2015 688 2217 745; x_wconf 83' lang='lat' dir='ltr'>Sacra-</span> 
     </span>
     <span class='ocr_line' id='line_1_6' title="bbox 107 777 2214 856; baseline -0.001 -15"><span class='ocrx_word' id='word_1_48' title='bbox 107 794 378 841; x_wconf 80' lang='lat' dir='ltr'><strong>mentum</strong></span> <span class='ocrx_word' id='word_1_49' title='bbox 411 779 939 839; x_wconf 53' lang='lat' dir='ltr'>‘administrarunlz</span> <span class='ocrx_word' id='word_1_50' title='bbox 990 781 1197 855; x_wconf 75' lang='lat' dir='ltr'>Recte,</span> <span class='ocrx_word' id='word_1_51' title='bbox 1225 777 1499 838; x_wconf 89' lang='lat' dir='ltr'>observat</span> <span class='ocrx_word' id='word_1_52' title='bbox 1563 779 1830 856; x_wconf 78' lang='lat' dir='ltr'>Bergier7</span> <span class='ocrx_word' id='word_1_53' title='bbox 1900 779 2214 839; x_wconf 86' lang='lat' dir='ltr'>deteriores</span> 
     </span>
     <span class='ocr_line' id='line_1_7' title="bbox 109 871 2222 953; baseline -0.001 -17"><span class='ocrx_word' id='word_1_54' title='bbox 109 875 446 936; x_wconf 83' lang='lat' dir='ltr'>Sacerdotes</span> <span class='ocrx_word' id='word_1_55' title='bbox 470 874 618 932; x_wconf 86' lang='lat' dir='ltr'>nihil</span> <span class='ocrx_word' id='word_1_56' title='bbox 648 875 828 953; x_wconf 83' lang='lat' dir='ltr'>magis</span> <span class='ocrx_word' id='word_1_57' title='bbox 858 873 1168 938; x_wconf 82' lang='lat' dir='ltr'>abhorrere</span> <span class='ocrx_word' id='word_1_58' title='bbox 1200 894 1378 953; x_wconf 82' lang='lat' dir='ltr'>quam</span> <span class='ocrx_word' id='word_1_59' title='bbox 1405 871 1478 931; x_wconf 91' lang='lat' dir='ltr'>ab</span> <span class='ocrx_word' id='word_1_60' title='bbox 1507 872 1812 932; x_wconf 88' lang='lat' dir='ltr'>audiendis</span> <span class='ocrx_word' id='word_1_61' title='bbox 1840 874 2222 933; x_wconf 87' lang='lat' dir='ltr'>Confessioni-</span> 
     </span>
     <span class='ocr_line' id='line_1_8' title="bbox 109 966 2226 1049; baseline -0.001 -19"><span class='ocrx_word' id='word_1_62' title='bbox 109 971 218 1030; x_wconf 88' lang='lat' dir='ltr'>bus</span> <span class='ocrx_word' id='word_1_63' title='bbox 249 971 358 1049; x_wconf 92' lang='lat' dir='ltr'>(l).</span> <span class='ocrx_word' id='word_1_64' title='bbox 384 970 647 1028; x_wconf 81' lang='lat' dir='ltr'>Profecto</span> <span class='ocrx_word' id='word_1_65' title='bbox 677 969 788 1028; x_wconf 87' lang='lat' dir='ltr'>hoc</span> <span class='ocrx_word' id='word_1_66' title='bbox 816 968 1203 1034; x_wconf 83' lang='lat' dir='ltr'>ministerium</span> <span class='ocrx_word' id='word_1_67' title='bbox 1244 978 1530 1049; x_wconf 86' lang='lat' dir='ltr'>perpetua</span> <span class='ocrx_word' id='word_1_68' title='bbox 1557 966 1879 1026; x_wconf 81' lang='lat' dir='ltr'>admonitio</span> <span class='ocrx_word' id='word_1_69' title='bbox 1910 969 2048 1049; x_wconf 90' lang='lat' dir='ltr'>ipsis</span> <span class='ocrx_word' id='word_1_70' title='bbox 2080 971 2226 1028; x_wconf 90' lang='lat' dir='ltr'>Con-</span> 
     </span>
     <span class='ocr_line' id='line_1_9' title="bbox 110 1061 2220 1145; baseline -0 -22"><span class='ocrx_word' id='word_1_71' title='bbox 110 1066 360 1125; x_wconf 87' lang='lat' dir='ltr'>fessariis</span> <span class='ocrx_word' id='word_1_72' title='bbox 381 1077 487 1124; x_wconf 91' lang='lat' dir='ltr'>est.</span> <span class='ocrx_word' id='word_1_73' title='bbox 518 1066 576 1123; x_wconf 87' lang='lat' dir='ltr'>Si</span> <span class='ocrx_word' id='word_1_74' title='bbox 599 1066 858 1145; x_wconf 87' lang='lat' dir='ltr'>quivero</span> <span class='ocrx_word' id='word_1_75' title='bbox 879 1061 1141 1122; x_wconf 90' lang='lat' dir='ltr'>moribus</span> <span class='ocrx_word' id='word_1_76' title='bbox 1160 1064 1400 1143; x_wconf 72' lang='lat' dir='ltr'>projecti</span> <span class='ocrx_word' id='word_1_77' title='bbox 1416 1084 1483 1122; x_wconf 91' lang='lat' dir='ltr'>eo</span> <span class='ocrx_word' id='word_1_78' title='bbox 1497 1062 1851 1143; x_wconf 84' lang='lat' dir='ltr'>quandoque</span> <span class='ocrx_word' id='word_1_79' title='bbox 1866 1061 2191 1122; x_wconf 83' lang='lat' dir='ltr'>abutuntur</span> <span class='ocrx_word' id='word_1_80' title='bbox 2207 1112 2220 1138; x_wconf 81' lang='lat'><strong>‚</strong></span> 
     </span>
     <span class='ocr_line' id='line_1_10' title="bbox 109 1149 2228 1243; baseline -0.001 -23"><span class='ocrx_word' id='word_1_81' title='bbox 109 1162 222 1243; x_wconf 89' lang='lat' dir='ltr'>ipsi</span> <span class='ocrx_word' id='word_1_82' title='bbox 244 1160 529 1233; x_wconf 78' lang='lat' dir='ltr'>viderint3</span> <span class='ocrx_word' id='word_1_83' title='bbox 556 1149 842 1221; x_wconf 79' lang='lat' dir='ltr'>rationem</span> <span class='ocrx_word' id='word_1_84' title='bbox 873 1159 1031 1217; x_wconf 90' lang='lat' dir='ltr'>enim</span> <span class='ocrx_word' id='word_1_85' title='bbox 1052 1157 1305 1217; x_wconf 89' lang='lat' dir='ltr'>reddent</span> <span class='ocrx_word' id='word_1_86' title='bbox 1333 1158 1412 1230; x_wconf 89' lang='lat' dir='ltr'>ei,</span> <span class='ocrx_word' id='word_1_87' title='bbox 1439 1162 1600 1235; x_wconf 86' lang='lat' dir='ltr'>cujus</span> <span class='ocrx_word' id='word_1_88' title='bbox 1624 1158 1750 1217; x_wconf 84' lang='lat' dir='ltr'>vice</span> <span class='ocrx_word' id='word_1_89' title='bbox 1771 1158 1833 1216; x_wconf 91' lang='lat' dir='ltr'>in</span> <span class='ocrx_word' id='word_1_90' title='bbox 1864 1157 2101 1216; x_wconf 88' lang='lat' dir='ltr'>sublimi</span> <span class='ocrx_word' id='word_1_91' title='bbox 2119 1158 2228 1217; x_wconf 92' lang='lat' dir='ltr'>hoc</span> 
     </span>
     <span class='ocr_line' id='line_1_11' title="bbox 110 1251 2233 1335; baseline -0.001 -20"><span class='ocrx_word' id='word_1_92' title='bbox 110 1256 432 1316; x_wconf 88' lang='lat' dir='ltr'>ministerio</span> <span class='ocrx_word' id='word_1_93' title='bbox 458 1255 781 1334; x_wconf 80' lang='lat' dir='ltr'>funguntur</span> <span class='ocrx_word' id='word_1_94' title='bbox 813 1253 941 1332; x_wconf 74' lang='lat'>(2).-</span> <span class='ocrx_word' id='word_1_95' title='bbox 965 1255 1168 1334; x_wconf 87' lang='lat' dir='ltr'>Neque</span> <span class='ocrx_word' id='word_1_96' title='bbox 1199 1251 1441 1312; x_wconf 89' lang='lat' dir='ltr'>demum</span> <span class='ocrx_word' id='word_1_97' title='bbox 1479 1251 1739 1334; x_wconf 87' lang='lat' dir='ltr'>periculo</span> <span class='ocrx_word' id='word_1_98' title='bbox 1764 1264 1853 1312; x_wconf 84' lang='lat' dir='ltr'>est</span> <span class='ocrx_word' id='word_1_99' title='bbox 1881 1255 2233 1335; x_wconf 78' lang='lat' dir='ltr'>poenitenti·-</span> 
     </span>
     <span class='ocr_line' id='line_1_12' title="bbox 111 1346 2230 1430; baseline -0.001 -20"><span class='ocrx_word' id='word_1_100' title='bbox 111 1351 221 1410; x_wconf 89' lang='lat' dir='ltr'>bus</span> <span class='ocrx_word' id='word_1_101' title='bbox 247 1350 540 1410; x_wconf 83' lang='lat' dir='ltr'>Confessio</span> <span class='ocrx_word' id='word_1_102' title='bbox 561 1395 576 1424; x_wconf 81' lang='lat'>.,</span> <span class='ocrx_word' id='word_1_103' title='bbox 609 1350 655 1408; x_wconf 89' lang='lat' dir='ltr'>si</span> <span class='ocrx_word' id='word_1_104' title='bbox 684 1359 744 1408; x_wconf 83' lang='lat' dir='ltr'>et</span> <span class='ocrx_word' id='word_1_105' title='bbox 771 1349 880 1430; x_wconf 87' lang='lat' dir='ltr'>ipsi</span> <span class='ocrx_word' id='word_1_106' title='bbox 904 1349 1112 1408; x_wconf 86' lang='lat' dir='ltr'>intimo</span> <span class='ocrx_word' id='word_1_107' title='bbox 1140 1346 1324 1407; x_wconf 89' lang='lat' dir='ltr'>cordis</span> <span class='ocrx_word' id='word_1_108' title='bbox 1351 1347 1552 1407; x_wconf 89' lang='lat' dir='ltr'>dolore</span> <span class='ocrx_word' id='word_1_109' title='bbox 1588 1346 1838 1428; x_wconf 87' lang='lat' dir='ltr'>perculsi</span> <span class='ocrx_word' id='word_1_110' title='bbox 1863 1359 2098 1429; x_wconf 87' lang='lat' dir='ltr'>peccata</span> <span class='ocrx_word' id='word_1_111' title='bbox 2127 1370 2230 1408; x_wconf 85' lang='lat' dir='ltr'>sua</span> 
     </span>
     <span class='ocr_line' id='line_1_13' title="bbox 113 1441 2228 1526; baseline -0.002 -19"><span class='ocrx_word' id='word_1_112' title='bbox 113 1446 374 1507; x_wconf 82' lang='lat' dir='ltr'>recolant</span> <span class='ocrx_word' id='word_1_113' title='bbox 395 1491 410 1520; x_wconf 64' lang='lat'>7</span> <span class='ocrx_word' id='word_1_114' title='bbox 428 1466 624 1526; x_wconf 75' lang='lat' dir='ltr'>veaque</span> <span class='ocrx_word' id='word_1_115' title='bbox 650 1455 949 1526; x_wconf 81' lang='lat' dir='ltr'>exponant</span> <span class='ocrx_word' id='word_1_116' title='bbox 967 1465 1062 1516; x_wconf 90' lang='lat' dir='ltr'>ea,</span> <span class='ocrx_word' id='word_1_117' title='bbox 1094 1464 1206 1525; x_wconf 89' lang='lat' dir='ltr'>qua</span> <span class='ocrx_word' id='word_1_118' title='bbox 1233 1465 1338 1524; x_wconf 87' lang='lat' dir='ltr'>par</span> <span class='ocrx_word' id='word_1_119' title='bbox 1371 1454 1489 1518; x_wconf 83' lang='lat' dir='ltr'>est,</span> <span class='ocrx_word' id='word_1_120' title='bbox 1508 1441 1733 1501; x_wconf 89' lang='lat' dir='ltr'>cautela</span> <span class='ocrx_word' id='word_1_121' title='bbox 1753 1463 1817 1501; x_wconf 90' lang='lat' dir='ltr'>ac</span> <span class='ocrx_word' id='word_1_122' title='bbox 1843 1443 2228 1518; x_wconf 77' lang='lat' dir='ltr'>verecundia3</span> 
     </span>
     <span class='ocr_line' id='line_1_14' title="bbox 117 1537 2234 1623; baseline -0 -23"><span class='ocrx_word' id='word_1_123' title='bbox 117 1542 375 1623; x_wconf 89' lang='lat' dir='ltr'>alioquin</span> <span class='ocrx_word' id='word_1_124' title='bbox 400 1539 495 1600; x_wconf 87' lang='lat' dir='ltr'>vel</span> <span class='ocrx_word' id='word_1_125' title='bbox 522 1541 645 1622; x_wconf 91' lang='lat' dir='ltr'>ipsa</span> <span class='ocrx_word' id='word_1_126' title='bbox 676 1539 968 1599; x_wconf 89' lang='lat' dir='ltr'>Confessio</span> <span class='ocrx_word' id='word_1_127' title='bbox 986 1583 1002 1614; x_wconf 73' lang='lat'>,</span> <span class='ocrx_word' id='word_1_128' title='bbox 1038 1559 1166 1620; x_wconf 84' lang='lat' dir='ltr'>quae</span> <span class='ocrx_word' id='word_1_129' title='bbox 1202 1549 1396 1597; x_wconf 83' lang='lat' dir='ltr'>coram</span> <span class='ocrx_word' id='word_1_130' title='bbox 1418 1540 1539 1597; x_wconf 92' lang='lat' dir='ltr'>Deo</span> <span class='ocrx_word' id='word_1_131' title='bbox 1556 1543 1726 1616; x_wconf 83' lang='lat' dir='ltr'>juxta</span> <span class='ocrx_word' id='word_1_132' title='bbox 1755 1537 2112 1617; x_wconf 86' lang='lat' dir='ltr'>adversarios</span> <span class='ocrx_word' id='word_1_133' title='bbox 2149 1562 2234 1599; x_wconf 91' lang='lat' dir='ltr'>es-</span> 
     </span>
     <span class='ocr_line' id='line_1_15' title="bbox 115 1633 2263 1716; baseline -0.002 -19"><span class='ocrx_word' id='word_1_134' title='bbox 115 1649 205 1697; x_wconf 90' lang='lat' dir='ltr'>set</span> <span class='ocrx_word' id='word_1_135' title='bbox 229 1635 489 1696; x_wconf 83' lang='lat' dir='ltr'>facienda</span> <span class='ocrx_word' id='word_1_136' title='bbox 505 1680 522 1712; x_wconf 84' lang='lat'><strong>,</strong></span> <span class='ocrx_word' id='word_1_137' title='bbox 549 1634 803 1716; x_wconf 90' lang='lat' dir='ltr'>periculo</span> <span class='ocrx_word' id='word_1_138' title='bbox 820 1656 943 1700; x_wconf 85' lang='lat' dir='ltr'>non</span> <span class='ocrx_word' id='word_1_139' title='bbox 959 1644 1218 1706; x_wconf 89' lang='lat' dir='ltr'>vacaret,</span> <span class='ocrx_word' id='word_1_140' title='bbox 1241 1633 1548 1714; x_wconf 91' lang='lat' dir='ltr'>omnisque</span> <span class='ocrx_word' id='word_1_141' title='bbox 1573 1633 1938 1693; x_wconf 79' lang='lat' dir='ltr'>conscientiae</span> <span class='ocrx_word' id='word_1_142' title='bbox 1960 1635 2235 1692; x_wconf 89' lang='lat' dir='ltr'>discussio</span> <span class='ocrx_word' id='word_1_143' title='bbox 2261 1668 2263 1670; x_wconf 92' lang='lat'>·</span> 
     </span>
     <span class='ocr_line' id='line_1_16' title="bbox 119 1726 2233 1811; baseline -0.001 -21"><span class='ocrx_word' id='word_1_144' title='bbox 119 1730 388 1811; x_wconf 82' lang='lat' dir='ltr'>fugienda</span> <span class='ocrx_word' id='word_1_145' title='bbox 412 1740 594 1805; x_wconf 84' lang='lat' dir='ltr'>esset,</span> <span class='ocrx_word' id='word_1_146' title='bbox 619 1750 753 1788; x_wconf 89' lang='lat' dir='ltr'>cum</span> <span class='ocrx_word' id='word_1_147' title='bbox 777 1739 978 1787; x_wconf 89' lang='lat' dir='ltr'>tamen</span> <span class='ocrx_word' id='word_1_148' title='bbox 1006 1729 1133 1810; x_wconf 88' lang='lat' dir='ltr'>pius</span> <span class='ocrx_word' id='word_1_149' title='bbox 1176 1727 1443 1786; x_wconf 88' lang='lat' dir='ltr'>Ezechias</span> <span class='ocrx_word' id='word_1_150' title='bbox 1474 1726 1547 1785; x_wconf 92' lang='lat' dir='ltr'>de</span> <span class='ocrx_word' id='word_1_151' title='bbox 1579 1748 1638 1786; x_wconf 92' lang='lat' dir='ltr'>se</span> <span class='ocrx_word' id='word_1_152' title='bbox 1665 1728 2009 1808; x_wconf 88' lang='lat' dir='ltr'>profiteatur</span> <span class='ocrx_word' id='word_1_153' title='bbox 2058 1753 2070 1787; x_wconf 92' lang='lat'>:</span> <span class='ocrx_word' id='word_1_154' title='bbox 2110 1731 2233 1790; x_wconf 73' lang='lat' dir='ltr'>Re-</span> 
     </span>
     <span class='ocr_line' id='line_1_17' title="bbox 117 1822 2223 1906; baseline 0 -21"><span class='ocrx_word' id='word_1_155' title='bbox 117 1827 380 1906; x_wconf 76' lang='lat' dir='ltr'>coqitaho</span> <span class='ocrx_word' id='word_1_156' title='bbox 409 1825 523 1883; x_wconf 78' lang='lat' dir='ltr'>tibi</span> <span class='ocrx_word' id='word_1_157' title='bbox 548 1844 746 1882; x_wconf 76' lang='lat' dir='ltr'>omnes</span> <span class='ocrx_word' id='word_1_158' title='bbox 770 1844 961 1883; x_wconf 78' lang='lat' dir='ltr'>annos</span> <span class='ocrx_word' id='word_1_159' title='bbox 980 1843 1133 1882; x_wconf 77' lang='lat' dir='ltr'>meos</span> <span class='ocrx_word' id='word_1_160' title='bbox 1154 1828 1222 1881; x_wconf 79' lang='lat' dir='ltr'>in</span> <span class='ocrx_word' id='word_1_161' title='bbox 1246 1822 1667 1881; x_wconf 73' lang='lat' dir='ltr'>amaritudine</span> <span class='ocrx_word' id='word_1_162' title='bbox 1701 1825 1927 1881; x_wconf 77' lang='lat' dir='ltr'>animoe</span> <span class='ocrx_word' id='word_1_163' title='bbox 1946 1845 2088 1883; x_wconf 81' lang='lat' dir='ltr'>meae</span> <span class='ocrx_word' id='word_1_164' title='bbox 2111 1825 2223 1906; x_wconf 83' lang='lat'>(3).</span> 
     </span>
    </p>
   </div>
   <div class='ocr_carea' id='block_1_3' title="bbox 924 1932 1443 2053">
    <p class='ocr_par' dir='ltr' id='par_1_3' title="bbox 924 1932 1443 2053">
     <span class='ocr_line' id='line_1_18' title="bbox 924 1932 1443 2053; baseline -0.002 -25"><span class='ocrx_word' id='word_1_165' title='bbox 924 1932 1335 2052; x_wconf 62' lang='lat' dir='ltr'>morosum</span> <span class='ocrx_word' id='word_1_166' title='bbox 1372 1951 1443 2053; x_wconf 61' lang='lat' dir='ltr'>11ss</span> 
     </span>
    </p>
   </div>
   <div class='ocr_carea' id='block_1_4' title="bbox 120 2106 2241 2272">
    <p class='ocr_par' dir='ltr' id='par_1_4' title="bbox 120 2106 2241 2272">
     <span class='ocr_line' id='line_1_19' title="bbox 120 2106 2241 2187; baseline -0.001 -17"><span class='ocrx_word' id='word_1_167' title='bbox 120 2111 355 2172; x_wconf 81' lang='lat' dir='ltr'>Eadem</span> <span class='ocrx_word' id='word_1_168' title='bbox 398 2110 681 2187; x_wconf 76' lang='lat' dir='ltr'>confessio</span> <span class='ocrx_word' id='word_1_169' title='bbox 721 2107 1183 2165; x_wconf 73' lang='lat' dir='ltr'>sacramentalis</span> <span class='ocrx_word' id='word_1_170' title='bbox 1217 2150 1232 2179; x_wconf 79' lang='grc'>.,</span> <span class='ocrx_word' id='word_1_171' title='bbox 1288 2106 1512 2186; x_wconf 67' lang='lat' dir='ltr'>divinoe</span> <span class='ocrx_word' id='word_1_172' title='bbox 1561 2126 1679 2165; x_wconf 76' lang='lat' dir='ltr'>esse</span> <span class='ocrx_word' id='word_1_173' title='bbox 1727 2110 2130 2167; x_wconf 74' lang='lat' dir='ltr'>institutionis</span> <span class='ocrx_word' id='word_1_174' title='bbox 2183 2119 2241 2168; x_wconf 75' lang='lat' dir='ltr'>oc</span> 
     </span>
     <span class='ocr_line' id='line_1_20' title="bbox 122 2201 2199 2272; baseline -0 -8"><span class='ocrx_word' id='word_1_175' title='bbox 122 2209 459 2265; x_wconf 70' lang='lat' dir='ltr'>necessaria</span> <span class='ocrx_word' id='word_1_176' title='bbox 500 2204 586 2262; x_wconf 83' lang='lat' dir='ltr'>aol</span> <span class='ocrx_word' id='word_1_177' title='bbox 622 2203 880 2261; x_wconf 75' lang='lat' dir='ltr'>salutem</span> <span class='ocrx_word' id='word_1_178' title='bbox 902 2243 924 2272; x_wconf 88' lang='lat'><em>,</em></span> <span class='ocrx_word' id='word_1_179' title='bbox 968 2201 1417 2260; x_wconf 74' lang='lat' dir='ltr'>demonstratur</span> <span class='ocrx_word' id='word_1_180' title='bbox 1459 2221 1532 2258; x_wconf 71' lang='lat' dir='ltr'>ex</span> <span class='ocrx_word' id='word_1_181' title='bbox 1573 2222 1747 2259; x_wconf 76' lang='lat' dir='ltr'>sensu</span> <span class='ocrx_word' id='word_1_182' title='bbox 1794 2203 2199 2263; x_wconf 76' lang='lat' dir='ltr'>traditionali.</span> 
     </span>
    </p>
   </div>
   <div class='ocr_carea' id='block_1_5' title="bbox 124 2394 2238 2570">
    <p class='ocr_par' dir='ltr' id='par_1_5' title="bbox 124 2394 2238 2570">
     <span class='ocr_line' id='line_1_21' title="bbox 211 2394 2238 2456; baseline 0.001 -4"><span class='ocrx_word' id='word_1_183' title='bbox 211 2394 347 2454; x_wconf 84' lang='lat'>130.</span> <span class='ocrx_word' id='word_1_184' title='bbox 397 2397 790 2454; x_wconf 77' lang='lat' dir='ltr'>protestantes</span> <span class='ocrx_word' id='word_1_185' title='bbox 842 2415 1011 2454; x_wconf 90' lang='lat' dir='ltr'>recen</span> <span class='ocrx_word' id='word_1_186' title='bbox 1021 2404 1138 2454; x_wconf 85' lang='lat' dir='ltr'>tem</span> <span class='ocrx_word' id='word_1_187' title='bbox 1197 2416 1321 2454; x_wconf 89' lang='lat' dir='ltr'>esse</span> <span class='ocrx_word' id='word_1_188' title='bbox 1346 2408 1350 2411; x_wconf 85' lang='grc'><em>’</em></span> <span class='ocrx_word' id='word_1_189' title='bbox 1375 2394 1742 2455; x_wconf 79' lang='lat' dir='ltr'>contendunt</span> <span class='ocrx_word' id='word_1_190' title='bbox 1791 2394 2123 2455; x_wconf 87' lang='lat' dir='ltr'>doctrinam</span> <span class='ocrx_word' id='word_1_191' title='bbox 2176 2408 2238 2456; x_wconf 87' lang='lat' dir='ltr'>et</span> 
     </span>
     <span class='ocr_line' id='line_1_22' title="bbox 124 2488 2235 2570; baseline 0.002 -23"><span class='ocrx_word' id='word_1_192' title='bbox 124 2490 351 2570; x_wconf 81' lang='lat' dir='ltr'>praxim</span> <span class='ocrx_word' id='word_1_193' title='bbox 365 2533 382 2562; x_wconf 89' lang='lat'>,</span> <span class='ocrx_word' id='word_1_194' title='bbox 398 2501 497 2548; x_wconf 85' lang='lat' dir='ltr'>aut</span> <span class='ocrx_word' id='word_1_195' title='bbox 518 2489 726 2549; x_wconf 89' lang='lat' dir='ltr'>saltem</span> <span class='ocrx_word' id='word_1_196' title='bbox 743 2488 930 2568; x_wconf 80' lang='lat' dir='ltr'>obliga</span> <span class='ocrx_word' id='word_1_197' title='bbox 939 2490 1156 2549; x_wconf 84' lang='lat' dir='ltr'>tionem</span> <span class='ocrx_word' id='word_1_198' title='bbox 1179 2511 1279 2549; x_wconf 89' lang='lat' dir='ltr'>seu</span> <span class='ocrx_word' id='word_1_199' title='bbox 1297 2490 1700 2550; x_wconf 88' lang='lat' dir='ltr'>necessitatem</span> <span class='ocrx_word' id='word_1_200' title='bbox 1714 2490 1803 2570; x_wconf 78' lang='lat'>(4)</span> <span class='ocrx_word' id='word_1_201' title='bbox 1822 2491 2206 2551; x_wconf 88' lang='lat' dir='ltr'>Confessionis</span> <span class='ocrx_word' id='word_1_202' title='bbox 2219 2537 2235 2565; x_wconf 92' lang='lat'>‚</span> 
     </span>
    </p>
   </div>
   <div class='ocr_carea' id='block_1_6' title="bbox 117 2679 2252 3649">
    <p class='ocr_par' dir='ltr' id='par_1_6' title="bbox 129 2679 2243 2908">
     <span class='ocr_line' id='line_1_23' title="bbox 129 2679 2243 2747; baseline 0.002 -19"><span class='ocrx_word' id='word_1_203' title='bbox 129 2681 267 2729; x_wconf 81' lang='lat' dir='ltr'>dium</span> <span class='ocrx_word' id='word_1_204' title='bbox 308 2681 547 2745; x_wconf 74' lang='lat' dir='ltr'>efficacius</span> <span class='ocrx_word' id='word_1_205' title='bbox 584 2679 669 2727; x_wconf 87' lang='lat' dir='ltr'>illa</span> <span class='ocrx_word' id='word_1_206' title='bbox 695 2679 852 2741; x_wconf 13' lang='lat' dir='ltr'>*habet</span> <span class='ocrx_word' id='word_1_207' title='bbox 892 2680 958 2727; x_wconf 81' lang='lat' dir='ltr'>ad</span> <span class='ocrx_word' id='word_1_208' title='bbox 999 2680 1145 2727; x_wconf 77' lang='lat' dir='ltr'>Chri-</span> <span class='ocrx_word' id='word_1_209' title='bbox 1228 2683 1373 2745; x_wconf 87' lang='lat' dir='ltr'>posite</span> <span class='ocrx_word' id='word_1_210' title='bbox 1397 2681 1556 2728; x_wconf 86' lang='lat' dir='ltr'>scribit</span> <span class='ocrx_word' id='word_1_211' title='bbox 1583 2681 1799 2729; x_wconf 86' lang='lat' dir='ltr'>Mauzoni</span> <span class='ocrx_word' id='word_1_212' title='bbox 1821 2719 1835 2740; x_wconf 87' lang='lat'>‚</span> <span class='ocrx_word' id='word_1_213' title='bbox 1864 2700 1939 2747; x_wconf 88' lang='lat' dir='ltr'>op.</span> <span class='ocrx_word' id='word_1_214' title='bbox 1967 2693 2011 2731; x_wconf 83' lang='lat' dir='ltr'>et</span> <span class='ocrx_word' id='word_1_215' title='bbox 2039 2685 2131 2732; x_wconf 88' lang='lat' dir='ltr'>loc.</span> <span class='ocrx_word' id='word_1_216' title='bbox 2163 2686 2243 2732; x_wconf 80' lang='lat' dir='ltr'>cit.</span> 
     </span>
     <span class='ocr_line' id='line_1_24' title="bbox 131 2758 2238 2832; baseline 0.003 -24"><span class='ocrx_word' id='word_1_217' title='bbox 131 2763 317 2810; x_wconf 76' lang='lat' dir='ltr'>stiones</span> <span class='ocrx_word' id='word_1_218' title='bbox 333 2761 645 2811; x_wconf 74' lang='lat' dir='ltr'>continendos</span> <span class='ocrx_word' id='word_1_219' title='bbox 659 2763 711 2809; x_wconf 76' lang='lat' dir='ltr'>in</span> <span class='ocrx_word' id='word_1_220' title='bbox 731 2763 900 2809; x_wconf 82' lang='lat' dir='ltr'>timore</span> <span class='ocrx_word' id='word_1_221' title='bbox 916 2764 1144 2822; x_wconf 80' lang='lat' dir='ltr'>Domini,</span> <span class='ocrx_word' id='word_1_222' title='bbox 1229 2781 1316 2811; x_wconf 89' lang='lat' dir='ltr'>nec</span> <span class='ocrx_word' id='word_1_223' title='bbox 1337 2758 1437 2811; x_wconf 57' lang='lat' dir='ltr'>&#39;non</span> <span class='ocrx_word' id='word_1_224' title='bbox 1454 2763 1622 2822; x_wconf 84' lang='lat' dir='ltr'>Feller,</span> <span class='ocrx_word' id='word_1_225' title='bbox 1653 2763 1953 2812; x_wconf 71' lang='lat' dir='ltr'>Cateckisme</span> <span class='ocrx_word' id='word_1_226' title='bbox 1969 2765 2238 2832; x_wconf 77' lang='lat' dir='ltr'>philosoph.</span> 
     </span>
     <span class='ocr_line' id='line_1_25' title="bbox 130 2839 1774 2908; baseline 0.002 -18"><span class='ocrx_word' id='word_1_227' title='bbox 130 2845 217 2908; x_wconf 80' lang='lat' dir='ltr'>qui</span> <span class='ocrx_word' id='word_1_228' title='bbox 245 2852 312 2890; x_wconf 75' lang='lat' dir='ltr'>est</span> <span class='ocrx_word' id='word_1_229' title='bbox 340 2843 471 2891; x_wconf 72' lang='lat' dir='ltr'>basis</span> <span class='ocrx_word' id='word_1_230' title='bbox 496 2844 683 2891; x_wconf 83' lang='lat' dir='ltr'>timoris</span> <span class='ocrx_word' id='word_1_231' title='bbox 701 2881 713 2903; x_wconf 87' lang='lat'><strong>‚</strong></span> <span class='ocrx_word' id='word_1_232' title='bbox 739 2844 957 2908; x_wconf 80' lang='lat' dir='ltr'>obsequii</span> <span class='ocrx_word' id='word_1_233' title='bbox 983 2853 1026 2891; x_wconf 82' lang='lat' dir='ltr'>et</span> <span class='ocrx_word' id='word_1_234' title='bbox 1040 2845 1146 2892; x_wconf 78' lang='lat' dir='ltr'>sub·</span> <span class='ocrx_word' id='word_1_235' title='bbox 1232 2855 1317 2892; x_wconf 80' lang='lat' dir='ltr'>art.</span> <span class='ocrx_word' id='word_1_236' title='bbox 1355 2843 1662 2908; x_wconf 75' lang='lat' dir='ltr'>Confession.</span> <span class='ocrx_word' id='word_1_237' title='bbox 1772 2839 1774 2842; x_wconf 50' lang='grc'>’</span> 
     </span>
    </p>

    <p class='ocr_par' dir='ltr' id='par_1_7' title="bbox 117 2925 1835 2992">
     <span class='ocr_line' id='line_1_26' title="bbox 117 2925 1835 2992; baseline 0.003 -21"><span class='ocrx_word' id='word_1_238' title='bbox 117 2925 371 2992; x_wconf 78' lang='lat' dir='ltr'>jectiom&#39;s,</span> <span class='ocrx_word' id='word_1_239' title='bbox 389 2941 533 2989; x_wconf 82' lang='lat' dir='ltr'>quam</span> <span class='ocrx_word' id='word_1_240' title='bbox 548 2928 653 2989; x_wconf 76' lang='lat' dir='ltr'>reqi</span> <span class='ocrx_word' id='word_1_241' title='bbox 666 2942 751 2973; x_wconf 80' lang='lat' dir='ltr'>suo</span> <span class='ocrx_word' id='word_1_242' title='bbox 763 2925 947 2973; x_wconf 70' lang='lat' dir='ltr'>subditi</span> <span class='ocrx_word' id='word_1_243' title='bbox 959 2925 1144 2975; x_wconf 79' lang='lat' dir='ltr'>debent.</span> <span class='ocrx_word' id='word_1_244' title='bbox 1303 2926 1368 2990; x_wconf 87' lang='grc'>(3)</span> <span class='ocrx_word' id='word_1_245' title='bbox 1407 2927 1511 2976; x_wconf 80' lang='lat' dir='ltr'>lsai.</span> <span class='ocrx_word' id='word_1_246' title='bbox 1540 2944 1683 2976; x_wconf 77' lang='lat' dir='ltr'>xxxin</span> <span class='ocrx_word' id='word_1_247' title='bbox 1707 2962 1719 2987; x_wconf 90' lang='lat'>‚</span> <span class='ocrx_word' id='word_1_248' title='bbox 1758 2926 1835 2977; x_wconf 86' lang='lat'>15.</span> 
     </span>
    </p>

    <p class='ocr_par' dir='ltr' id='par_1_8' title="bbox 130 3005 2252 3649">
     <span class='ocr_line' id='line_1_27' title="bbox 130 3005 2250 3075; baseline 0.003 -21"><span class='ocrx_word' id='word_1_249' title='bbox 130 3007 289 3054; x_wconf 84' lang='lat' dir='ltr'>Error</span> <span class='ocrx_word' id='word_1_250' title='bbox 314 3006 402 3053; x_wconf 80' lang='lat' dir='ltr'>hac</span> <span class='ocrx_word' id='word_1_251' title='bbox 428 3006 484 3053; x_wconf 80' lang='lat' dir='ltr'>de</span> <span class='ocrx_word' id='word_1_252' title='bbox 511 3023 562 3053; x_wconf 84' lang='lat' dir='ltr'>re</span> <span class='ocrx_word' id='word_1_253' title='bbox 583 3005 734 3073; x_wconf 66' lang='lat' dir='ltr'>(licet</span> <span class='ocrx_word' id='word_1_254' title='bbox 762 3043 776 3063; x_wconf 91' lang='lat'>‚</span> <span class='ocrx_word' id='word_1_255' title='bbox 809 3015 863 3061; x_wconf 74' lang='lat' dir='ltr'>ut</span> <span class='ocrx_word' id='word_1_256' title='bbox 879 3024 1014 3072; x_wconf 76' lang='lat' dir='ltr'>spero</span> <span class='ocrx_word' id='word_1_257' title='bbox 1031 3012 1149 3072; x_wconf 81' lang='lat' dir='ltr'>‚qui</span> <span class='ocrx_word' id='word_1_258' title='bbox 1303 3008 1370 3071; x_wconf 73' lang='lat'>(14)</span> <span class='ocrx_word' id='word_1_259' title='bbox 1410 3008 1546 3056; x_wconf 87' lang='lat' dir='ltr'>Nunc</span> <span class='ocrx_word' id='word_1_260' title='bbox 1574 3012 1670 3075; x_wconf 82' lang='lat' dir='ltr'>jam</span> <span class='ocrx_word' id='word_1_261' title='bbox 1690 3010 1784 3057; x_wconf 85' lang='lat' dir='ltr'>fere</span> <span class='ocrx_word' id='word_1_262' title='bbox 1802 3026 1964 3058; x_wconf 84' lang='lat' dir='ltr'>omnes</span> <span class='ocrx_word' id='word_1_263' title='bbox 1984 3011 2250 3060; x_wconf 75' lang='lat' dir='ltr'>protestan-</span> 
     </span>
     <span class='ocr_line' id='line_1_28' title="bbox 134 3087 2247 3155; baseline 0.003 -20"><span class='ocrx_word' id='word_1_264' title='bbox 134 3088 267 3135; x_wconf 78' lang='lat' dir='ltr'>illum</span> <span class='ocrx_word' id='word_1_265' title='bbox 288 3087 520 3151; x_wconf 74' lang='lat' dir='ltr'>evulqant</span> <span class='ocrx_word' id='word_1_266' title='bbox 541 3089 796 3152; x_wconf 72' lang='lat' dir='ltr'>iquorem)</span> <span class='ocrx_word' id='word_1_267' title='bbox 824 3088 1032 3137; x_wconf 74' lang='lat' dir='ltr'>includit</span> <span class='ocrx_word' id='word_1_268' title='bbox 1043 3106 1146 3153; x_wconf 74' lang='lat' dir='ltr'>qer·</span> <span class='ocrx_word' id='word_1_269' title='bbox 1237 3099 1300 3137; x_wconf 76' lang='lat' dir='ltr'>tes</span> <span class='ocrx_word' id='word_1_270' title='bbox 1337 3093 1524 3138; x_wconf 81' lang='lat' dir='ltr'>veritate</span> <span class='ocrx_word' id='word_1_271' title='bbox 1568 3092 1794 3155; x_wconf 87' lang='lat' dir='ltr'>compulsi</span> <span class='ocrx_word' id='word_1_272' title='bbox 1827 3093 2028 3140; x_wconf 83' lang='lat' dir='ltr'>fatentur</span> <span class='ocrx_word' id='word_1_273' title='bbox 2056 3130 2069 3151; x_wconf 91' lang='lat'>‚</span> <span class='ocrx_word' id='word_1_274' title='bbox 2109 3112 2247 3143; x_wconf 90' lang='lat' dir='ltr'>usum</span> 
     </span>
     <span class='ocr_line' id='line_1_29' title="bbox 133 3165 2249 3238; baseline 0.004 -22"><span class='ocrx_word' id='word_1_275' title='bbox 133 3172 270 3217; x_wconf 77' lang='lat' dir='ltr'>mina</span> <span class='ocrx_word' id='word_1_276' title='bbox 296 3169 646 3236; x_wconf 76' lang='lat' dir='ltr'>perduellionis</span> <span class='ocrx_word' id='word_1_277' title='bbox 682 3178 726 3217; x_wconf 77' lang='lat' dir='ltr'>et</span> <span class='ocrx_word' id='word_1_278' title='bbox 762 3165 1151 3219; x_wconf 69' lang='lat' dir='ltr'>thro-nos&#39;mina·</span> <span class='ocrx_word' id='word_1_279' title='bbox 1234 3171 1931 3238; x_wconf 71' lang='lat' dir='ltr'>Confessionisantiquissimum</span> <span class='ocrx_word' id='word_1_280' title='bbox 1947 3191 2062 3236; x_wconf 79' lang='lat' dir='ltr'>esse3</span> <span class='ocrx_word' id='word_1_281' title='bbox 2081 3191 2249 3224; x_wconf 84' lang='lat' dir='ltr'>verum</span> 
     </span>
     <span class='ocr_line' id='line_1_30' title="bbox 134 3249 2250 3318; baseline 0.004 -21"><span class='ocrx_word' id='word_1_282' title='bbox 134 3261 231 3300; x_wconf 83' lang='lat' dir='ltr'>tur.</span> <span class='ocrx_word' id='word_1_283' title='bbox 269 3251 335 3299; x_wconf 85' lang='lat' dir='ltr'>Ita</span> <span class='ocrx_word' id='word_1_284' title='bbox 364 3254 414 3299; x_wconf 88' lang='lat' dir='ltr'>in</span> <span class='ocrx_word' id='word_1_285' title='bbox 430 3250 483 3299; x_wconf 86' lang='grc' dir='ltr'><em>Ε</em></span> <span class='ocrx_word' id='word_1_286' title='bbox 476 3251 640 3317; x_wconf 79' lang='lat' dir='ltr'>phem.</span> <span class='ocrx_word' id='word_1_287' title='bbox 670 3249 942 3316; x_wconf 77' lang='lat' dir='ltr'>evanqelioa</span> <span class='ocrx_word' id='word_1_288' title='bbox 962 3251 1152 3302; x_wconf 80' lang='lat' dir='ltr'>Beroli-</span> <span class='ocrx_word' id='word_1_289' title='bbox 1232 3254 1553 3311; x_wconf 74' lang='lat' dir='ltr'>contendunt,</span> <span class='ocrx_word' id='word_1_290' title='bbox 1574 3254 1707 3301; x_wconf 86' lang='lat' dir='ltr'>illum</span> <span class='ocrx_word' id='word_1_291' title='bbox 1730 3272 1830 3303; x_wconf 85' lang='lat' dir='ltr'>esse</span> <span class='ocrx_word' id='word_1_292' title='bbox 1853 3255 2054 3304; x_wconf 87' lang='lat' dir='ltr'>liberum</span> <span class='ocrx_word' id='word_1_293' title='bbox 2071 3293 2087 3318; x_wconf 86' lang='lat'>‚</span> <span class='ocrx_word' id='word_1_294' title='bbox 2112 3261 2170 3306; x_wconf 81' lang='lat' dir='ltr'>ita</span> <span class='ocrx_word' id='word_1_295' title='bbox 2198 3270 2250 3306; x_wconf 90' lang='lat' dir='ltr'>ut</span> 
     </span>
     <span class='ocr_line' id='line_1_31' title="bbox 135 3324 2248 3403; baseline 0.004 -23"><span class='ocrx_word' id='word_1_296' title='bbox 135 3335 279 3380; x_wconf 76' lang='lat' dir='ltr'>nemi</span> <span class='ocrx_word' id='word_1_297' title='bbox 301 3329 428 3399; x_wconf 72' lang='lat'>1829</span> <span class='ocrx_word' id='word_1_298' title='bbox 447 3370 460 3393; x_wconf 84' lang='lat'>‚</span> <span class='ocrx_word' id='word_1_299' title='bbox 501 3351 548 3382; x_wconf 88' lang='lat' dir='ltr'>n.</span> <span class='ocrx_word' id='word_1_300' title='bbox 573 3330 656 3380; x_wconf 86' lang='lat'>81.</span> <span class='ocrx_word' id='word_1_301' title='bbox 688 3333 822 3381; x_wconf 87' lang='lat' dir='ltr'>Plura</span> <span class='ocrx_word' id='word_1_302' title='bbox 855 3335 944 3381; x_wconf 85' lang='lat' dir='ltr'>alia</span> <span class='ocrx_word' id='word_1_303' title='bbox 974 3334 1084 3382; x_wconf 87' lang='lat' dir='ltr'>huic</span> <span class='ocrx_word' id='word_1_304' title='bbox 1099 3337 1153 3383; x_wconf 91' lang='lat' dir='ltr'>si·</span> <span class='ocrx_word' id='word_1_305' title='bbox 1234 3352 1292 3384; x_wconf 88' lang='lat' dir='ltr'>ex</span> <span class='ocrx_word' id='word_1_306' title='bbox 1308 3335 1476 3384; x_wconf 81' lang='lat' dir='ltr'>Christi</span> <span class='ocrx_word' id='word_1_307' title='bbox 1500 3324 1799 3400; x_wconf 80' lang='lat' dir='ltr'>dispositione</span> <span class='ocrx_word' id='word_1_308' title='bbox 1817 3338 1943 3385; x_wconf 88' lang='lat' dir='ltr'>nulla</span> <span class='ocrx_word' id='word_1_309' title='bbox 1959 3341 2106 3403; x_wconf 82' lang='lat' dir='ltr'>vigeat</span> <span class='ocrx_word' id='word_1_310' title='bbox 2122 3340 2248 3388; x_wconf 88' lang='lat' dir='ltr'>Con·-</span> 
     </span>
     <span class='ocr_line' id='line_1_32' title="bbox 130 3414 2251 3482; baseline 0.003 -21"><span class='ocrx_word' id='word_1_311' title='bbox 130 3416 265 3463; x_wconf 65' lang='lat' dir='ltr'>,milia</span> <span class='ocrx_word' id='word_1_312' title='bbox 288 3433 341 3463; x_wconf 89' lang='lat' dir='ltr'>ex</span> <span class='ocrx_word' id='word_1_313' title='bbox 375 3414 740 3463; x_wconf 82' lang='lat' dir='ltr'>Protestantibus</span> <span class='ocrx_word' id='word_1_314' title='bbox 763 3415 928 3464; x_wconf 82' lang='lat' dir='ltr'>afferre</span> <span class='ocrx_word' id='word_1_315' title='bbox 953 3433 1151 3480; x_wconf 83' lang='lat' dir='ltr'>possem.</span> <span class='ocrx_word' id='word_1_316' title='bbox 1235 3417 1444 3466; x_wconf 79' lang='lat' dir='ltr'>fessionis</span> <span class='ocrx_word' id='word_1_317' title='bbox 1481 3417 1700 3482; x_wconf 78' lang='lat' dir='ltr'>obligatio</span> <span class='ocrx_word' id='word_1_318' title='bbox 1719 3456 1732 3477; x_wconf 82' lang='lat'><em>‚</em></span> <span class='ocrx_word' id='word_1_319' title='bbox 1774 3436 1861 3466; x_wconf 88' lang='lat' dir='ltr'>nec</span> <span class='ocrx_word' id='word_1_320' title='bbox 1894 3422 1982 3466; x_wconf 86' lang='lat' dir='ltr'>nisi</span> <span class='ocrx_word' id='word_1_321' title='bbox 2018 3423 2160 3468; x_wconf 80' lang='lat' dir='ltr'>serius</span> <span class='ocrx_word' id='word_1_322' title='bbox 2192 3421 2251 3468; x_wconf 80' lang='lat' dir='ltr'>ab</span> 
     </span>
     <span class='ocr_line' id='line_1_33' title="bbox 139 3496 2252 3562; baseline 0.003 -19"><span class='ocrx_word' id='word_1_323' title='bbox 139 3497 331 3544; x_wconf 81' lang='lat' dir='ltr'>Interim</span> <span class='ocrx_word' id='word_1_324' title='bbox 347 3497 433 3545; x_wconf 85' lang='lat' dir='ltr'>cfr.</span> <span class='ocrx_word' id='word_1_325' title='bbox 457 3496 707 3561; x_wconf 85' lang='lat' dir='ltr'>Esslinger‚</span> <span class='ocrx_word' id='word_1_326' title='bbox 726 3513 805 3562; x_wconf 86' lang='lat' dir='ltr'>op.</span> <span class='ocrx_word' id='word_1_327' title='bbox 822 3499 924 3556; x_wconf 66' lang='lat' dir='ltr'>cit„</span> <span class='ocrx_word' id='word_1_328' title='bbox 946 3496 1149 3562; x_wconf 58' lang='lat' dir='ltr'>liet-gier,</span> <span class='ocrx_word' id='word_1_329' title='bbox 1235 3498 1439 3548; x_wconf 83' lang='lat' dir='ltr'>Ecclesia</span> <span class='ocrx_word' id='word_1_330' title='bbox 1468 3517 1567 3547; x_wconf 85' lang='lat' dir='ltr'>eam</span> <span class='ocrx_word' id='word_1_331' title='bbox 1596 3501 1735 3548; x_wconf 86' lang='lat' dir='ltr'>fuisse</span> <span class='ocrx_word' id='word_1_332' title='bbox 1756 3500 2015 3548; x_wconf 87' lang='lat' dir='ltr'>inductam.</span> <span class='ocrx_word' id='word_1_333' title='bbox 2056 3500 2121 3547; x_wconf 79' lang='lat' dir='ltr'>Ita</span> <span class='ocrx_word' id='word_1_334' title='bbox 2137 3496 2252 3549; x_wconf 84' lang='lat' dir='ltr'>Dal-</span> 
     </span>
     <span class='ocr_line' id='line_1_34' title="bbox 137 3577 2250 3649; baseline 0.002 -24"><span class='ocrx_word' id='word_1_335' title='bbox 137 3577 367 3626; x_wconf 76' lang='lat' dir='ltr'>Diction.</span> <span class='ocrx_word' id='word_1_336' title='bbox 400 3577 457 3625; x_wconf 81' lang='lat' dir='ltr'>de</span> <span class='ocrx_word' id='word_1_337' title='bbox 488 3577 655 3627; x_wconf 67' lang='lat' dir='ltr'>Theol.</span> <span class='ocrx_word' id='word_1_338' title='bbox 687 3588 774 3627; x_wconf 86' lang='lat' dir='ltr'>art.</span> <span class='ocrx_word' id='word_1_339' title='bbox 799 3577 1102 3642; x_wconf 68' lang='lat' dir='ltr'>Conse-wion.</span> <span class='ocrx_word' id='word_1_340' title='bbox 1237 3581 1352 3629; x_wconf 82' lang='lat' dir='ltr'>laeus</span> <span class='ocrx_word' id='word_1_341' title='bbox 1372 3619 1385 3642; x_wconf 73' lang='grc'><strong>,</strong></span> <span class='ocrx_word' id='word_1_342' title='bbox 1420 3581 1644 3645; x_wconf 81' lang='lat' dir='ltr'>Bingham</span> <span class='ocrx_word' id='word_1_343' title='bbox 1674 3617 1686 3639; x_wconf 82' lang='lat'>‚</span> <span class='ocrx_word' id='word_1_344' title='bbox 1723 3591 1844 3642; x_wconf 81' lang='lat' dir='ltr'>etc.;</span> <span class='ocrx_word' id='word_1_345' title='bbox 1879 3581 1935 3627; x_wconf 81' lang='lat' dir='ltr'>ad</span> <span class='ocrx_word' id='word_1_346' title='bbox 1957 3598 2032 3628; x_wconf 87' lang='lat' dir='ltr'>eos</span> <span class='ocrx_word' id='word_1_347' title='bbox 2058 3582 2250 3649; x_wconf 85' lang='lat' dir='ltr'>demum</span> 
     </span>
    </p>
   </div>
   <div class='ocr_carea' id='block_1_7' title="bbox 211 3659 2252 3809">
    <p class='ocr_par' dir='ltr' id='par_1_9' title="bbox 211 3659 2252 3809">
     <span class='ocr_line' id='line_1_35' title="bbox 212 3659 2252 3730; baseline 0.003 -23"><span class='ocrx_word' id='word_1_348' title='bbox 212 3659 282 3722; x_wconf 89' lang='lat' dir='ltr'>(l)</span> <span class='ocrx_word' id='word_1_349' title='bbox 316 3660 427 3709; x_wconf 89' lang='lat' dir='ltr'>Loc.</span> <span class='ocrx_word' id='word_1_350' title='bbox 464 3662 545 3709; x_wconf 85' lang='lat' dir='ltr'>cit.</span> <span class='ocrx_word' id='word_1_351' title='bbox 1238 3679 1362 3710; x_wconf 81' lang='lat' dir='ltr'>anno</span> <span class='ocrx_word' id='word_1_352' title='bbox 1385 3661 1511 3729; x_wconf 70' lang='lat'>1784</span> <span class='ocrx_word' id='word_1_353' title='bbox 1524 3666 1707 3711; x_wconf 79' lang='lat' dir='ltr'>accessit</span> <span class='ocrx_word' id='word_1_354' title='bbox 1725 3662 1870 3727; x_wconf 79' lang='lat' dir='ltr'>Eyhel</span> <span class='ocrx_word' id='word_1_355' title='bbox 1893 3663 2107 3726; x_wconf 86' lang='lat' dir='ltr'>inopere,</span> <span class='ocrx_word' id='word_1_356' title='bbox 2125 3665 2252 3730; x_wconf 85' lang='lat' dir='ltr'>quod</span> 
     </span>
     <span class='ocr_line' id='line_1_36' title="bbox 211 3742 1933 3809; baseline 0.001 -20"><span class='ocrx_word' id='word_1_357' title='bbox 211 3742 278 3804; x_wconf 71' lang='lat'>(2)</span> <span class='ocrx_word' id='word_1_358' title='bbox 316 3742 409 3790; x_wconf 88' lang='lat' dir='ltr'>Cfr.</span> <span class='ocrx_word' id='word_1_359' title='bbox 441 3760 540 3809; x_wconf 86' lang='lat' dir='ltr'>quae</span> <span class='ocrx_word' id='word_1_360' title='bbox 570 3743 627 3791; x_wconf 85' lang='lat' dir='ltr'>de</span> <span class='ocrx_word' id='word_1_361' title='bbox 651 3742 743 3791; x_wconf 85' lang='lat' dir='ltr'>hoc</span> <span class='ocrx_word' id='word_1_362' title='bbox 774 3754 1044 3807; x_wconf 83' lang='lat' dir='ltr'>argumento</span> <span class='ocrx_word' id='word_1_363' title='bbox 1075 3760 1155 3808; x_wconf 84' lang='lat' dir='ltr'>ap·</span> <span class='ocrx_word' id='word_1_364' title='bbox 1239 3742 1297 3792; x_wconf 87' lang='lat' dir='ltr'>de</span> <span class='ocrx_word' id='word_1_365' title='bbox 1326 3745 1416 3791; x_wconf 87' lang='lat' dir='ltr'>hoc</span> <span class='ocrx_word' id='word_1_366' title='bbox 1442 3755 1709 3809; x_wconf 77' lang='lat' dir='ltr'>argumento</span> <span class='ocrx_word' id='word_1_367' title='bbox 1738 3745 1933 3807; x_wconf 78' lang='lat' dir='ltr'>scripsit.</span> 
     </span>
    </p>
   </div>
   <div class='ocr_carea' id='block_1_8' title="bbox 224 3822 2010 3882">
    <p class='ocr_par' dir='ltr' id='par_1_10' title="bbox 224 3822 2010 3882">
     <span class='ocr_line' id='line_1_37' title="bbox 224 3822 2010 3882; baseline 0.001 -2"><span class='ocrx_word' id='word_1_368' title='bbox 224 3822 290 3880; x_wconf 87' lang='lat' dir='ltr'>T.</span> <span class='ocrx_word' id='word_1_369' title='bbox 339 3824 429 3881; x_wconf 92' lang='lat' dir='ltr'>VI.</span> <span class='ocrx_word' id='word_1_370' title='bbox 1933 3823 2010 3882; x_wconf 81' lang='lat'>27</span> 
     </span>
    </p>
   </div>
  </div>
 </body>
</html>
