2502 4186
770 273 889 311 CAP.
935 276 975 310 1.
1024 275 1092 310 DE

1136 270 1385 311 numan
1433 270 1708 308 BAPnsnu.
2142 271 2146 274 ’
2255 252 2290 308 9

201 425 323 473 tam
353 435 457 495 per
495 436 656 496 aquae
689 437 864 497 quam
887 437 994 497 per
1021 414 1256 472 alterius
1297 419 1702 495 cujuscumque
1732 412 1974 493 liquoris
1997 411 2293 474 lavacrum

203 508 504 586 significari
535 511 734 590 possit.
781 511 945 587 ErgO.

286 603 380 660 18.
430 605 600 683 Resp.
627 596 774 680 Neyss
801 611 990 659 antec.
1016 600 1104 659 Ad
1131 601 1208 657 lm
1233 599 1399 680 prob.
1425 601 1574 680 Neq.
1608 600 1758 659 Illud
1786 601 1944 659 enim
1969 598 2291 682 baptisma,

200 696 406 755 iisdem
447 695 834 755 referentibus
881 693 1254 776 scriptoribus
1287 740 1302 769 ,
1373 695 1699 753 invalidum
1742 695 2069 773 judicatum
2128 705 2214 755 est
2262 718 2296 754 a

202 791 260 848 S.
304 790 574 868 Dionysio
598 790 887 862 antistite,
935 810 999 847 ac
1034 800 1340 869 propterea
1378 788 1569 848 denuo
1598 789 1873 848 collatum
1895 791 1957 848 in
1990 812 2136 871 aqua
2161 790 2291 849 fuit.

202 882 371 960 Quod
422 884 468 941 si
506 883 737 943 Judaeus
781 884 878 946 ille
919 884 1226 941 sanitatem
1265 885 1629 965 recuperavit
1655 930 1670 958 ,
1727 884 1787 942 id
1828 896 2163 944 consecutus
2209 896 2298 944 est

202 978 423 1036 ratione
466 977 600 1036 fidei
643 989 699 1037 et
731 976 997 1037 desiderii
1016 975 1342 1058 baptismi,
1394 1000 1510 1060 quo
1544 978 1843 1057 flagrabat.

290 1073 384 1130 19.
434 1071 517 1130 Ad
541 1074 623 1129 '2¹1¹
650 1117 664 1146 ,
700 1074 856 1131 Dist.
892 1071 1063 1148 Cujus
1085 1082 1284 1129 tamen
1313 1093 1657 1153 responsum
1689 1084 1969 1153 tanquam
1995 1073 2298 1154 suppositi-

203 1166 351 1225 tium
386 1178 486 1230 aut
517 1166 717 1224 saltem
751 1163 1098 1223 mendosum
1129 1186 1162 1223 a
1202 1164 1470 1246 pluribus
1519 1166 1737 1225 criticis
1759 1166 2009 1226 habetur
2030 1211 2046 1239 7
2097 1187 2298 1232 conc.,·

202 1262 265 1319 in
312 1255 612 1342 hypothesi
662 1258 819 1339 quod
851 1259 1157 1328 *sincerum
1213 1271 1272 1318 et
1319 1260 1718 1330 authenticum
1778 1272 1972 1333 esset,
2024 1262 2291 1320 Suhdz'st.

207 1356 503 1416 Excusavit
527 1354 785 1434 pontifex
810 1354 1136 1435 Stephanus
1163 1355 1480 1414 Sacerdotis
1500 1355 1850 1437 'baptizantis
1873 1357 2257 1436 ignorantiam
2280 1400 2296 1430 ‚

204 1471 390 1515 conc.;
425 1447 772 1529 approbavit
812 1447 1099 1530 baptisma
1123 1494 1139 1526 ,
1189 1472 1319 1530 ⁹²09·
1373 1452 1488 1530 (l).
1533 1453 1623 1510 Sic
1673 1454 1849 1510 etiam
1886 1463 1950 1510 ut
1986 1452 2299 1533 suppositi-

205 1545 348 1602 tium
378 1543 633 1620 rejicitur
670 1541 968 1602 decretum
1005 1543 1220 1618 Siricii7
1262 1555 1464 1626 utpote
1503 1545 1667 1604 nullo
1699 1546 1924 1604 idoneo
1966 1546 2298 1604 testimonio

267 1762 338 1826 (l)
371 1761 470 1810 Hoc
488 1777 757 1827 responsum
778 1797 791 1821 ‚
809 1761 935 1827 quod
953 1772 1019 1812 est
1042 1780 1093 1812 n.
1121 1779 1167 1811 xl
1181 1797 1199 1823 ,

201 1861 255 1893 ac
279 1844 558 1911 perhibetur
608 1846 785 1905 datum,
805 1862 830 1892 a
885 1847 1116 1912 Stephano
1172 1862 1204 1893 ιι

199 1926 305 1988 vel,
346 1937 403 1983 ‚ut
442 1927 517 1975 alii
557 1924 869 1992 contendunt,
903 1948 942 1991 a*
976 1928 1206 1995 Stephano

199 2023 255 2056 ιιι
285 2011 334 2056 in
358 2008 589 2058 Carisiaco
614 2012 720 2060 villa
739 2050 751 2071 ‚
778 2013 1207 2060 Britanniaessmona-

204 2093 339 2138 sterio
356 2127 371 2150 ,
399 2091 615 2158 quodque
631 2096 842 2142 omnium
860 2093 1033 2159 primus
1049 2091 1221 2156 vulga-]
1235 2086 1243 2142 ¹<

205 2173 273 2219 vit
302 2167 574 2221 Sirmondus
590 2211 604 2233 ‚
628 2173 811 2223 Concil.
840 2173 1064 2239 Antiqua
1086 2171 1208 2221 Gat-

206 2251 316 2311 lioe,
346 2251 498 2301 L'utet.
521 2254 664 2303 Paris.
695 2255 839 2321 1629.
863 2266 976 2304 tom.
1009 2273 1042 2303 ιι
1061 2292 1074 2315 ,
1102 2272 1207 2319 pag.

212 2332 303 2394 16,
345 2337 406 2382 ita
446 2352 492 2383 se
529 2334 665 2383 habet
703 2352 718 2383 τ
751 2337 810 2383 Si
842 2339 895 2383 in
928 2338 1041 2383 vino
1067 2336 1207 2399 quis,
1234 2362 1238 2371 ι

198 2424 450 2479 propterea
493 2416 618 2479 quod
653 2434 828 2480 aquam
868 2433 969 2464 non
999 2418 1213 2464 invenie-

205 2495 317 2556 bat,
347 2498 541 2563 omnino
576 2496 932 2562 periclitantem
977 2498 1211 2561 infantem

205 2577 504 2643 baptizavit,
541 2569 683 2625 nulla
703 2579 752 2625 ei
782 2579 953 2626 exinde
981 2579 1213 2626 adscribi-

205 2667 289 2706 tur
321 2658 476 2724 culpa.
527 2658 755 2722 Infantes
794 2661 864 2707 sic
895 2667 1212 2724 permaneant

205 2741 263 2786 in
279 2741 381 2804 ipso
397 2739 646 2805 baptismo.
666 2740 815 2801 Nam,
836 2743 883 2788 si
902 2758 1026 2805 aqua
1050 2741 1211 2805 adfuit

204 2838 439 2885 praesens,
465 2821 546 2868 ille
570 2821 818 2887 presbyter
834 2825 1207 2870 excommunice-

205 2911 286 2949 tur
306 2938 319 2961 ,
345 2910 392 2949 et
401 2905 697 2968 poenitentiae
719 2904 1030 2951 submittatur
1048 2941 1061 2961 ‚
1089 2906 1206 2968 quia

206 2992 368 3029 contra
387 2971 621 3032 canonum
637 2981 919 3033 sententiam
934 3002 1070 3050 aqere
1083 3003 1204 3050 proe·

206 3065 419 3127 sumpsit.
444 3063 572 3114 Circa
609 3067 700 3115 hoc
725 3085 996 3132 responsum
1026 3068 1202 3116 diversa

206 3155 311 3191 sunt
337 3145 595 3195 criticorum
611 3144 804 3214 judicia.
830 3157 876 3196 1⁰
893 3148 982 3196 Alii
1002 3186 1014 3208 ‚
1032 3159 1084 3196 ut
1110 3149 1203 3197 Na-

203 3226 302 3273 talis
326 3224 458 3274 Alex.
478 3228 619 3278 Hist.
635 3229 746 3278 eccl.
770 3247 859 3279 sec.
888 3248 996 3292 vlu,
1028 3249 1129 3297 cap.
1154 3249 1199 3291 1,

202 3317 286 3356 art.
305 3305 356 3365 6,
379 3317 570 3370 putant,
596 3326 689 3358 esse
710 3323 990 3376 corruptum.
1013 3321 1063 3358 2⁰
1094 3314 1201 3372 Alii,

203 3399 254 3436 ut
279 3388 501 3448 Labbaeus
517 3426 530 3446 ‚
561 3401 746 3438 censent
763 3394 897 3449 verba
920 3430 933 3451 ,
965 3411 1067 3458 quae
1083 3393 1198 3442 ibid.

202 3471 415 3534 leguntur
443 3480 487 3518 et
521 3470 834 3520 difficultatem
873 3475 1082 3522 faciunt:
1113 3477 1203 3522 In-

196 3553 354 3617 fantes
381 3553 452 3598 sic
472 3562 787 3616 permaneant
809 3555 866 3599 in
892 3555 993 3618 ipso
1019 3555 1202 3620 baptis-

202 3650 296 3692 mo,
315 3651 410 3682 esse
430 3634 648 3698 glossema
666 3672 677 3694 ‚
703 3649 727 3681 e
748 3636 949 3697 margine
966 3637 1015 3682 in
1031 3645 1206 3686 textum

199 3724 373 3763 temere
387 3717 636 3766 intrusum.
658 3715 713 3763 At
733 3716 805 3763 hae
827 3725 932 3764 sunt
947 3730 1081 3764 merae
1096 3734 1207 3766 con-

1286 1764 1479 1828 jecturae
1500 1799 1514 1823 ‚
1541 1780 1643 1828 quae
1676 1765 1726 1810 in
1754 1762 1884 1811 nullo
1909 1762 2065 1811 codice
2096 1762 2300 1811 fundan-

1290 1854 1366 1892 tur
1385 1881 1398 1905 ‚
1433 1854 1477 1892 et
1509 1855 1722 1910 praeterea
1745 1863 1799 1894 ex
1831 1845 2010 1893 decreto
2039 1842 2186 1892 Siricii
2210 1878 2224 1907 ‚
2251 1846 2302 1892 in

1289 1944 1382 1992 quo
1414 1927 1573 1974 eadem
1605 1944 1723 1990 pene
1745 1924 1880 1974 verba
1914 1935 2195 1986 occurrunt,
2235 1943 2301 1975 rc·

1291 2008 1529 2056 felluntur.
1557 2006 1609 2055 3⁰
1638 2006 1724 2054 Alii
1750 2017 1941 2072 putant,
1960 2007 2058 2055 haec
2087 2023 2301 2071 responsa

1294 2107 1387 2137 non
1420 2107 1512 2137 esse
1531 2090 1636 2137 data
1665 2108 1689 2137 a
1716 2087 1949 2153 Stephano
1975 2088 2102 2153 Papa
2123 2125 2136 2147 ,
2168 2089 2244 2136 sed
2275 2106 2301 2136 a

1295 2170 1528 2236 Stephano
1543 2208 1555 2230 ‚
1573 2171 1798 2236 Episcopo
1820 2170 2195 2235 Tornacensi,qui
2211 2168 2298 2217 sub

1264 2251 1266 2253 ’
1294 2253 1437 2300 finem
1466 2269 1554 2300 sec.
1583 2266 1627 2300 lx
1657 2254 1841 2315 ssoruit3
1867 2262 1911 2300 at
1939 2252 2028 2299 hoc
2053 2253 2191 2300 etiam
2205 2253 2303 2298 sine

1295 2332 1597 2382 fundamento
1624 2341 1670 2381 e't
1685 2337 1782 2382 sine
1811 2333 2004 2382 testibus
2033 2334 2303 2381 adstruitur.

1294 2412 1350 2477 4⁰
1373 2413 1572 2471 Demum
1592 2412 1702 2472 Ant.
1723 2413 2064 2468 Jos.'Binterim
2078 2415 2140 2470 ¹in
2164 2430 2300 2479 opere

1292 2497 1553 2560 germanico
1570 2532 1582 2554 ,
1610 2498 1763 2559 cuitit.
1777 2496 1910 2543 fecit:
1931 2496 2192 2559 Praecipua
2210 2512 2304 2543 nio·

1292 2560 1755 2625 numenta'Ecclesiae
1771 2576 2300 2625 christiano-catholicae

1291 2674 1348 2706 ex
1367 2658 1555 2722 primo,
1594 2658 1747 2705 medio
1777 2666 1821 2705 et
1854 2660 2113 2706 novissimo
2157 2674 2256 2707 oevo
2284 2693 2300 2720 ‚

1291 2739 1500 2805 Mogunt.
1541 2736 1665 2787 1825
1685 2778 1697 2799 ‚
1745 2749 1966 2804 tanquam
1997 2741 2198 2803 spuriam
2230 2757 2304 2789 re-

1287 2823 1388 2888 Jicit
1429 2832 1568 2869 totam
1603 2822 1725 2869 hanc
1756 2823 2114 2886 responsionum
2163 2821 2303 2869 colle*-

1289 2905 1492 2951 ctionem
1521 2941 1534 2962 ‚
1566 2913 1703 2968 atque
1731 2921 1756 2951 a
1786 2903 2024 2950 monachis
2068 2903 2304 2951 contendit

1289 3001 1385 3033 esse
1417 2986 1665 3032 confictam
1687 3022 1700 3044 ‚
1731 2985 2038 3050 pluribusque
2066 3001 2304 3049 argumen-

1288 3069 1344 3114 tis
1363 3069 1623 3115 intrinsecis
1650 3077 1694 3114 et
1718 3068 1981 3114 extrinsecis
2010 3068 2061 3114 in
2096 3066 2301 3114 medium

1286 3149 1493 3196 adductis
1533 3149 1762 3196 adnititur
1805 3148 1853 3195 id
1918 3150 2125 3196 evincere
2144 3184 2157 3206 ‚
2200 3165 2302 3213 quae

1287 3230 1363 3277 hic
1385 3246 1620 3278 recensere
1645 3247 1741 3276 non
1767 3239 1891 3277 vacat
1913 3245 1926 3291 3
1945 3239 1990 3278 et
2015 3229 2249 3277 concludit
2283 3245 2298 3275 ε

1289 3311 1453 3376 Neque
1505 3308 1782 3376 Stephanus
1808 3345 1825 3372 ,
1887 3327 2042 3374 neque
2083 3308 2301 3357 Sir-icius

1288 3393 1523 3458 baptisma
1554 3395 1610 3440 in
1633 3395 1744 3440 vino
1771 3391 1844 3442 vel
1865 3394 1920 3439 in
1943 3394 2046 3456 ipso
2078 3399 2301 3439 extremm

1288 3476 1581 3522 necessitatis
1633 3490 1749 3523 casu
1799 3473 2145 3540 approbarunt.
2199 3470 2294 3518 cfr.

1284 3557 1408 3604 idem
1435 3566 1614 3616 auctor,
1636 3566 1751 3605 tom.
1779 3572 1812 3603 11
1833 3593 1846 3615 ‚
1867 3573 1915 3619 p.
1938 3571 1954 3601 1
1976 3552 2094 3617 ‚§2,
2113 3569 2218 3617 pag.
2243 3567 2300 3599 ιο

1288 3648 1333 3686 et
1363 3652 1493 3702 seqq.
2266 3630 2269 3632 ’
