2502 4186
738 251 857 292 cAr.
903 254 943 288 1.
992 253 1061 289 nn
1102 249 1353 290 munau
1395 247 1669 285 numism.
2230 227 2266 285 3

256 398 310 456 4.
357 396 457 455 His
510 395 704 475 itaque
749 392 971 451 omissis
1001 435 1020 463 ,
1078 409 1264 469 operae
1314 387 1567 469 pretium
1607 395 1695 443 est
1747 404 1912 462 agere
1957 384 2029 443 de
2065 397 2273 446 natura

173 495 342 571 hujus
358 490 735 563 sacramenti,
753 486 990 546 materia
1011 504 1224 563 nempe
1246 494 1306 541 et
1325 483 1533 556 forma,
1555 481 1740 562 deque
1759 479 1936 560 ipsius
1963 480 2231 539 ministro
2250 527 2266 556 ,

171 586 426 665 subjecto
449 630 465 659 ,
502 583 838 644 necessitate
865 589 924 637 et
957 576 1284 648 effectibuS‚
1321 596 1386 634 ea
1421 587 1621 634 tamen
1656 574 1779 653 lege
1803 620 1817 647 ,
1855 585 1956 648 ut,
2005 596 2132 655 quae
2169 586 2271 633 aut

172 682 365 740 minus
398 677 715 738 necessaria
742 684 914 747 sunt7
964 682 1064 730 aut
1092 670 1196 735 ‚vix
1237 670 1300 727 in
1342 669 1797 728 controversiam
1831 668 2077 728 veniunt
2098 713 2113 742 .,
2157 667 2274 728 levi

174 775 392 834 calamo
412 817 428 846 ,
474 783 662 830 cetera
680 814 696 843 ,
725 790 855 850 quae
885 787 1042 825 nunc
1065 765 1317 824 maxime
1346 764 1637 843 agitantur
1657 808 1673 835 ,
1714 763 1848 821 data
1874 783 2046 844 opera
2078 783 2275 844 prose-

172 889 438 950 quamur.
487 865 719 946 Aliquot
752 883 912 922 more
946 870 1142 919 nostro
1171 858 1259 916 his
1296 858 1630 936 adJiciemus
1663 857 1876 917 scholia
1918 857 1994 916 ad
2021 857 2278 917 nonnul-

171 962 362 1039 lorum
380 960 859 1042 illustrationem.

1055 1114 1295 1172 CAPUT
1339 1095 1408 1171 1.'

885 1273 952 1308 DE
998 1271 1247 1307 MATERIA
1291 1271 1562 1308 BAPTISMI.

254 1447 309 1507 5.
352 1441 578 1524 Duplex
609 1462 640 1499 a
678 1438 976 1518 Theologis
1020 1437 1393 1516 distinguitur
1427 1436 1702 1517 baptismi
1736 1438 1975 1497 materia
1997 1484 2013 1512 ,
2052 1453 2277 1501 remota

172 1552 231 1600 et
253 1541 557 1619 proxima.
593 1537 832 1594 Remota
872 1522 959 1592 est
987 1527 1134 1613 aqua
1158 1576 1173 1605 ,
1206 1531 1471 1611 proxima
1503 1529 1741 1590 ablutio.
1782 1534 1866 1590 De
1894 1544 2140 1614 utraque
2161 1536 2278 1616 'dis-

168 1619 498 1692 serendum.
518 1630 748 1689 Etenim
763 1627 1011 1686 dimissis
1037 1625 1290 1706 antiquis
1313 1624 1595 1684 haereticis
1612 1670 1627 1699 ,
1650 1647 1898 1706 quorum
1920 1627 2015 1685 alii
2037 1650 2277 1690 omnem

167 1728 410 1786 omnino
481 1724 788 1784 materiam
853 1727 1213 1800 reJecerunt,
1270 1731 1335 1778 ut
1389 1719 1709 1779 Seleuciani
1757 1733 1815 1780 et
1873 1724 2275 1804 Herminiani‚

167 1821 472 1881 Manichaei
523 1839 840 1900 eorumque
895 1815 1118 1875 soboles
1174 1813 1529 1889 Pauliciani‚
1584 1815 1680 1873 alii
1729 1837 1864 1875 vero
1915 1816 2276 1899 baptismum

166 1915 458 1997 sanguinis
487 1935 646 1996 aquae
687 1911 1024 1994 baptismati
1060 1909 1442 1982 suffecerunt,
1478 1921 1543 1969 ut
1568 1910 1854 1969 suffecisse
1883 1914 2280 1991 Flayellantes

166 2009 589 2092 perhibenturz,
644 2007 990 2067 recentiores
1034 2015 1344 2065 novatores
1381 2026 1503 2062 non
1543 2005 1745 2086 pauci,
1791 2006 1937 2065 duce
1977 2007 2229 2067 Luthero
2259 2056 2276 2084 ‚

168 2116 446 2179 censent,
491 2114 688 2186 aptam
742 2100 1019 2184 baptismi
1062 2099 1365 2158 materiam
1410 2120 1532 2158 esse
1577 2101 1883 2179 quidquid
1914 2104 2121 2169 balnei
2159 2106 2275 2163 Ioco

170 2219 282 2255 esse
302 2209 488 2277 potest
500 2198 608 2278 (1).
637 2197 925 2256 Sociniani
944 2206 1139 2253 autem
1165 2192 1374 2274 aliique
1401 2216 1534 2252 cum
1556 2195 1694 2276 ipsis
1711 2218 1832 2254 non
1863 2196 2273 2280 aliamaquam

170 2290 245 2348 ad
281 2290 638 2373 baptismum
683 2290 1003 2348 admittunt
1027 2289 1141 2346 nisi
1162 2288 1619 2369 metaphoricam
1647 2289 1754 2373 (2)

238 2495 300 2558 (1)
321 2494 374 2542 ln
394 2492 651 2557 Colloquiis
661 2492 1121 2557 syrnposiaci3‚cap.1
1135 2507 1180 2555 7,

168 2577 291 2642 apud
325 2575 543 2624 Bellarm.
570 2572 657 2623 lib.
683 2573 763 2620 De
789 2574 939 2639 Bapt.
972 2589 1073 2636 cap.
1108 2589 1136 2619 2.
1164 2608 1177 2631 ‚

169 2660 309 2724 quiet
328 2658 523 2705 aliorum
549 2673 720 2705 errores
749 2663 968 2703 recenset.
991 2653 1180 2701 Incaute

169 2749 328 2788 tamen
355 2750 537 2788 secutus
563 2749 630 2787 est
649 2737 932 2786 Bernardum
962 2735 1175 2784 Lutzcm-

172 2821 445 2885 burgensem
467 2859 480 2880 ‚
504 2829 776 2869 asserentem
797 2855 809 2878 ‚
836 2817 1063 2866 Jacobitas
1079 2834 1177 2865 non

169 2902 398 2966 baptizare
421 2905 470 2950 in
500 2921 619 2969 aqua
635 2940 648 2962 ‚
685 2901 764 2950 sed
794 2903 843 2948 in
867 2902 991 2965 igne.
1013 2898 1096 2948 Ast
1118 2899 1176 2948 de

172 2981 264 3040 hoc
282 2992 452 3047 postea.

242 3063 314 3126 (2)
347 3063 576 3112 Sociniani
608 3064 736 3111 hunc
776 3080 975 3113 errorem
1004 3061 1192 3110 hause—⁴

172 3150 286 3191 runt
308 3161 360 3191 ex
391 3142 582 3192 Calvino
601 3181 614 3204 ,
639 3147 718 3210 qui
745 3147 914 3209 passim
947 3145 1171 3203 inculcat,

172 3243 338 3292 aquam
368 3228 416 3272 in
442 3224 685 3288 Scripturis
703 3264 716 3287 ,
736 3244 843 3274 cum
868 3243 1015 3274 sermo
1034 3241 1099 3274 est
1118 3227 1176 3274 de

171 3290 398 3372 baptismo
422 3344 435 3367 ‚
466 3325 561 3355 non
579 3310 802 3373 proprie,
829 3309 909 3358 sed
936 3300 1176 3374 metapho-

171 3389 268 3437 rice
280 3390 589 3453 accipiendam
614 3406 726 3437 esse.
747 3389 837 3438 Sed
859 3391 1049 3440 ulterius
1068 3409 1175 3456 pro-

172 3474 310 3535 gressi
327 3471 561 3520 Sociniani
584 3508 597 3530 ,
616 3470 894 3534 baptismum
911 3475 1062 3538 ipsum
1077 3491 1177 3522 me-

174 3553 408 3616 taphorice
450 3551 770 3618 explicandum
812 3570 906 3601 esse
928 3572 949 3612 ,’
983 3565 1178 3603 conten-

176 3635 307 3682 dunt.
325 3635 417 3684 Hos
443 3637 583 3682 secuti
602 3645 707 3682 sunt
722 3633 1022 3683 Methodistae.
1043 3636 1179 3685 Hunc

1268 2490 1434 2538 lelmus
1458 2490 1561 2540 Dell
1592 2503 1636 2540 et
1664 2493 1879 2558 Bcnjam.
1912 2495 2077 2544 Holme
2100 2515 2113 2558 ;
2147 2500 2272 2562 prior

1266 2575 1316 2620 in
1336 2591 1409 2637 op.
1443 2577 1516 2621 cui
1550 2577 1622 2624 tit.
1670 2573 1895 2623 Doctrina
1930 2578 2273 2642 baptismatum

1263 2654 1322 2702 ab
1353 2657 1567 2719 antiquis
1594 2665 1640 2703 et
1657 2659 1922 2715 recentibus
1955 2662 2279 2726 corruptioni-

1261 2736 1348 2784 bus
1362 2746 1647 2803 empuryatm
1663 2743 1885 2803 posterior
1899 2742 1947 2788 in
1964 2759 2124 2805 opusc.
2143 2743 2271 2809 quod

1260 2821 1527 2867 inscribitur
1553 2818 1820 2869 :Inm'tatio
1850 2824 1976 2870 seria
2000 2822 2071 2869 ad
2090 2841 2270 2887 omnes,

1259 2917 1324 2948 an
1351 2898 1598 2967 Spiritum
1632 2902 1818 2950 Christi
1832 2905 1890 2950 in
1908 2904 2082 2969 seipsis
2100 2922 2274 2969 aynae-

1258 2991 1388 3031 cant.
1418 2982 1611 3048 Quakeri
1639 2971 1807 3048 pariter
1820 2985 1998 3033 nullam
2019 2998 2273 3050 agnoscunt

1258 3081 1388 3129 aquae
1420 3065 1667 3112 materialis
1706 3069 2019 3115 necessitatem
2045 3070 2094 3114 in
2129 3068 2271 3117 colla-

1258 3148 1383 3195 tione
1425 3146 1674 3211 baptismi,
1718 3150 1811 3195 imo
1864 3166 2050 3196 omnem
2087 3167 2271 3213 prorsus

1259 3226 1486 3292 abjiciunt
1537 3233 1806 3278 exteriorem
1865 3233 2023 3278 ritum.
2088 3230 2272 3281 Etenim

1258 3308 1484 3357 Robertus
1533 3310 1766 3377 Barclajus
1790 3347 1806 3371 ,
1862 3311 2129 3375 Theoloqioe
2164 3330 2271 3360 vere

1255 3390 1532 3439 christiana?
1560 3392 1808 3458 apoloqia,
1845 3394 1954 3443 edit.
1983 3411 2077 3442 sec.
2114 3393 2268 3445 Lond.

1267 3490 1283 3519 1
1296 3466 1394 3540 729
1413 3511 1426 3532 ,
1444 3492 1550 3539 pag.
1578 3473 1668 3538 341
1704 3493 1716 3523 :
1738 3475 1878 3524 Sicut
1895 3491 2024 3526 unus
2042 3513 2055 3536 ‚
2078 3479 2235 3540 inquit
2253 3513 2267 3537 ‚

1260 3564 1330 3603 est
1361 3556 1499 3603 Deus
1514 3591 1530 3616 ,
1566 3565 1612 3604 et
1636 3575 1737 3606 una
1758 3558 1878 3622 fides
1893 3595 1908 3620 ,
1941 3563 2012 3610 ita
2036 3570 2081 3609 et
2113 3578 2270 3609 unum

1259 3637 1496 3703 baptisma
1515 3661 1535 3700 ‚s
1563 3656 1663 3687 non
1697 3657 1787 3705 quo
1814 3645 1978 3690 carnis
2002 3643 2160 3692 sordes
2190 3643 2272 3692 ab·

176 3732 373 3764 errorem
419 3727 759 3782 propugnarunt
787 3719 834 3764 in
866 3715 1027 3781 Anglia
1057 3717 1178 3767 Wil-
1245 3722 1533 3784 ficiuntur,
1577 3722 1659 3770 sed
1705 3723 1952 3789 stipatlatio
1981 3724 2118 3775 bonoe
2156 3742 2270 3775 con-

1939 3804 1989 3863 1.
