2502 4186
699 242 816 280 cAr.
859 243 925 279 11.
969 241 1038 286 ΒΕ
1079 241 1334 285 aunem
1375 239 1581 279 romu.
2110 220 2182 279 19

181 381 278 439 47.
326 377 414 438 Ad
440 378 542 452 4¹1¹,
580 378 725 460 Ney.
766 380 995 439 Etenim
1023 380 1078 436 S.
1118 378 1488 454 Ambrosius,
1537 398 1638 437 seu
1673 387 1869 435 auctor
1901 375 2184 439 librorum

104 476 194 535 De
233 475 669 545 Sacramentz'3‚
700 483 873 554 prout
917 470 1228 528 observant
1268 472 1515 529 Maurini
1553 471 1799 530 editores
1821 515 1836 545 ‚
1886 483 2187 532 enumerat

103 567 574 645 interrogationes
604 565 1032 643 mersionesque
1057 606 1074 638 ,
1097 583 1219 619 non
1244 584 1358 642 quo
1392 564 1628 635 ordine,
1662 563 1764 622 sed
1808 586 1919 645 qua
1952 577 2181 639 mente,

101 682 348 742 quamve
390 660 465 717 ad
494 680 618 716 rem
653 656 1038 715 exhibendam
1076 657 1301 714 fierent.
1330 657 1841 716 Praemittebantur
1866 660 2021 717 enim
2045 659 2186 719 olim

101 752 575 830 interrogationes
602 795 618 822 ‚
678 751 862 830 iisque
912 748 1181 808 absolutis
1231 749 1653 809 inchoabantur
1694 753 2009 812 mersiones
2053 774 2186 815 cum

98 848 355 926 apposita
384 844 567 902 forma
593 888 609 917 7
641 855 707 902 ut
728 855 890 925 patet
913 854 1038 902 tum
1075 863 1147 901 ex
1179 835 1447 901 omnibus
1471 843 1748 924 liturgicis
1776 844 1937 904 libris
1963 858 2090 906 tum
2115 869 2187 908 ex

97 937 300 999 eodem
323 938 445 1018 ipso
477 948 707 997 auctore
741 938 837 1018 qui
875 934 1042 993 nobis
1066 937 1402 1016 opponitur.
1436 940 1543 997 Hic
1574 940 1761 1013 enim,
1786 938 1928 998 ibid.
1965 940 2068 999 lib.
2101 946 2186 1018 ΙΙ,

94 1054 220 1114 cap.
254 1034 299 1090 V
323 1077 339 1105 ‚
373 1054 432 1089 n.
469 1031 574 1107 14,
604 1034 725 1110 jam
740 1029 970 1087 dixerat
1001 1054 1016 1087 :
1062 1031 1324 1100 Caelestia
1349 1034 1562 1103 verba,
1589 1055 1722 1111 quoe
1752 1035 1978 1094 Christi
2002 1047 2148 1094 sunt
2171 1081 2190 1110 ‚

97 1129 257 1207 quod
294 1129 660 1205 baptizemus
705 1128 772 1180 in
819 1129 1059 1180 nomine
1110 1125 1321 1183 Patris
1360 1136 1414 1183 et
1460 1128 1616 1185 Filii
1670 1138 1725 1184 et
1758 1130 2027 1206 Spiritus
2077 1132 2137 1189 S.
2161 1154 2190 1203 ,-

99 1232 159 1281 et
187 1243 310 1303 cap.
348 1224 482 1295 VII,
523 1241 582 1277 n.
616 1218 697 1275 22
730 1239 744 1275 ε
778 1218 858 1277 In
891 1239 1009 1276 uno
1039 1229 1236 1278 autem
1266 1226 1506 1279 nomine
1539 1223 1845 1301 baptizari
1875 1245 1979 1282 nos
1994 1229 2194 1302 jussit

99 1316 440 1395 (Christus),
465 1314 566 1370 lwe
586 1323 668 1370 est
679 1354 702 1383 ,
726 1316 795 1370 in
823 1315 1066 1371 nomine
1088 1314 1298 1372 Patris
1330 1325 1384 1372 et
1407 1316 1594 1387 Filii,
1620 1327 1674 1373 et
1696 1318 1963 1394 Spiritus
1985 1320 2044 1377 S.
2070 1320 2183 1400 (l).

183 1407 539 1470 48.·Eadem
582 1408 877 1488 responsio
910 1409 1096 1489 aptari
1144 1407 1318 1467 debet
1367 1408 1442 1467 ad
1479 1409 1575 1481 id,
1615 1410 1772 1490 quod
1809 1410 2074 1488 objicitur
2116 1435 2191 1473 ex

101 1503 324 1565 silentio
346 1503 523 1560 Libri
552 1503 864 1561 Gelasiani
878 1545 899 1573 ,
930 1523 1063 1560 cum
1090 1501 1292 1561 eadem
1319 1493 1393 1560 sit
1422 1502 1568 1560 ratio
1593 1527 1609 1575 ς
1646 1523 1712 1560 eo
1740 1507 1919 1582 magis
1948 1507 2106 1585 quod
2125 1508 2190 1565 in

99 1597 303 1656 eodem
323 1597 779 1655 Sacramentario
804 1595 1107 1655 Gelasiano
1132 1639 1148 1669 ,
1183 1599 1351 1674 juxta
1376 1596 1598 1654 codices
1621 1597 1843 1675 regium
1879 1608 1938 1656 et
1977 1600 2195 1659 Novio-

98 1713 357 1752 mensem
371 1735 386 1764 ,
410 1691 529 1750 haec
542 1694 862 1773 reperiatur
877 1691 1060 1749 forma
1075 1713 1182 1771 pro
1203 1691 1492 1771 Baptismo
1508 1691 1876 1750 infirmorum
1899 1714 1912 1749 :
1939 1695 2192 1773 Baptizo

98 1798 151 1845 te
173 1792 246 1845 in
282 1794 520 1845 nomine
562 1788 773 1846 Patris
810 1798 863 1843 et
900 1787 1058 1844 Filii
1105 1796 1160 1843 et
1194 1788 1462 1864 Spiritus
1512 1787 1575 1843 S.
1625 1797 1699 1844 ut
1734 1788 1951 1846 habeas
1999 1782 2190 1848 vitdm

98 1892 380 1941 oeternam
409 1882 520 1959 (2)

183 1975 280 2034 49.
323 1976 511 2056 Atque
545 1973 640 2032 hic
678 1971 867 2032 obiter
902 1972 1489 2036 animadvertendum
1528 1983 1651 2048 est,
1699 1973 1982 2051 ejusmodi
2023 1975 2193 2035 addi-

100 2071 287 2129 tiones
332 2092 346 2128 :
397 2081 467 2128 ut
514 2069 730 2127 habeas
770 2073 958 2126 vitam
1007 2078 1327 2139 cateruam,
1375 2066 1504 2139 vel,
1555 2078 1622 2125 ut
1667 2068 1892 2126 addunt
1936 2070 2119 2130 Graeci
2174 2092 2190 2126 ε

107 2164 472 2241 Baptizatur
490 2184 691 2222 servus
706 2164 825 2222 Dei
849 2165 918 2220 in
935 2166 1174 2220 nomine
1198 2165 1427 2232 Patris,
1455 2182 1668 2234 amen,
1691 2173 1744 2219 et
1766 2164 1947 2234 Filii,
1978 2184 2155 2222 amen
2173 2207 2191 2238 ,

102 2267 159 2314 et
185 2259 453 2335 Spiritus
476 2258 538 2314 S.
568 2276 772 2315 amen.
814 2256 1003 2314 Nunc
1030 2266 1086 2314 et
1129 2276 1358 2334 semper
1386 2266 1444 2313 et
1474 2259 1545 2314 in
1584 2257 1781 2315 secula
1820 2259 2194 2329 seculorum,

101 2372 278 2410 amen
295 2393 317 2422 ,
353 2372 473 2408 non
509 2350 789 2428 attingere
824 2347 1210 2409 substantiam
1229 2339 1253 2423 ‚‘
1290 2348 1534 2429 ideoque
1574 2371 1696 2408 non
1735 2350 1960 2410 officere
1992 2353 2194 2410 Sacra-

104 2445 289 2504 menti
328 2444 528 2506 valori.

108 2637 252 2684 forma
268 2635 490 2684 recedere.
520 2632 653 2698 Quod
671 2635 707 2681 si
724 2634 771 2681 id
799 2634 882 2682 fiat
905 2670 918 2693 ‚
951 2634 1111 2682 saltem

106 2716 196 2770 sub
229 2717 491 2768 conditione
522 2716 754 2780 Baptisma
788 2725 908 2763 esset
945 2718 1111 2763 iteran-

1189 2632 1394 2680 brosium
1425 2632 1604 2680 nullam
1632 2631 1852 2696 Baptismi
1881 2635 2079 2683 formam
2111 2654 2195 2686 ne-

1191 2715 1431 2761 cessariam
1461 2715 1540 2761 cit.
1565 2714 1651 2761 loc.
1677 2716 1931 2778 agnovisse.
1950 2715 2054 2764 Hoc
2070 2719 2196 2766 enim

18 2831 32 2843 .
109 2798 242 2850 dum.
275 2798 328 2845 ln
350 2799 422 2846 his
459 2800 580 2846 enim
602 2834 616 2857 ,
656 2814 708 2844 ex
737 2796 906 2860 quibus
946 2797 1113 2860 pendet

113 2887 283 2931 aeterna
313 2879 432 2933 salus
450 2916 464 2939 ‚
495 2881 637 2930 tutior
661 2879 851 2927 omnino
872 2880 941 2926 via
970 2880 1112 2926 teneri

116 2957 268 3009 debet.

185 3037 250 3101 (l)
284 3036 384 3100 cfr.
424 3041 475 3086 in
514 3039 746 3106 objectum
784 3039 938 3086 locum
970 3052 1114 3087 anno-

117 3121 226 3167 tatio
253 3112 384 3167 editt.
415 3119 566 3170 Maur.
594 3122 838 3186 Perperam
867 3119 1080 3199 Clffirdon
1097 3156 1111 3179 ‚

117 3200 340 3248 Histoire
357 3199 436 3249 des
449 3201 739 3250 Sacrements
756 3237 772 3262 ,
804 3202 885 3249 liv.
920 3215 938 3249 1
954 3237 968 3262 ,
998 3211 1111 3250 sect.

1191 2794 1379 2858 perinde
1406 2803 1474 2842 est
1507 2811 1559 2841 ac
1583 2795 1698 2842 velle
1727 2797 1775 2842 in
1810 2798 2062 2845 meridiana
2091 2798 2195 2847 luce

1192 2879 1413 2923 caecutire.
1461 2875 1610 2941 Atque
1640 2875 1716 2924 hic
1749 2878 1940 2942 quidem
1986 2878 2194 2927 animad-

1193 2966 1317 3005 verto
1334 2992 1346 3015 ,
1374 2957 1502 3005 hune
1522 2966 1754 3006 auctorem
1784 2959 2018 3008 eruditum
2045 2976 2092 3007 se
2122 2976 2195 3008 ex-

1192 3037 1350 3086 hibere
1369 3075 1382 3098 ,
1421 3039 1500 3087 sed
1529 3040 1759 3087 interdum
1802 3041 1936 3088 etiam
1969 3043 2108 3088 nimis
2138 3040 2198 3087 li-

1192 3120 1355 3168 berum
1387 3138 1482 3170 csse
1509 3132 1554 3170 et
1581 3125 1802 3171 novitates
1844 3134 2164 3189 aucupantem.

1263 3200 1330 3265 (2)
1367 3201 1464 3256 Cfr.
1496 3204 1620 3268 apud
1647 3203 1843 3254 Marten.
1871 3205 1963 3256 loc.
2000 3207 2078 3254 cit.
2109 3214 2196 3254 art.

119 3296 138 3327 1
160 3316 176 3340 ,
214 3290 318 3345 part
359 3298 392 3328 n
414 3318 427 3340 ‚
480 3281 556 3329 ch.
596 3297 657 3342 v,
695 3282 927 3333 contendit
960 3282 1118 3330 adver·
1197 3296 1310 3332 xvm
1331 3319 1346 3344 ,
1382 3282 1516 3331 Ordo
1550 3302 1598 3333 v.

118 3375 196 3415 sus
231 3361 439 3413 laudatos
484 3362 680 3413 editores
701 3398 718 3427 ‚
760 3366 906 3429 reipsa
937 3361 988 3412 S.
1006 3362 1116 3411 Am-
