2502 4186
270 191 387 268 356
880 221 1196 283 ‘raac'rssus
1235 220 1308 255 zon
1351 218 1751 269 nucnamsrm.

340 371 488 432 ³404.
533 366 988 430 De'fervescente
1009 363 1344 448 pri-moi110‚
1363 383 1480 446 quo
1512 356 1911 425 Protestantes
1928 368 2272 446 aestuabant,
2296 372 2390 429 fu-

265 451 715 530 rore'adversus
755 461 1071 522 Ecclesiam
1100 457 1462 520 catholicam
1506 480 1539 518 a
1584 457 1816 541 probris
1860 470 1920 519 et
1960 464 2390 525 contumeliosis

271 559 578 633 conviciis,
615 555 826 640 quibus
861 557 1052 616 Missae
1083 554 1440 616 ceremonias
1480 554 1922 614 insectabantur
1941 600 1957 630 ,
1984 570 2345 619 recesserunt
2372 606 2389 635 ,

256 659 387 717 'imo
421 653 726 715 interdum
758 652 936 712 etiam
969 672 1065 712 eas
1101 649 1632 725 commendarunt,
1667 660 1726 709 et
1762 672 1885 710 non
1914 672 2125 733 paucas
2155 653 2219 711 in
2257 676 2391 714 usus

267 751 539 835 proprios
562 749 941 810 adsciverunt
963 747 1073 828 (l).
1093 747 1287 820 Quare
1316 743 1437 803 haec
1468 741 1864 807 controversia
1888 766 2022 805 cum
2050 746 2190 828 ipsis
2214 747 2395 808 finem

267 847 390 908 fere
417 844 691 905 habuisse
714 842 960 904 dicenda
977 851 1084 902 est.
1105 842 1396 901 Verumin
1410 840 1595 900 aciem
1621 840 1970 921 prodierunt
1992 841 2392 920 pistorienses,

262 944 365 1026 qui
385 940 640 1021 vestigiis
668 938 1138 1000 Jansenistarum
1161 937 1494 997 insistentes
1522 934 1831 1016 plerosque
1854 935 2023 1006 ritus,
2061 937 2246 1019 quiin
2278 959 2388 997 usu

267 1048 406 1099 sunt
435 1037 500 1096 in
533 1034 782 1112 Ecclesia
829 1032 1109 1094 catholica
1133 1078 1149 1107 ,
1191 1033 1341 1092 circa
1377 1030 1696 1110 Litu-rgiam
1731 1051 1968 1113 carpere
2011 1052 2078 1091 ac
2113 1032 2396 1093 damnare

266 1132 441 1198 veriti
467 1153 591 1190 non
617 1140 773 1189 sunt.
805 1128 1097 1189 Adversus
1136 1127 1243 1188 has
1280 1127 1573 1189 novitates
1603 1124 1867 1185 Ecclesiae
1904 1125 2185 1187 vindicias
2213 1129 2394 1188 susci-

268 1249 411 1312 pere
439 1225 717 1307 cogimur.
1395 1309 1397 1311 .
1845 1228 1847 1230 ’

325 1348 327 1351 ·
351 1322 493 1382 405.
532 1322 771 1397 Verum,
797 1333 1117 1403 antequam
1141 1320 1204 1380 id
1225 1319 1632 1400 aggrediamur
1651 1365 1669 1397 ‚
1697 1319 2106 1403 praemittimus
2133 1346 2151 1379 .·
2198 1321 2258 1379 1⁰
2277 1322 2394 1381 Nos

268 1417 365 1478 hic
393 1438 516 1478 non
551 1438 720 1498 agere
755 1416 828 1476 de
871 1416 1212 1477 ceremoniis
1255 1415 1591 1499 singillatim
1623 1417 1873 1498 sumptis
1894 1461 1910 1489 a
1956 1437 2090 1476 cum
2132 1415 2243 1475 hoc
2275 1426 2400 1476 non

269 1514 420 1574 ferat
449 1534 656 1595 scopus
691 1522 924 1590 noster3
950 1513 1018 1570 20
1053 1533 1388 1572 sermonem
1422 1533 1531 1571 nos
1568 1511 1879 1571 instituere
1906 1511 1980 1571 de
2013 1512 2356 1571 ceremoniis
2378 1557 2394 1587 ,

272 1631 403 1692 quae
425 1609 723 1669 communi
751 1630 860 1667 usu
888 1608 952 1666 in
980 1609 1255 1670 universa
1277 1607 1525 1667 Ecclesia
1551 1609 1816 1667 Romana
1838 1619 2091 1690 receptae
2115 1619 2253 1667 sunt
2270 1608 2359 1690 (2)
2378 1652 2394 1682 a

272 1705 550 1767 adversus
594 1726 772 1787 quam
810 1704 1257 1763 insurrexerunt
1289 1714 1416 1761 tum
1455 1714 1769 1763 novatores
1792 1728 1794 1733 ·
1819 1714 1952 1762 tum
1997 1704 2395 1764 pistorienses·

268 1799 340 1860 Id
365 1811 563 1860 autem
595 1797 1005 1882 praestabimus
1037 1800 1199 1880 prius
1229 1807 1576 1878 argumento
1604 1796 1859 1879 generali
1891 1797 2170 1858 adversus
2202 1801 2400 1861 Nova-

271 1905 427 1956 tores
446 1942 462 1970 ‚
503 1893 716 1954 deinde
738 1892 1125 1976 peculiaribus
1154 1892 1482 1952 rationibus
1522 1891 1800 1953 adversus
1823 1892 2228 1954 pistorienses,

353 1991 491 2050 406.
538 1990 643 2048 His
666 1989 865 2071 positis
883 2033 900 2063 .,
927 1989 1007 2047 sic
1031 1998 1308 2048 assertam
1338 1988 1801 2069 propositionem
1831 1984 2214 2048 ostendimus,
2242 1989 2401 2048 Nihil

259 2097 361 2148 ‘est
392 2087 454 2145 in
483 2086 672 2145 Missae
706 2084 1046 2144 ceremoniis
1069 2129 1085 2158 a
1128 2082 1341 2165 quibus
1383 2083 1572 2141 utitur
1615 2083 1863 2143 Ecclesia
1902 2083 2181 2143 catholica
2194 2128 2218 2157 ,
2243 2084 2402 2167 quod

269 2204 394 2242 non
421 2181 497 2240 sit
518 2190 786 2240 sanctum
811 2189 872 2238 et
900 2178 1067 2260 pium
1093 2223 1109 2254 ‚
1140 2179 1188 2237 si
1229 2178 1574 2238 ceremoniae
1602 2178 1730 2238 istae
1758 2200 1831 2239 ex
1867 2179 2179 2261 apostolica
2205 2180 2399 2240 tradi-

268 2280 431 2337 tione
455 2287 514 2336 et
538 2274 841 2357 disciplina
875 2272 1263 2347 descendant,
1305 2274 1354 2332 si
1383 2284 1668 2356 praeterea
1702 2274 1770 2333 iis
1808 2279 2081 2353 majestas
2115 2277 2267 2335 tanti
2294 2279 2400 2337 Sa-

270 2360 466 2444 crificii
498 2368 976 2446 commendetur,
1028 2370 1076 2428 si
1109 2369 1364 2451 denique
1398 2391 1505 2452 per
1553 2370 1710 2451 ipsas
1757 2370 2018 2431 fidelium
2061 2383 2291 2432 mentes
2325 2372 2400 2431 ad

259 2489 471 2528 *rerum
505 2465 921 2525 altissimarum
946 2510 962 2539 .,
993 2485 1121 2546 quae
1158 2465 1223 2522 in
1266 2464 1378 2524 hoc
1423 2464 1710 2524 Sacrificio
1746 2464 1938 2526 latent
1959 2512 1978 2541 a
2031 2466 2400 2549 contempla-

266 2565 493 2640 tionem
517 2561 867 2621 excitentur.
904 2561 1084 2619 Porro
1119 2560 1232 2619 tria
1269 2559 1392 2619 haec
1431 2561 1811 2643 reperiuntur
1845 2563 1910 2620 in
1947 2563 2293 2623 ceremoniis
2341 2574 2401 2622 et

272 2657 483 2718 ritibus
505 2702 521 2733 ,
557 2677 702 2738 quos
742 2654 987 2714 Ecclesia
1016 2654 1297 2714 catholica
1320 2654 1565 2715 adhibet
1585 2656 1648 2714 in
1683 2655 2073 2716 celebratione
2104 2658 2396 2716 Sacrificii.

351 2753 491 2813 407.
539 2753 618 2811 Ac
645 2750 837 2833 primo
866 2751 1105 2832 quidem
1138 2751 1494 2811 ceremonias
1518 2796 1534 2826 ,
1564 2772 1708 2833 quas
1738 2750 1988 2812 adhibet
2027 2742 2272 2812 Ecclesia
2303 2774 2401 2813 ca-

339 2918 400 2982 (l)
426 2917 533 2967 Jam
554 2915 665 2965 alibi
682 2919 948 2982 scripsimus
966 2954 980 2977 ‚
1009 2916 1182 2981 Regem
1201 2917 1293 2966 Bo·
1322 2901 1328 2908 .

251 3003 423 3050 *russiae
446 3001 623 3048 nonita
648 2999 830 3064 pridem
856 3016 1029 3047 novam
1052 2999 1292 3064 liturgiam

265 3099 350 3132 seu
392 3079 652 3147 Aqemlam
693 3083 786 3129 suis
827 3080 1097 3130 servandam
1124 3097 1291 3146 propo·-

271 3165 452 3226 suisse;
479 3165 530 3212 in
554 3162 648 3212 'hac
674 3179 783 3212 vero
799 3179 919 3212 nova
935 3162 1120 3228 liturgia
1133 3162 1289 3228 plures

265 3246 382 3294 ritus
399 3243 620 3293 Ecclesiae
650 3244 886 3292 catholicae
920 3245 1116 3293 adscivit
1136 3260 1289 3293 novus

269 3326 351 3374 hio
378 3314 616 3390 Pontifex
630 3362 644 3385 ‚
663 3335 715 3374 ut
731 3343 790 3374 >ex
812 3326 1095 3376 admixtione
1114 3328 1290 3376 rituum

267 3407 604 3457 catholicorum
629 3417 674 3456 et
713 3412 1067 3473 protestantium
1095 3410 1291 3458 incautis

265 3490 486 3538 illuderet
501 3508 513 3549 3
541 3499 587 3538 at
601 3506 710 3538 eum
727 3506 828 3555 spes
844 3489 1008 3539 fefellit
1023 3508 1125 3539 sua.
1148 3490 1292 3557 Weg-

263 3569 543 3637 scheider,§
571 3569 684 3638 176,
715 3571 874 3620 scribit
909 3588 924 3619 ε
954 3570 1103 3621 Ritus
1131 3582 1291 3621 autem

263 3651 403 3712 illos,
450 3654 538 3718 qui
569 3655 686 3701 usui
727 3669 878 3703 sacrae
929 3669 1081 3702 coenoe
1113 3657 1290 3703 sensim

256 3733 446 3799 affecti
481 3743 647 3796 erant,
689 3752 934 3785 sacrorum
967 3737 1293 3786 emendatores

1368 2918 1556 2982 partim
1588 2917 1913 2983 abrogarunt,
1935 2921 2124 2984 partim
2147 2927 2400 2967 servarunt

1374 2997 1450 3046 vel
1460 3000 1874 3049 immutarunt.De
1885 2999 1960 3049 his
1973 3001 2137 3049 ritibus
2151 3019 2209 3051 ex
2220 3001 2399 3051 Protes-

1374 3080 1580 3129 tantibus
1609 3083 1900 3131 rationalistis
1917 3086 2199 3149 scripserunt
2224 3083 2396 3132 Planck

1374 3182 1419 3224 v,
1441 3180 1496 3224 u,
1515 3179 1584 3222 v1‚
1605 3182 1705 3231 pag.
1723 3163 1824 3229 416
1846 3176 1890 3215 et
1903 3184 2033 3233 seqq.
2056 3177 2100 3215 et
2115 3166 2276 3216 Henke
2293 3203 2306 3228 ,
2324 3182 2394 3227 111,

1373 3264 1477 3312 pag.
1509 3244 1609 3294 326
1634 3257 1679 3296 et
1702 3263 1835 3314 seqq.
1868 3258 1914 3296 et
1943 3245 2035 3311 341
2056 3258 2103 3297 et
2127 3265 2257 3315 seqq.

1443 3327 1506 3392 (Ξ)
1540 3328 1609 3378 De
1636 3330 1726 3378 hac
1752 3333 1935 3378 rituum
1971 3324 2262 3391 diversitate,
2293 3346 2395 3396 quae

1375 3409 1490 3458 olim
1515 3413 1662 3476 viguit
1701 3414 1751 3460 in
1796 3411 2153 3478 particularibus
2194 3411 2397 3461 ecclesiis

1375 3502 1455 3541 aut
1470 3493 1784 3558 religiosorum
1802 3494 2017 3555 coetibus,
2036 3493 2247 3543 etadhuc
2261 3495 2399 3557 viget,

1377 3575 1537 3641 aliqua
1554 3576 1714 3624 saltem
1734 3595 1788 3625 ex
1808 3587 1961 3642 parte,
1980 3577 2067 3625 cfr.
2083 3575 2225 3624 Card.
2245 3574 2394 3634 Bona,

1377 3655 1557 3706 Rerum
1584 3656 1804 3723 liciorqic.
1828 3659 1912 3709 lib.
1935 3677 1950 3707 1
1970 3693 1986 3724 ,
2007 3644 2143 3723 capp.
2168 3654 2201 3704 6
2226 3667 2270 3706 et
2307 3673 2357 3723 7.
