2502 4186
262 215 376 288 176
826 247 828 249 ·
869 235 1191 274 'taxe-runs
1231 235 1299 271 mi
1347 234 1742 276 uucmmsru.

263 381 554 468 passibile.
581 379 641 438 Si
655 377 918 456 ejusdem
943 388 1171 436 naturae
1187 388 1275 436 est
1299 378 1522 458 Corpus
1545 378 1759 437 Christi
1784 379 2117 462 gloriosum,
2132 406 2195 445 ac
2211 385 2387 446 fuerit

260 491 402 540 ante.
431 473 761 557 passionem
780 517 798 547 ‚
819 477 946 550 jam
970 472 1234 554 sequitur
1254 518 1270 546 ,
1300 485 1359 533 et
1389 494 1512 533 esse
1549 495 1759 555 corpus
1796 485 2102 551 terrestre,
2141 491 2199 539 et
2234 483 2384 540 San-

264 575 500 655 guinem
528 569 859 627 animalem
895 566 1136 627 habere.
1179 569 1349 642 Quod
1381 580 1580 628 autem
1616 590 1825 650 corpus
1865 570 2178 650 gloriosum
2213 599 2384 638 voce-

258 681 355 727 tur
392 688 425 725 a
453 663 631 723 Paulo
669 664 977 742 spiritale,
1018 663 1042 721 1
1074 663 1204 722 Cor.
1248 666 1382 740 XV,
1425 664 1539 739 44,
1587 665 1813 725 ratione
1845 666 2061 728 diversi
2085 680 2269 729 status
2303 673 2386 731 ita

258 760 407 821 illud
447 759 735 819 nominat.

341 855 442 916 59.
491 854 824 925 Ridiculum
853 875 1028 936 porro
1069 876 1129 916 se
1159 854 1398 916 exhibet
1434 856 1846 936 Wegscheider
1868 904 1884 934 ,
1929 858 2074 919 dum
2116 861 2193 921 ad
2223 861 2387 922 scho-

257 952 596 1013 lasticorum
618 951 842 1010 somnia
868 949 1564 1012 amandatsscommentum
1595 951 1669 1012 de
1692 958 1912 1014 unione
1931 961 2385 1033 sacramentali}

259 1070 393 1108 cum
431 1047 579 1106 illud
619 1046 882 1104 omnium
921 1046 1142 1124 primus
1180 1049 1595 1128 excogitaverit
1633 1049 1811 1129 ipsius
1849 1071 2059 1131 parens
2096 1052 2386 1113 Lutherus

259 1144 323 1202 in
347 1165 450 1203 suo
481 1142 752 1222 dogmate
785 1140 859 1200 de
893 1144 1329 1223 impanatione.
1364 1145 1400 1216 J
1405 1166 1470 1202 us
1494 1165 1666 1224 porro
1704 1144 1944 1219 clamat,
1969 1168 2150 1229 suum
2172 1153 2389 1228 cuique

261 1262 374 1300 esse
404 1238 821 1298 tribuendum.
852 1239 968 1297 Nos
999 1239 1052 1298 ei
1080 1249 1201 1298 tam
1226 1238 1567 1320 praeclaram
1601 1239 1849 1320 gloriam
1879 1264 2001 1301 non
2029 1243 2381 1305 invidemus,

343 1333 440 1393 60.
489 1333 577 1393 Ad
607 1332 691 1391 5¹11
714 1379 731 1408 a
767 1333 919 1414 Ney.
965 1333 1186 1393 nullius
1213 1335 1391 1415 frugis
1426 1356 1550 1395 esse
1583 1335 2008 1396 exhibitionem
2038 1339 2306 1420 Corporis
2330 1351 2390 1399 et

261 1429 568 1510 Sanguinis
619 1429 858 1489 Domini
907 1429 971 1488 in
1024 1429 1404 1490 Eucharistia.
1468 1430 1851 1511 Multiplicem
1899 1435 2025 1510 ejus
2076 1434 2392 1495 utilitatem

180 1522 187 1529 ’
260 1525 526 1607 superius
564 1525 1178 1586 commemoravimus.
1221 1525 1522 1608 Denique,
1570 1527 1618 1585 si
1667 1526 1930 1587 Christus
1971 1529 2033 1588 id
2071 1531 2342 1612 praestitit
2369 1575 2385 1606 ‚

260 1620 592 1703 blasphemi
613 1629 847 1679 tantum
879 1619 1135 1679 hominis
1174 1632 1262 1680 est
1295 1621 1589 1681 affirmare
1609 1668 1624 1698 ,
1656 1624 1943 1702 ejusmodi
1967 1624 2389 1686 exhibitionem

262 1717 480 1777 nullius
511 1717 688 1798 frugis
715 1739 857 1778 esse.
886 1719 988 1777 Da
1017 1728 1325 1776 amante-m
1350 1763 1366 1793 a
1393 1717 1612 1777 diceret
1639 1720 1698 1778 S.
1722 1720 2068 1799 Augustinus
2090 1767 2106 1797 a
2137 1733 2193 1781 et
2215 1726 2394 1781 sentit

263 1816 426 1895 quod
448 1815 656 1873 dieo...
697 1817 754 1873 si
772 1814 1007 1894 friyido
1043 1815 1294 1893 loquar,
1333 1817 1520 1873 nescit
1546 1817 1708 1894 quod
1738 1818 1961 1895 loquor.

279 1948 281 1950 ·
351 1913 448 1972 61.
501 1911 590 1972 Ad
613 1912 695 1970 6¹1²
711 1957 728 1989 ‚
752 1914 910 1971 Dist.
942 1911 1222 1993 Praecepit
1243 1909 1506 1970 Christus
1532 1911 1754 1970 cultum
1780 1912 2082 1972 internum
2106 1937 2224 1974 una
2255 1937 2389 1975 cum

265 2008 427 2068 cultu
453 2018 695 2068 externo
715 2053 730 2082 ,
762 2028 958 2080 eono.‚·
1001 2006 1077 2065 ad
1106 2006 1498 2066 exclusionem
1538 2006 1726 2066 cultus
1759 2010 2021 2083 externi,
2063 2032 2190 2090 neq.
2225 2022 2291 2068 ut
2318 2032 2390 2070 ex

265 2104 430 2164 dictis
472 2126 576 2162 suo
606 2103 731 2163 loco
768 2114 1014 2163 constat.
1056 2102 1229 2180 Quod
1276 2114 1475 2161 autem
1516 2101 1752 2161 additur
1776 2147 1791 2177 ‚
1839 2125 1963 2162 non
1999 2126 2168 2185 posse
2209 2104 2390 2164 tribui

266 2199 498 2259 Christo
525 2199 880 2260 sententiam
905 2199 978 2258 de
1000 2197 1144 2258 reali
1171 2199 1440 2279 Corporis
1463 2200 1554 2272 sui
1575 2199 1886 2278 praesentia
1912 2209 1970 2258 et
2008 2200 2387 2276 comestione,

265 2296 379 2354 nisi
419 2298 913 2354 luculentissimis
936 2289 1632 2376 Scriptorumxsacrorum
1668 2295 2015 2355 testimoniis
2050 2297 2392 2356 confirmata

266 2390 471 2463 fuerit,
500 2391 680 2470 magis
721 2389 921 2472 prodit
949 2390 1244 2473 scriptoris
1264 2435 1279 2464 .,
1308 2412 1484 2471 quem
1514 2390 1926 2472 impugnamus
1949 2437 1964 2466 ‚
2004 2392 2390 2474 impietatem.

266 2486 499 2545 Etenim
519 2485 693 2567 paulo
713 2497 848 2545 ante
870 2487 1208 2568 scripserat:
1235 2487 1407 2566 Quod
1432 2488 1722 2566 Apostoli,
1740 2488 1964 2566 quibus
1986 2489 2102 2566 leqe
2129 2491 2391 2546 mosaica

267 2592 505 2640 strenue
536 2583 932 2641 interdictum
956 2593 1090 2640 erat
1114 2586 1414 2662 sanquine
1438 2587 1596 2640 vesci
1607 2626 1623 2657 ‚
1663 2603 1832 2640 sacro
1866 2583 2126 2660 quodam
2151 2583 2391 2642 horrore

258 2678 535 2755 perculsi
567 2678 864 2756 eiusmodi
897 2679 1107 2756 epulas
1134 2678 1416 2756 thyesteas
1451 2677 1474 2757 (
1497 2698 1529 2735 a
1567 2676 1797 2735 Christo
1824 2678 2187 2758 propositas)
2215 2700 2391 2757 repu-

268 2768 512 2830 diaturi
524 2775 818 2850 fuissent,
851 2777 909 2830 si
929 2793 1062 2830 vero
1085 2777 1384 2852 sanquine
1401 2783 1456 2830 et
1479 2792 1719 2851 corpore
1741 2777 1974 2830 summi
2000 2775 2392 2852 benefactoris

267 2869 418 2945 ipsis
442 2868 796 2926 vescendum
840 2878 972 2926 erat
1003 2867 1112 2947 (l).
1157 2866 1410 2926 Proinde
1439 2871 1606 2945 juxta
1643 2867 1837 2948 ipsum
1863 2914 1878 2942 .,
1922 2868 1970 2927 si
2014 2868 2208 2927 minus
2232 2868 2390 2929 lucu-

339 3102 402 3166 (Ι)
440 3102 468 3170 ἓ
511 3120 600 3171 ¹77
625 3139 639 3164 ‚
672 3121 778 3168 pag.
811 3100 929 3153 556.
973 3101 1155 3168 Quibus
1196 3119 1294 3150 non
1376 3118 1486 3149 nem
1528 3102 1717 3151 Christi
1746 3103 1794 3166 )‚
1845 3119 2016 3167 qenere
2075 3103 2269 3169 quidem
2304 3120 2389 3152 nos

271 3194 514 3234 contentus
556 3186 801 3250 impudens
826 3186 967 3235 homo
989 3221 1004 3248 ,
1035 3203 1088 3233 n.
1115 3183 1178 3246 (2)
1197 3184 1297 3233 haec
1378 3186 1608 3232 sermonis
1634 3187 1821 3232 utimur
1853 3188 2028 3234 usitato
2051 3202 2065 3248 3
2098 3186 2182 3234 sed
2202 3202 2392 3249 ecquem

270 3266 433 3316 addit:
459 3266 652 3323 Cicero,
683 3265 754 3315 De
785 3266 900 3315 Nat.
932 3268 1083 3316 Deor.
1114 3266 1201 3314 lib.
1234 3266 1257 3313 Ι
1281 3303 1295 3326 ,
1380 3275 1478 3313 tam
1515 3276 1751 3315 amentem
1786 3284 1881 3315 esse
1904 3276 2048 3334 putes
2067 3305 2080 3328 ‚
2115 3269 2205 3332 qui
2231 3266 2352 3314 illud
2375 3305 2388 3328 ‚

270 3365 311 3396 c.
332 3345 430 3396 26:
454 3347 525 3395 In
550 3346 677 3409 Deo,
696 3347 817 3413 quid
841 3350 905 3395 sit
933 3349 1077 3412 quasi
1092 3363 1263 3412 corpus
1282 3385 1296 3409 ‚
1382 3365 1473 3412 quo
1500 3356 1727 3410 vocatur,
1757 3349 1923 3398 Deum
1956 3350 2116 3398 credat
2142 3366 2238 3397 esse
2259 3354 2283 3396 ?
2323 3350 2392 3398 Eo

268 3431 512 3494 autquasi
526 3429 1045 3496 sanquis‚intell·iqere
1059 3446 1160 3477 non
1172 3445 1287 3494 pos·
1373 3449 1520 3496 usque
1567 3433 1745 3481 scilicet
1788 3450 2018 3498 progressa
2069 3442 2136 3480 est
2178 3434 2391 3496 impietas

270 3528 408 3574 sum3
433 3527 520 3560 nec
539 3520 593 3560 tu
619 3511 846 3576 quidem3
876 3500 962 3559 ‘sed
985 3528 1084 3560 non
1117 3512 1189 3558 vis
1209 3511 1291 3575 sa·
1372 3511 1779 3562 Rationalistarum
1801 3551 1815 3574 ‚
1849 3524 1902 3562 ut
1920 3551 1933 3574 ,
1953 3512 2080 3579 quod
2106 3512 2264 3560 Cicero
2303 3514 2388 3561 ad-

271 3595 390 3649 teri,
422 3593 541 3643 ibid.
574 3609 629 3641 111
651 3629 665 3656 ‚
713 3611 760 3646 c,
798 3592 873 3642 16.
917 3593 1084 3660 Quum
1122 3593 1294 3657 ‹fruyes
1376 3613 1528 3643 versus
1557 3596 1807 3661 Epicureos
1842 3606 1886 3644 et
1911 3594 2085 3643 Stoicos
2114 3604 2276 3660 urget,
2303 3597 2391 3660 ipsi

262 3674 530 3737 Cererem,
577 3677 749 3724 vinum
791 3675 1028 3724 Liberum
1086 3674 1294 3722 dicimus
1376 3677 1608 3742 applicent
1645 3678 1943 3726 Eucharistiae
1979 3695 2004 3726 a
2043 3676 2224 3725 Christo
2258 3678 2391 3726 insti-

272 3753 477 3821 (panem
495 3773 667 3824 corpus
687 3756 890 3820 Christi,
908 3760 1072 3807 vinum
1090 3758 1293 3823 sanqui-
1378 3768 1484 3808 tutae
1505 3796 1519 3824 ,
1557 3769 1611 3810 ut
1632 3777 1734 3813 eam
1758 3761 1958 3810 irrisioni
1989 3769 2219 3825 exponant
2240 3761 2251 3808 !
