2502 4186
2126 251 2200 311 87

658 445 1671 631 TRACTATUS

453 788 623 882 DE
734 751 1875 904 CONFIRMATIONE.

204 1096 257 1154 1.
306 1093 673 1154 Confirmatio
715 1079 904 1150 veluti
940 1089 1202 1171 quaedam
1241 1091 1519 1171 Baptismi
1565 1091 1989 1150 consummatio
2029 1101 2201 1172 atque

113 1189 386 1271 perfectio
428 1187 626 1269 quovis
645 1250 650 1255 ,
670 1195 932 1264 tempore
979 1195 1232 1266 spectata
1275 1184 1403 1244 fuit.
1452 1186 1520 1243 In
1567 1185 1829 1244 Ecclesiae
1878 1184 2204 1245 christianae

114 1283 360 1342 exordiis
396 1303 516 1341 non
550 1278 733 1338 solum
770 1277 1009 1351 adultis,
1051 1300 1258 1340 verum
1294 1278 1855 1355 etiaminfanti‘bus,
1891 1301 2027 1338 mox
2066 1291 2200 1359 post

115 1378 470 1459 Baptismum
492 1372 886 1431 administrari
911 1374 1241 1447 consuevit3
1267 1394 1446 1453 quare
1472 1373 1724 1432 secundo
1752 1374 1876 1432 loco
1898 1383 2030 1454 post
2058 1374 2201 1455 Bap-

115 1471 282 1532 tisma
311 1472 372 1529 in
396 1471 898 1528 Sacramentorum
925 1465 1127 1526 ordine
1157 1468 1530 1526 Confirmatio
1564 1479 1929 1526 numeratur.

194 1567 253 1624 2.
299 1564 475 1623 Variis
523 1561 856 1621 nominibus
903 1561 1115 1634 donata
1160 1572 1283 1635 est,
1343 1583 1556 1644 nempe
1615 1563 1838 1621 ratione
1888 1562 2198 1621 effectuum

115 1658 264 1716 dicta
303 1668 387 1716 est
423 1679 455 1715 a
498 1656 788 1717 veteribus
806 1659 1121 1736 perfeeti0‚
1149 1665 1208 1714 et
1235 1661 1664 1715 consummatio
1682 1698 1704 1727 ,
1738 1658 2199 1715 Sacramentum

105 1753 509 1832 plenitudinis
537 1755 751 1831 yratz‘oe
775 1774 794 1818 ,-
826 1752 1059 1811 ratione
1092 1751 1345 1809 materiae
1380 1759 1581 1813 vocata
1611 1761 1700 1809 est
1735 1751 2044 1829 Impositio
2074 1771 2201 1808 ma-

115 1868 309 1906 nuum
329 1891 344 1921 ,
372 1845 468 1905 vel
486 1847 942 1913 Sacramentum
959 1846 1303 1905 chrismatis
1316 1887 1337 1916 ,
1367 1846 1576 1904 Oleum
1598 1847 2037 1924 sanctificatum
2056 1889 2072 1919 ,
2103 1855 2203 1904 aut

117 1939 376 2000 absolute
392 1985 408 2015 .,
430 1941 706 2000 Chrisma
724 1985 739 2014 .,
763 1940 820 2001 U
817 1951 1142 2019 nquentum
1161 1985 1177 2013 ‚
1204 1938 1299 2000 vel
1315 1929 1447 1998 eum
1470 1938 1667 1998 addito
1687 1986 1702 2013 ,
1735 1941 2013 1999 Chrisma
2031 1960 2198 1999 sano-

75 2091 80 2093 s
117 2045 301 2107 tum,-
331 2035 714 2115 Unguentum
747 2056 1002 2114 perenne
1018 2077 1042 2106 ,
1081 2036 1504 2113 supercoeleste,
1548 2055 1613 2093 ae
1645 2034 1883 2093 demum
1919 2035 2202 2093 Chrisma

110 2131 320 2187 salutis
336 2154 354 2195 ,·
387 2130 623 2189 'ratione
674 2130 820 2209 signi
879 2130 1058 2188 crucis
1109 2148 1236 2209 quae
1284 2150 1459 2209 sup-ra
1513 2129 1767 2188 frontem
1813 2128 2019 2187 teritur
2038 2172 2054 2201 ,
2107 2125 2202 2187 vel

114 2222 456 2282 characteris
495 2225 557 2281 in
605 2225 797 2282 anima
830 2224 1130 2303 impressi,
1164 2223 1316 2282 dieta
1339 2234 1427 2282 est
1449 2224 1732 2302 Siqillum
1754 2268 1770 2296 ‚
1800 2223 2199 2302 Siynaoulum

116 2321 417 2394 spiritale,
457 2319 850 2375 dominicum.
893 2317 1071 2375 Graeei
1096 2337 1160 2374 ac
1191 2316 1512 2400 Orientales
1540 2307 1800 2399 plerique
1828 2325 2201 2404 eam-vocant

115 2413 279 2490 Μόρον
325 2412 435 2489 (1).
496 2411 736 2470 Definiri
786 2421 981 2469 autem
1028 2407 1170 2468 solet
1222 2432 1236 2466 ε
1282 2411 1739 2468 Sacramentum
1773 2409 1956 2469 Novae
1993 2409 2161 2488 Legis
2179 2450 2207 2478 7

183 2627 249 2690 (1)
286 2626 354 2675 De
381 2627 649 2676 nominibus
674 2665 687 2686 ‚
721 2627 890 2693 quibus
920 2645 946 2675 a
982 2636 1107 2675 vete-

1190 2625 1363 2675 Auetor
1385 2627 1706 2675 Commentar.
1726 2627 1776 2673 in
1793 2626 1955 2691 Epist.
1976 2625 2027 2673 S.
2044 2624 2200 2672 Pauli

122 2709 249 2757 ribus
275 2709 440 2758 Graeeis
470 2727 523 2758 ae
541 2709 715 2757 Latinis
736 2711 1004 2772 insignitum
1025 2709 1112 2756 fuit
1193 2707 1257 2754 ad
1277 2706 1402 2756 Heb.
1434 2724 1498 2756 vu
1517 2744 1530 2766 ‚
1559 2708 1693 2771 vuigo
1722 2707 2051 2755 Ambrosiaster
2082 2724 2200 2754 nun·

120 2788 212 2836 hoe
238 2789 578 2839 Sacramentum
600 2828 613 2850 ‚
644 2791 744 2839 fuse
775 2793 863 2854 egit
886 2790 983 2838 J08.
1027 2789 1111 2837 Vi-

126 2885 327 2918 eeeomes
345 2907 358 2930 ‚
385 2870 455 2920 De
474 2873 685 2936 antiquie
709 2872 989 2935 Confirmat.
1010 2872 1118 2919 riti-

126 2948 240 3005 bus,
266 2950 351 2999 lib.
385 2968 399 2998 1
425 2988 438 3012 ,
463 2969 563 3017 cap.
595 2969 623 3000 2
653 2963 696 3001 et
719 2952 748 3000 3
769 2990 782 3012 ‚
807 2956 858 3000 in
885 2971 978 3018 quo
1005 2970 1111 3017 pos-

130 3033 284 3078 teriori
302 3034 444 3095 capite
460 3035 681 3095 ostendit,
722 3033 1113 3098 Confirmationis

125 3129 295 3160 nomen
329 3115 529 3177 antiquis
554 3117 688 3163 etiam
722 3118 781 3163 'in
819 3133 903 3163 usu
941 3116 1077 3163 fuisse
1093 3131 1112 3176 -3

125 3210 231 3241 eum
251 3230 264 3253 ‚
293 3203 454 3257 praeter
481 3193 532 3243 S.
548 3193 823 3260 ’Gregonium
854 3196 924 3244 M.
946 3199 1002 3244 'in
1027 3196 1118 3243 Sa-

124 3283 430 3326 cramentar.-
474 3273 553 3321 De
604 3275 682 3323 die
726 3277 874 3326 Sabb.
919 3276 1116 3335 Sana„

126 3351 172 3402 S.
203 3355 425 3403 Isidorum
468 3356 640 3419 Hispal.
676 3356 754 3404 De
790 3356 971 3407 Eecles.
1015 3358 1114 3424 Off·

123 3436 205 3484 lib.
222 3454 279 3497 n,
302 3454 403 3501 cap.
439 3436 531 3497 26,
564 3436 837 3485 Eucherium
874 3438 1114 3504 Lugdun.‚

127 3533 205 3565 seu
233 3521 381 3582 potius
410 3521 650 3584 antiquum
670 3529 906 3566 =auctorem
927 3518 1115 3569 Homil.

125 3598 181 3645 in
202 3599 282 3646 die
306 3599 494 3649 Pentec.
516 3638 529 3656 ,
562 3603 658 3666 ejus
673 3602 931 3648 meminerit
946 3598 996 3648 S.
1018 3600 1123 3649 Am·

1196 2797 1407 2852 cupatuS,
1427 2790 1508 2853 qui
1526 2787 1685 2836 eadem
1703 2788 1795 2836 fere
1810 2797 1936 2836 aetate
1951 2805 2004 2835 ae
2017 2786 2068 2835 S.
2087 2787 2197 2834 Am-

1197 2869 1377 2917 brosius
1417 2871 1549 2918 vixit.
1599 2868 1701 2934 Quo
1744 2867 1950 2916 falsitatis
1992 2871 2201 2931 arguitur

1197 2950 1409 2998 Suieerus
1429 2985 1442 3008 ‚
1468 2951 1548 3014 qui
1565 2951 1615 2996 in
1647 2948 1894 2996 Thesauro
1916 2946 1968 2995 E
1969 2947 2198 2995 cclesiast.

1195 3031 1253 3080 ad
1268 3048 1425 3079 vocem
1441 3027 1619 3096 Χριό-μοι
1636 3066 1649 3090 ,
1664 3030 1876 3077 audacter
1891 3030 2163 3092 pronunciat
2182 3064 2194 3087 ,

1198 3114 1432 3160 neminem
1470 3122 1677 3159 veterum
1719 3111 1967 3157 latinorum
2007 3110 2195 3157 Patrum

1200 3197 1481 3242 mentionem
1512 3193 1660 3241 faeere
1695 3191 2081 3255 Confirmationis
2107 3188 2201 3236 hoe

1186 3275 1475 3343 significatu.
1508 3273 1608 3322 Imo
1651 3275 1792 3338 hujus
1826 3274 2027 3321 nominis
2055 3272 2193 3318 vesti·

1197 3358 1322 3421 gium
1354 3357 1546 3404 occurrit
1574 3355 1693 3420 apud
1705 3354 1752 3403 S.
1767 3351 2202 3411 Irenaeum,Contra

1198 3436 1386 3486 Haeres.
1411 3437 1496 3486 lib.
1515 3454 1532 3484 1
1548 3473 1561 3497 ‚
1585 3454 1684 3501 cap.
1720 3452 1775 3483 21
1804 3473 1818 3495 ‚
1841 3435 1952 3484 edit.
1970 3433 2201 3480 Massueti.

1199 3518 1332 3584 Quod
1349 3556 1361 3580 ‚
1397 3521 1605 3585 quamvis
1632 3527 1927 3583 usurparetur
1954 3533 1979 3563 a
2023 3512 2200 3561 Valen-

1201 3603 1387 3650 tinianis
1404 3638 1417 3659 ‚
1456 3603 1562 3650 satis
1589 3600 1785 3650 ostendit
1807 3602 1857 3647 in
1889 3596 2086 3645 Ecclesia
2109 3610 2201 3658 pa·-

126 3677 330 3742 brosiuS,
363 3682 449 3731 lib.
479 3681 556 3730 De
575 3683 847 3746 Mysteriise,
875 3698 981 3747 cap.
1007 3697 1059 3748 9,
1078 3691 1126 3729 et
1205 3684 1314 3732 riter
1339 3684 1537 3747 viguisse
1556 3718 1570 3743 ‚
1602 3698 1709 3730 cum
1734 3676 1932 3728 haeretici
1964 3676 2094 3742 plura
2124 3690 2206 3724 so-
