2502 4186
740 280 862 320 car.
910 282 978 317 11.
1028 279 1095 317 nn
1137 278 1534 317 courmuonr..
2089 250 2205 313 397

97 424 475 484 constitueret
495 468 511 497 ,
536 421 797 505 adeoque
823 442 1096 506 perverse
1118 442 1179 480 se
1201 420 1394 502 ipsum
1423 429 1648 478 amaret
1670 462 1686 492 ,
1725 431 1903 502 atque
1925 443 1997 481 ex
2026 442 2207 502 prava

94 518 470 600 dispositione
498 529 760 600 peccaret
780 563 797 593 ,
832 517 932 599 qui
954 525 1243 576 metueret
1276 516 1484 574 timore
1511 515 1808 573 serviliter
1840 517 2065 575 servili.
2101 516 2210 576 Hic

92 614 253 674 enim
279 613 511 672 timeret
537 634 780 694 poenam
801 623 871 672 ut
902 632 1198 672 summum
1219 608 1441 669 malum
1461 653 1478 683 ,
1510 607 1573 667 id
1604 620 1722 686 est,
1759 611 1940 691 magis
1966 632 2208 694 poenam

92 730 271 790 quam
284 707 539 789 culpam,
557 707 621 765 in
644 730 760 790 quo
777 707 1063 768 servilitas
1085 705 1373 765 consistit.
1396 704 1505 763 Hic
1518 703 1698 763 timor
1719 705 1981 786 profecto
2011 727 2205 789 neque

89 803 449 863 attritionem
479 802 693 882 gignit,
741 823 932 885 neque
955 801 1030 861 ad
1045 799 1521 880 justificationem
1553 797 1832 881 disponit.
1865 801 1983 860 Nos
2009 811 2210 860 autem

89 898 428 959 disserimus
453 894 530 956 de·
548 897 757 958 timore
780 943 796 974 7
830 897 930 980 qui
957 894 1324 958 voluntatem
1350 916 1382 953 a
1409 893 1576 977 culpa
1600 904 1903 955 removeat
1925 893 2041 975 (1).

889 1081 1298 1139 PROPOSITIO
1335 1084 1405 1136 ΙΙ.

90 1233 382 1293 Contritio
401 1232 693 1291 charitate
699 1232 970 1310 perfecta
988 1231 1289 1290 hominem
1303 1228 1429 1295 Deo
1442 1227 1819 1298 reconciliat,
1845 1228 2212 1306 priusquam

170 1328 633 1413 Sacramentum
664 1325 1037 1385 Poenitentioe
1077 1333 1222 1382 actu
1246 1324 1656 1402 suscipiatur,
1688 1341 1807 1382 non
1844 1331 2042 1381 tamen
2083 1324 2215 1381 sine

169 1423 553 1482 Sam-amenti
574 1431 700 1484 voto
717 1463 740 1493 ,
771 1420 930 1500 quod
949 1423 1020 1478 in
1045 1420 1156 1478 illa
1194 1418 1555 1477 includitur.

170 1615 270 1674 71.
320 1614 454 1673 Haec
475 1611 792 1695 propositio
820 1655 836 1685 ‚
874 1620 942 1669 ut
971 1630 1147 1691 supra
1175 1607 1560 1670 indicavimus
1580 1652 1597 1683 ,
1630 1606 1766 1668 fidei
1788 1611 2055 1690 proxima
2083 1622 2173 1671 est
2193 1656 2210 1685 .,

90 1721 151 1769 et
179 1707 539 1768 Jansenistas
569 1727 634 1765 ac
669 1703 955 1787 quosdam
998 1701 1325 1762 Catholicos
1353 1702 1730 1784 perstringit,
1764 1703 1900 1785 qui,
1934 1726 2057 1763 non
2095 1704 2212 1764 ob-

89 1815 283 1865 stante
307 1812 506 1885 aperta
533 1799 774 1860 Concilii
799 1797 1125 1858 Tridentini
1146 1796 1434 1872 doctrina,
1464 1809 1525 1857 et
1547 1796 2042 1860 condemnatione
2069 1802 2215 1860 Pro-

89 1899 449 1981 positionum
473 1896 594 1974 BaJi
615 1942 632 1972 ,
663 1893 924 1954 docentis
945 1938 963 1968 ‚
993 1902 1230 1976 peccata
1265 1913 1398 1952 cum
1421 1892 1678 1974 perfecta
1715 1892 1997 1954 charitate
2041 1916 2215 1978 posse

88 1993 436 2067 consistere,
467 1989 710 2050 inficiari
745 1989 871 2048 ausi
907 1998 1046 2048 sunt
1067 2032 1082 2061 ,
1119 1987 1533 2046 contritionem
1567 1987 1852 2048 charitate
1891 1989 2213 2071 perfectam

89 2088 216 2148 sine
256 2085 469 2146 actuali
511 2083 872 2145 sacramenti
916 2081 1284 2164 susceptione
1321 2080 1624 2142 hominem
1661 2083 1862 2142 statim
1921 2104 2056 2144 cum
2092 2087 2215 2146 Deo

89 2180 486 2251 reconciliare.
513 2166 857 2259 Anonymus
881 2178 1040 2237 enim
1062 2221 1078 2252 ,
1110 2198 1287 2258 quem
1302 2175 1427 2237 fuse
1448 2176 1664 2237 refellit
1679 2177 2066 2239 Bellarminus
2095 2180 2211 2261 (2),

92 2274 526 2350 contendebat,
554 2273 644 2332 his
677 2273 934 2357 perfecte
973 2273 1240 2332 contritis
1265 2284 1324 2332 et
1353 2270 1635 2333 charitate
1665 2272 2048 2352 flagrantibus
2090 2297 2215 2336 non

92 2371 319 2431 remitti
346 2380 582 2453 peccata
604 2390 670 2441 ac
691 2379 921 2428 reatum
945 2388 1135 2450 poenae
1171 2378 1404 2428 aeternae
1432 2366 1652 2450 absque
1686 2369 1899 2429 actuali
1933 2369 2215 2452 Baptismi

90 2477 193 2525 aut
224 2466 593 2526 Poenitentiae
632 2465 999 2544 susceptione
1024 2508 1042 2539 ‚
1072 2466 1197 2522 nisi
1232 2466 1390 2542 forte
1429 2466 1500 2522 in
1523 2466 1781 2523 artic-ulo
1828 2470 2050 2525 mortis,
2104 2465 2215 2526 Alii

91 2572 339 2621 censent
369 2606 384 2635 a
423 2583 546 2620 non
582 2558 808 2619 remitti
844 2558 960 2618 nisi
991 2579 1175 2631 raro,
1220 2559 1282 2617 in
1321 2571 1454 2618 casu
1494 2580 1711 2641 nempe
1750 2560 2106 2621 necessitatis
2150 2583 2216 2622 ac

97 2653 402 2715 deficiente
431 2653 766 2715 confessarii
805 2653 1015 2736 copia;
1070 2675 1195 2713 non
1236 2663 1434 2712 autem
1463 2655 1806 2722 ordinarie,
1850 2677 2042 2737 neque
2077 2660 2217 2736 fre-

94 2761 388 2829 quanter,
423 2749 614 2809 multo
638 2749 835 2808 minus
862 2770 1096 2830 semper
1120 2748 1228 2829 (3).
1262 2750 1515 2808 Demum
1539 2749 1814 2810 nonnulli
1838 2751 2179 2813 existimant
2197 2801 2214 2829 ‚

97 2865 221 2902 non
253 2866 489 2906 omnem
527 2845 635 2906 Dei
668 2866 929 2906 amorem
965 2865 1151 2925 super
1193 2848 1401 2903 omnia
1436 2865 1508 2904 ex
1550 2856 1715 2905 certa
1754 2848 1873 2927 leqe
1913 2845 2218 2910 hominem

90 2938 406 3016 justificare
438 2939 552 3022 (4).

184 3034 286 3093 72.
314 3036 569 3094 vFrustra
601 3057 773 3118 porro
810 3047 940 3095 tum
977 3036 1339 3095 Jansenistas
1369 3046 1499 3094 tum
1532 3034 1852 3116 Theologos
1891 3035 2022 3095 illos
2050 3035 2218 3097 labo-

95 3149 231 3188 rare
251 3174 269 3204 .,
307 3131 386 3190 sic
419 3130 744 3190 evincimus
774 3131 1093 3191 :Doctrina
1121 3130 1221 3190 illa
1267 3130 1403 3191 fidei
1444 3131 1710 3214 proxima
1749 3130 2039 3192 censenda
2088 3143 2177 3193 est
2201 3180 2217 3208 ,

106 3235 282 3306 atque
304 3223 378 3284 ab
399 3225 562 3284 omni
589 3225 837 3308 proinde
855 3223 1134 3285 catholico
1155 3225 1446 3308 Theologo
1471 3226 1730 3286 tenenda
1753 3272 1768 3302 ,
1794 3248 1926 3309 quae
1945 3249 2218 3311 expresse

109 3320 364 3379 traditur
390 3318 464 3379 ab
485 3320 841 3381 oecumenica
871 3319 1103 3400 Synodo
1133 3332 1194 3381 et
1214 3322 1490 3382 Romanis
1522 3321 1937 3396 Pontificibus,
1971 3344 2217 3406 quaeque

173 3498 240 3562 (1)
273 3497 372 3546 cfr.
419 3494 470 3549 S.
507 3498 681 3549 Thom.
733 3506 782 3548 2²
816 3499 892 3560 2²,
932 3517 982 3565 q.
1031 3515 1121 3567 19,
1283 3501 1352 3566 (4)
1390 3499 1467 3549 Sic
1497 3510 1651 3550 censet
1682 3500 1844 3550 Aurel.
1884 3501 2059 3559 Piette‚
2092 3499 2220 3548 Etu-

107 3590 190 3629 art.
221 3597 249 3627 2
280 3591 464 3648 etseqq.
1208 3582 1473 3631 cidationes
1548 3582 1876 3649 difficilimum
1954 3581 2221 3647 Theoloqioe

176 3661 238 3725 (2)
274 3664 353 3711 De
388 3663 572 3712 Panic.
601 3663 686 3712 lib.
714 3679 748 3711 n
768 3700 782 3723 ,
827 3680 932 3728 cap.
974 3662 1048 3711 13.
1201 3666 1457 3730 quw-stiva.
1486 3676 1601 3731 part.
1636 3681 1716 3724 iv,
1749 3681 1796 3730 q·
1834 3679 1885 3729 7.

178 3742 239 3807 (8)
276 3745 342 3796 Ita
357 3745 526 3807 Euius,
547 3745 613 3794 In
632 3762 695 3807 ιν,
713 3746 853 3813 dm),
872 3743 900 3811 ἓ
916 3761 944 3794 2
960 3755 1116 3811 etseq.
