2502 4186
287 182 409 244 466
921 199 1247 238 TRACTATUS
1292 201 1360 236 DE
1405 200 1795 241 Ponm'rnn'ru.

286 366 407 408 una
448 362 583 401 cum
632 338 988 401 contritione
1033 340 1317 402 virtutem
1358 342 1721 403 Sacramenti
1759 342 2019 406 habebat
2041 349 2152 431 (1).
2200 350 2429 412 Inducti

289 450 487 500 autem
525 435 892 518 potissimum
933 446 1075 494 sunt
1115 436 1192 496 ad
1227 436 1382 496 hanc
1420 437 1897 520 amplectendam
1950 447 2305 507 sententiam
2350 446 2425 506 ab

290 532 639 594 auctoritate
670 529 809 590 libri
841 533 932 591 De
959 552 1102 590 vera
1138 542 1194 590 et
1217 534 1383 611 falsa
1404 538 1765 613 paenitentia
1790 579 1806 610 ‚
1843 535 1986 596 olim
2019 538 2077 596 S.
2109 539 2428 619 Augustino

290 627 590 710 adscripti.
622 627 692 686 In
721 626 895 705 hujus
924 628 1087 687 enim
1116 625 1252 686 libri
1280 648 1405 711 cap.
1433 631 1485 688 X
1508 629 1666 690 inter
1696 642 1888 691 cetera
1929 632 2053 693 haec
2086 633 2365 714 leguntur
2412 660 2429 698 ι

302 724 507 784 Tanta
546 727 634 782 vis
682 722 1088 802 Confessz'onis
1115 733 1233 795 est,
1283 735 1383 801 ut,
1425 728 1482 783 si
1525 726 1680 784 deest
1714 727 2038 801 Sacerdos,
2078 731 2432 809 confiteatur

284 824 651 899 proxima..
681 818 770 879 Ec
787 863 802 894 ,
827 822 886 877 si
909 820 1034 893 ille,
1062 821 1169 879 cui
1198 821 1609 900 confitebitur,
1638 832 1987 902 potestatem
2022 827 2289 885 solvendi
2309 848 2435 888 non

291 914 469 974 hahet
484 957 508 987 ,
541 914 617 994 fit
648 924 851 972 tamen
881 914 1103 995 diynus
1132 918 1308 974 venia
1329 937 1402 974 ea·
1428 917 1721 977 desiderio
1745 919 2117 993 Sacerdotis,
2147 926 2264 1002 qui
2282 929 2434 986 socio

290 1011 604 1091 confitetur
622 1010 1076 1089 turpitudinem
1094 1001 1380 1070 criminis
1400 1012 1510 1091 (2).
1539 1012 1663 1072 Hac
1686 1034 1802 1072 una
1832 1015 2058 1074 ratione
2079 1014 2257 1097 plana
2285 1018 2437 1105 fiunt

296 1106 495 1175 omnia
516 1139 540 1180 ,ι
575 1126 706 1187 quae
733 1125 807 1165 ex
829 1104 1103 1165 Conciliis
1125 1150 1142 1181 ‚
1182 1108 1357 1166 Petro
1398 1108 1650 1168 Cantore
1671 1153 1686 1183 ,
1714 1112 1851 1187 jure
1888 1110 2170 1170 canonico
2209 1109 2435 1191 objicie-

294 1201 537 1276 bantur3
581 1222 691 1261 nec
731 1201 951 1261 diutius
987 1202 1050 1260 in
1088 1201 1178 1261 his
1219 1203 1524 1263 immorari
1561 1203 1866 1264 debemuS.

380 1296 524 1355 246.
576 1295 666 1357 Ad
693 1297 813 1372 2¹¹¹,
852 1298 1013 1357 Disc.
1045 1297 1288 1357 Constat
1309 1343 1325 1373 ,
1357 1297 1693 1359 Abbatissas
1725 1301 2020 1384 excepisse
2050 1301 2437 1365 confessiones

290 1392 745 1468 ceremonialeS‚
783 1402 842 1453 et
875 1392 1224 1454 humilitatis
1254 1395 1436 1475 gratia
1476 1395 1655 1456 factas
1676 1443 1692 1473 .,
1734 1409 1915 1480 prout:
1950 1419 2079 1457 mos
2108 1399 2303 1459 adhuc
2329 1397 2439 1458 ob-

289 1492 444 1551 tinet
464 1492 526 1551 in
545 1490 848 1552 nonnullis
874 1491 1273 1572 religiosorum
1304 1491 1627 1554 Ordinibus
1649 1494 1724 1554 ad
1742 1495 2113 1556 reddendam
2140 1496 2438 1556 conscien-

294 1587 388 1647 tiae
423 1588 717 1647 rationem
739 1631 756 1662 ,
797 1607 985 1654 conc.,·
1024 1588 1515 1666 sacramentaleS.,
1567 1613 1694 1674 neq.
1746 1589 1843 1653 vel
1876 1593 2055 1651 subd.
2104 1593 2196 1651 Ita
2234 1602 2302 1651 ut
2336 1637 2353 1667 ,
2390 1591 2440 1652 si

295 1682 503 1765 aliquis
526 1681 742 1742 abusus
764 1683 1093 1764 obrepserit
1108 1728 1126 1758 ‚
1154 1683 1418 1745 sublatus
1439 1686 1642 1746 statim
1663 1687 1772 1763 sit,
1797 1708 1990 1755 conc.‚·
2017 1708 2204 1763 seem,
2239 1698 2434 1748 trans.

295 1779 444 1839 Fieri
468 1779 670 1859 utique
698 1778 943 1838 fortasse
981 1780 1177 1860 potuit
1203 1824 1219 1854 ,
1259 1790 1327 1838 ut
1351 1802 1423 1839 ex
1449 1780 1549 1840 illa
1581 1782 2004 1842 consuetudine
2034 1782 2324 1844 reddendi
2348 1805 2442 1844 ra-

301 1875 523 1932 tionem
544 1875 794 1955 propriae
817 1866 1186 1934 conscientiae
1205 1919 1221 1950 ‚
1247 1875 1554 1936 nonnullae
1579 1876 1822 1937 ulterius
1847 1898 2167 1960 progressae
2188 1922 2206 1954 .,
2232 1878 2343 1939 sibi
2367 1876 2441 1940 ex

297 1969 627 2049 ignorantia
646 1980 748 2028 aut
769 1968 1009 2029 audacia
1035 1971 1439 2051 arrogaverint
1464 1970 1800 2033 indebitum
1815 1977 1912 2052 jus
1935 1974 2315 2057 impertiendi
2332 1974 2442 2035 ab-

297 2064 672 2133 solutionem.
696 2066 940 2142 Verum,
957 2087 1090 2125 cum
1107 2066 1368 2148 primum
1393 2078 1519 2127 tam
1543 2068 1821 2149 sacrilega
1842 2071 2146 2151 usurpatio
2162 2071 2441 2152 pervenit

297 2161 373 2219 ad
401 2183 569 2221 aures
595 2161 916 2246 praesulum
942 2162 1206 2222 Ecclesiae
1231 2163 1542 2223 Gallicanae
1560 2210 1576 2240 ,
1603 2165 1911 2225 confestim
1936 2186 2266 2248 compressa
2303 2166 2435 2226 fuit.

300 2257 367 2316 Id
397 2258 591 2340 ipsum
618 2258 893 2341 praestitit
916 2258 1296 2318 Innocentius
1326 2260 1406 2318 ΙΙΙ
1431 2260 1629 2342 quoad
1657 2259 1979 2320 abbatissas
2008 2261 2307 2344 Hispaniae
2331 2260 2438 2345 (3).

381 2354 502 2413 247
513 2401 525 2413 .
594 2355 870 2415 Ceterum
925 2354 1329 2415 Confessiones
1389 2357 1550 2439 apud
1594 2356 1769 2416 laicos
1816 2356 1981 2417 factae
2042 2356 2443 2439 perdurarunt

291 2455 485 2532 usque
509 2449 584 2510 ad
611 2450 792 2510 seculi
822 2451 952 2510 XIV
976 2451 1248 2526 initium3
1275 2450 1379 2512 sed
1400 2452 1573 2531 justis
1594 2452 1668 2513 de
1695 2452 1879 2512 causis
1905 2464 2215 2536 coeperunt
2242 2452 2441 2536 paula-

299 2546 409 2625 tim
431 2546 784 2622 intermitti,
816 2545 1003 2607 donec
1036 2547 1282 2607 tandem
1310 2546 1729 2611 obsoleverint.
1763 2550 1883 2609 Nec
1913 2549 2146 2627 desunt,
2165 2551 2268 2632 qui
2298 2550 2443 2610 exis-

302 2644 516 2702 timent
538 2689 554 2718 ,
588 2643 651 2702 in
676 2643 955 2724 praesenti
975 2643 1231 2723 graviter
1263 2665 1358 2704 eas
1375 2630 1516 2710 ‘esse
1548 2645 1781 2705 illicitas
1799 2690 1816 2720 ,
1843 2654 1974 2704 tum
1993 2645 2130 2728 quia
2152 2666 2259 2727 per
2286 2647 2442 2728 ipsas

300 2736 524 2820 absque
548 2759 717 2798 causa
743 2739 872 2821 quis
898 2739 1280 2822 semetipsum
1303 2739 1615 2802 infamaret
1637 2739 2097 2822 scandalumque
2126 2739 2438 2823 praeberet‚

300 2843 430 2893 tum
467 2835 605 2917 quia
635 2833 929 2917 praeberet
967 2835 1294 2897 lutheranae
1321 2836 1552 2898 haeresis
1586 2837 1977 2921 suspicionem
1998 2836 2109 2919 (4).

372 3026 433 3090 (l)
452 3026 550 3076 cfr.
567 3026 744 3076 Bened.
767 3043 847 3076 xlv
865 3064 879 3087 ,
911 3026 986 3076 De
1002 3024 1218 3094 Synodo,
1238 3027 1323 3079 lib.
1487 3029 1558 3096 (2)
1598 3019 1969 3096 Appendd'tom.
1995 3042 2042 3078 vl
2076 3046 2190 3096 opp.
2217 3030 2266 3080 S.
2309 3031 2430 3098 Aug.

303 3124 369 3156 vn
391 3145 405 3168 ,
435 3126 538 3174 cap.
567 3106 628 3173 14
646 3144 660 3169 ‚
680 3107 706 3175 §
729 3125 764 3176 9
795 3119 841 3158 et
862 3127 963 3176 seq.
991 3110 1062 3158 Ex
1084 3111 1174 3160 hac
1187 3128 1324 3176 porro
1415 3112 1527 3162 edit.
1555 3111 1713 3162 Maur.
1748 3111 1850 3162 Cfr.
1881 3113 2137 3161 admonitio
2173 3113 2358 3162 editoris
2383 3116 2434 3162 in

302 3191 645 3240 consuetudine
679 3192 1071 3242 confitendilaico
1088 3231 1102 3256 ‚
1131 3193 1324 3243 absente
1414 3195 1542 3244 hunc
1565 3195 1766 3244 librum.

300 3272 509 3337 legitimo
541 3275 755 3322 ministro
778 3309 794 3334 ‚
837 3292 940 3341 quae
956 3277 1212 3342 antiquitus
1230 3275 1318 3324 ob·
1479 3278 1548 3344 (3)
1579 3278 1678 3328 cfr.
1697 3278 1936 3341 Chardon‚
1957 3278 2104 3335 Hisc.
2123 3281 2192 3330 du
2210 3278 2425 3331 Sacram.

304 3357 474 3417 tinuit,
502 3374 677 3405 novum
699 3369 1026 3421 argumentum
1049 3360 1148 3408 erui
1176 3369 1322 3424 potest
1409 3359 1470 3408 de
1500 3356 1664 3410 Panic.
1681 3370 1791 3410 sect.
1820 3377 1839 3409 1
1864 3399 1878 3422 ‚
1900 3362 1980 3412 ch.
2008 3380 2063 3431 7,-
2092 3364 2315 3424 Martem,
2348 3376 2428 3426 op.

303 3437 525 3488 adversus
553 3437 859 3488 Protestantes
883 3477 898 3502 ,
934 3441 1062 3507 quod
1095 3445 1322 3492 sententia
1410 3452 1456 3491 et
1479 3442 1571 3492 loc.
1598 3441 1722 3511 cit.§
1745 3460 1798 3511 9,
1816 3442 1897 3492 ubi
1925 3455 2080 3496 tamen
2113 3449 2166 3495 in
2192 3442 2430 3495 nonnullis

303 3520 362 3569 de
393 3520 603 3570 absoluta
637 3522 906 3571 necessitate
931 3522 1247 3572 Confessicnis
1264 3524 1322 3573 fi·
1414 3528 1482 3574 vir
1513 3527 1675 3575 doctus
1695 3526 1887 3576 labitur.
2274 3573 2279 3577 .

305 3603 483 3660 delium
500 3605 714 3654 omnium
729 3606 908 3654 animos
922 3606 1321 3673 pervaseritlonge
1483 3609 1551 3674 (k)
1583 3608 1681 3658 cfr.
1712 3608 1829 3659 Ben.
1866 3625 1962 3673 xlv,
1993 3608 2086 3662 loc.
2119 3613 2195 3661 cit.
2219 3607 2247 3676 S
2281 3624 2356 3657 ιι.

302 3695 409 3735 ante
426 3686 788 3739 celebrationem
806 3686 1007 3739 Concilii
1022 3687 1235 3740 Lateran.
1254 3702 1318 3740 lv.
