2502 4186
329 243 408 302 20

1014 261 1337 303 TnAc‘rA'rus
1377 261 1446 299 DE
1483 259 1768 304 turismo-

1201 431 1453 491 CAPUT·
1484 432 1584 491 ΙΙΙ.

1045 601 1113 637 nu
1156 594 1415 639 mulsi-Ro
1448 601 1726 639 numism.

359 760 362 764 ’
412 759 515 817 -50,
559 755 785 838 Duplex
811 754 1048 836 quaestio
1074 754 1298 813 institui
1347 765 1540 836 potest
1573 754 1718 812 circa
1750 755 2028 836 Baptismi
2066 755 2436 830 ministrum,

337 853 411 913 ad
452 852 706 915 validam
734 851 957 911 scilicet
1004 861 1063 910 et
1101 850 1176 909 ad
1210 850 1426 909 licitam
1461 851 1631 928 hujus
1679 849 2030 910 Sacramenti
2066 852 2439 911 administra-

336 949 602 1019 tionem.>
634 946 721 1006 Ad
750 951 869 1025 ejus
902 944 1161 1006 valorem
1196 966 1316 1002 non
1355 945 1571 1025 requiri
1617 945 1678 1001 in
1719 944 2184 1005 ministro‘fidem
2215 969 2280 1005 ac
2306 968 2437 1028 pro-

335 1025 582 1103 bitatem
606 1086 634 1116 ,,
667 1063 769 1100 suo
809 1041 932 1099 loco
979 1038 1336 1098 ostendimus
1363 1040 1472 1120 (l).
1505 1040 1661 1098 Num
1696 1059 1834 1098 vero
1870 1051 2146 1119 praeterea
2182 1042 2256 1101 ad
2290 1042 2441 1124 bap-

336 1139 577 1196 tismum
601 1138 710 1195 rite
741 1157 805 1194 ac
832 1134 1023 1196 valide
1064 1133 1592 1192 administrandum
1623 1132 2009 1192 determinata
2041 1135 2440 1194 ministrorum

337 1232 668 1312 requiratur
714 1229 1003 1302 conditio,
1068 1248 1280 1308 anceps
1333 1227 1564 1288 videtur
1611 1226 2084 1288 Calvinianorum
2129 1231 2438 1290 sententia.

336 1325 647 1399 Interdum
683 1325 842 1382 enim
870 1322 1150 1382 videntur
1179 1323 1470 1402 Baptisma
1510 1343 1542 1380 a
1578 1321 1767 1395 laiciS‚
1807 1322 2035 1381 feminis
2080 1325 2397 1404 praesertim
2420 1369 2436 1398 a

337 1419 808 1478 administratum
853 1428 1134 1496 tanquam
1164 1415 1488 1476 invalidum
1517 1418 1784 1494 rejicere3
1824 1417 2122 1475 interdum
2151 1440 2284 1478 vero
2312 1430 2439 1477 tan-

337 1525 466 1572 tum
503 1523 571 1571 ut
611 1510 878 1571 illicitum
917 1510 1062 1568 illud
1102 1509 1378 1571 videntur
1410 1531 1722 1592 respuere,
1758 1512 2022 1591 quamvis
2058 1512 2122 1570 in
2159 1533 2291 1570 casu
2330 1533 2439 1572 ne-

339 1606 616 1668 cessitatis
650 1605 723 1665 ab
756 1606 868 1690 illis
900 1606 1276 1665 conferretur.
1317 1605 1614 1686 Quidquid
1655 1627 1829 1686 porro
1864 1605 1936 1664 de
1976 1606 2220 1665 istorum
2256 1606 2441 1666 haere-

340 1703 586 1762 ticorum
622 1712 831 1775 ‚mente
877 1699 1248 1770 sentiendum
1291 1701 1403 1775 sit,
1451 1711 1717 1758 nostrum
1758 1700 1868 1759 erit
1899 1700 2236 1775 ostendere,
2275 1722 2441 1782 posse

339 1797 405 1855 in
427 1795 787 1857 necessitatis
805 1815 939 1853 casu
961 1817 993 1853 a
1017 1815 1386 1876 quocumque
1414 1795 1776 1875 Baptismum
1793 1795 2076 1870 conferri,
2099 1795 2178 1854 ita
2195 1804 2261 1852 ut
2281 1805 2439 1854 ratus

338 1913 403 1951 ac
438 1891 626 1949 licitus
659 1887 862 1947 haberi
895 1888 1130 1948 debeat.

423 1986 521 2043 51.
571 1987 642 2044 Et
665 1985 789 2043 haec
812 1983 1072 2064 quidem,
1100 2005 1232 2042 cum
1260 1994 1426 2063 urget
1446 2027 1463 2058 .,
1494 1995 1562 2042 ut
1586 1983 1835 2044 diximus
1862 2030 1877 2059 ,
1904 1986 2248 2058 necessitas3
2277 1996 2440 2044 extra

343 2081 494 2146 hanc
528 2080 686 2139 enim
724 2080 927 2159 nequit
975 2078 1297 2159 baptismus
1336 2078 1488 2137 licite
1524 2079 1771 2138 conferri
1814 2080 1924 2138 nisi
1965 2101 1997 2137 a
2039 2081 2275 2161 proprio
2318 2084 2439 2157 ejus

342 2175 611 2234 ministro
634 2218 651 2247 ,
686 2175 784 2254 qui
812 2184 1003 2254 potest
1040 2194 1164 2232 esse
1193 2174 1549 2231 ordinarius
1574 2185 1675 2232 aut
1710 2176 2254 2232 extraordinarius.

418 2269 523 2326 52.
572 2270 711 2340 Quae
742 2278 806 2326 ut
843 2267 1073 2348 planius
1104 2266 1537 2345 intelligantur,
1576 2269 1724 2325 ratio
1761 2267 2033 2325 habenda.
2076 2279 2163 2326 est
2203 2267 2443 2349 triplicis

338 2363 511 2440 hujus
530 2362 883 2420 Sacramenti
909 2360 1428 2418 administrationis
1446 2405 1461 2433 ,
1494 2382 1623 2441 quae
1639 2360 2012 2440 distinguitur
2023 2362 2085 2419 in
2105 2363 2442 2432 solemnem,

331 2458 649 2535 publicam
678 2466 737 2514 et
761 2460 1097 2534 privatam.
1136 2456 1424 2512 Solemnis
1466 2466 1733 2514 censetur
1770 2475 1835 2513 ea
1855 2499 1871 2528 .‚
1917 2476 2045 2534 quae
2076 2455 2137 2511 in
2165 2454 2443 2513 solemni-

344 2549 560 2608 tatibus
599 2549 890 2608 Paschatis
935 2560 994 2609 et
1032 2551 1398 2609 Pentecostes
1442 2548 1581 2607 olim
1632 2550 1919 2630 praecipue
1965 2547 2263 2608 obtinebat
2306 2550 2437 2629 (2);

413 2739 482 2803 (1)
528 2737 696 2787 Tract.
723 2737 779 2785 de
808 2737 1023 2787 Sacram.
1068 2739 1125 2785 in
1149 2754 1317 2803 qenere
1337 2775 1350 2798 ,
1435 2740 1839 2805 plurimaoperam
1855 2740 2106 2804 dederunt3
2122 2758 2271 2806 neque
2286 2750 2442 2789 tamen

348 2839 399 2870 n.
441 2819 532 2869 123
565 2830 609 2869 et
633 2837 758 2885 seqq.

272 2891 274 2894 ⁵
413 2902 480 2965 (2)
515 2900 642 2950 Duos
670 2901 754 2949 hos
777 2900 872 2948 dies
902 2899 1135 2948 Paschatis
1165 2910 1210 2949 et
1236 2902 1353 2950 Pen-

349 2994 539 3033 tecostes
571 3001 596 3031 a
619 2983 780 3047 primis
806 2980 1016 3029 Ecclesiae
1036 2983 1199 3030 seculis
1231 2982 1354 3048 Bap-

349 3067 484 3112 tismo
513 3062 793 3112 sollemniter
824 3063 1100 3112 conferendo
1119 3080 1355 3112 consecra-

351 3155 418 3193 tos
441 3146 579 3193 fuisse
599 3182 613 3205 ,
642 3144 948 3193 Tertullianus
964 3181 977 3203 ‚
1009 3144 1094 3192 lib.
1120 3143 1199 3192 De
1218 3145 1357 3210 Bap-·

350 3227 490 3274 tismo
510 3260 527 3286 ,
560 3243 660 3290 cap.
695 3242 754 3292 ¹9
777 3263 789 3284 ‚
811 3227 977 3274 diserte
1009 3227 1080 3274 his
1107 3226 1255 3275 verbis
1268 3224 1356 3275 tes-

348 3319 467 3357 tatur
499 3326 513 3356 ε
555 3307 705 3355 Diem
750 3308 1002 3373 Baptismo
1034 3307 1355 3356 solemniorem

347 3387 537 3439 Pascha
562 3396 822 3454 praestat...
861 3389 1061 3436 Exinde
1088 3386 1355 3448 Pentecoste

348 3469 632 3518 ordinandis
675 3469 880 3517 lavacris
925 3469 1211 3517 latissimum
1238 3486 1355 3535 spa-

347 3554 471 3599 tium
501 3560 585 3601 est.
621 3551 710 3616 Qui
732 3569 830 3600 mos
859 3561 912 3599 ut
945 3551 1113 3600 illaesus
1145 3570 1349 3601 servare-

349 3641 425 3679 tur
445 3669 459 3695 ,
494 3650 601 3681 cum
632 3637 800 3680 summi
844 3631 1090 3681 Pontifices
1125 3633 1319 3682 Sirieius
1336 3670 1353 3696 ,

344 3711 458 3774 Leo,
476 3713 697 3775 Gebsius,
718 3720 829 3776 etc„
852 3724 953 3764 tum
972 3713 1177 3765 Concilia
1194 3733 1360 3781 quam-

1434 2821 1615 2869 efficere
1643 2831 1830 2885 potuere
1850 2859 1863 2881 ‚
1906 2825 2154 2888 quominus
2190 2823 2442 2871 identidem

1432 2902 1706 2962 violaretur,
1754 2921 1807 2951 ac
1853 2903 2109 2969 Baptismus
2135 2921 2219 2970 per
2242 2906 2441 2953 diversas

1433 2986 1634 3046 regiones
1676 2987 1725 3031 in
1754 2988 1991 3050 praecipuis
2019 2986 2334 3034 festivitatibus
2364 3002 2442 3035 so-

1433 3065 1646 3114 lemniter
1670 3067 1967 3116 conferretur.
1991 3068 2058 3115 De
2085 3069 2224 3116 natali
2251 3069 2439 3116 Domini

1434 3145 1724 3194 luculentum
1751 3157 1816 3196 est
1837 3146 1885 3195 S.
1913 3147 2113 3212 Gregorii
2143 3150 2208 3197 M.
2235 3151 2439 3197 testimo·-

1435 3230 1586 3287 nium,
1608 3229 1692 3277 lib.
1711 3247 1814 3287 vus,
1833 3229 1996 3294 Epist.
2011 3247 2128 3290 xxx,
2146 3230 2311 3277 Indict.
2332 3246 2363 3288 ι,
2379 3229 2439 3277 ad

1437 3308 1681 3377 Eulogium
1713 3311 1951 3359 scribentis
1997 3329 2011 3359 ε
2046 3314 2113 3359 In
2147 3309 2438 3358 solemnitate

1436 3398 1595 3437 autem
1653 3390 1929 3440 Dominicae
1979 3392 2253 3440 nativitatis
2270 3427 2283 3450 ‚
2332 3408 2437 3455 quoe

1437 3470 1525 3518 hac
1556 3490 1572 3518 1
1595 3470 1870 3521 Indis-tione
1905 3481 2144 3521 transacta
2188 3480 2285 3531 est,
2321 3471 2439 3537 plus

1437 3570 1582 3617 quam
1612 3555 1768 3602 decem
1799 3554 1955 3603 millia
1993 3552 2151 3616 Anqli
2187 3553 2247 3599 ab
2278 3553 2438 3600 eodem

1438 3637 1657 3684 nuntiati
1713 3644 1825 3684 sunt
1860 3636 2011 3699 fratre
2065 3643 2109 3681 et
2169 3636 2436 3699 coepiscopo

1440 3725 1595 3767 nostro
1628 3716 1942 3783 (Augustino)
1966 3716 2219 3782 baptizati.
2259 3707 2437 3767 Eodem
