2502 4186
2086 247 2197 306 153

372 275 491 314 GAP.
534 276 577 311 1.
624 276 692 312 ΒΕ
733 276 899 312 mnu
940 273 1159 313 CHRISTI
1202 271 1520 311 PRAESERTIA
1562 271 1622 307 IN
1666 268 1910 307 EUCHAR.

98 428 342 500 possunt
383 418 646 478 homines
691 440 894 500 capere
926 428 1037 478 aut
1062 416 1503 475 (nutrimentum
1526 414 1606 472 ‘in
1642 412 1953 493 hypothesi
1980 410 2196 473 adver·-

99 514 380 572 sariorum
399 559 415 588 7
441 536 584 595 quos
609 514 924 574 refellimus
941 558 957 586 7
995 512 1091 593 qui
1115 522 1334 589 negant
1354 509 1704 568 dominicam
1735 507 2201 568 Incarnationem

101 619 159 666 et
191 609 307 667 vim
333 608 713 689 expiatoriam
741 608 806 665 in
835 619 1024 667 morte
1041 604 1313 664 Christi?
2160 658 2164 661 ,

186 704 280 760 19.
328 704 419 762 Ad
461 703 543 760 51¹0
579 748 602 774 7.
637 704 795 761 Dist.
854 701 932 760 Id¹
977 711 1063 760 est
1096 743 1114 774 7
1162 698 1427 757 nondum
1476 697 1742 756 instituta
1798 697 2151 757 Eucharistia
2176 742 2226 772 77

98 817 220 856 non
262 807 537 877 poterant
583 796 796 855 Christi
826 795 1112 855 auditores
1151 793 1378 874 assequi
1427 793 1763 865 rationem7'
1795 814 1910 872 qua
1958 801 2201 872 possent

98 902 201 950 aut
227 890 578 951 manducare
625 897 744 970 ejus
783 894 1029 952 Carnem
1055 898 1154 948 aut
1187 886 1386 947 bibere
1419 893 1539 966 ejus
1566 887 1956 966 Sanguinem,
1999 909 2201 954 conc„-

96 1007 216 1044 non
254 997 527 1066 poterant
567 987 886 1067 intelligere
932 984 1229 1044 Christum
1264 982 1423 1064 loqui
1456 983 1532 1042 de
1569 1003 1707 1043 vera
1748 981 2202 1041 manducatione

96 1091 195 1138 aut
230 1080 499 1161 potione,
541 1103 671 1161 neq.
708 1083 831 1140 Hoc
862 1079 1020 1138 enim
1054 1078 1272 1158 optime
1313 1077 1636 1157 intelligere
1672 1087 1979 1158 poterant,
2027 1086 2202 1158 prout

96 1175 283 1255 reipsa
312 1175 744 1236 intellexerunt.
781 1176 928 1233 Sane
956 1171 1302 1250 judaeorum·
1322 1171 1629 1232 difficultas
1661 1171 2005 1233 versabatur
2048 1171 2198 1230 circa

95 1269 356 1348 modum.
407 1270 706 1350 Quomodo
729 1279 919 1347 potest
953 1269 1085 1339 hio,
1131 1278 1239 1326 etc.
1281 1266 1551 1340 Accedit7
1592 1266 1892 1326 Christum
1921 1287 2055 1325 cum
2093 1267 2199 1325 Ni-

96 1364 336 1424 codemo
352 1411 366 1439 7
387 1368 423 1424 J
426 1386 556 1426 oan.
578 1365 658 1423 III
678 1409 694 1438 7
716 1362 975 1422 locutum
992 1383 1115 1422 esse
1133 1361 1205 1421 de
1219 1362 1518 1442 Baptismo
1527 1361 1796 1422 nondum
1811 1361 2105 1440 instituto(
2113 1359 2196 1441 l).

174 1457 272 1518 20.
317 1459 405 1519 Ad
449 1460 737 1535 6m7<Esto
767 1503 783 1533 7
823 1456 980 1539 quod
1021 1456 1211 1515 adhuc
1245 1456 1480 1537 reliquis
1526 1456 1886 1516 auditoribus
1926 1467 1986 1516 et
2027 1454 2201 1515 disci-

91 1553 244 1635 pulis
280 1552 589 1613 incredulis
629 1564 761 1634 post
789 1552 1157 1611 Eucharistiae
1194 1550 1625 1610 institutionem
1663 1551 1857 1610 minus
1894 1551 2201 1632 perspicua

90 1648 213 1707 haec
252 1648 463 1708 Christi
501 1649 682 1707 oratio
723 1647 923 1706 fuisset
955 1692 971 1720 7
1026 1645 1134 1704 sibi
1169 1646 1328 1704 enim
1368 1644 1501 1704 solis
1545 1645 1609 1704 id
1652 1646 1942 1727 imputare
1982 1645 2203 1704 debue-

90 1754 248 1800 runt.
276 1745 427 1802 Num
450 1764 519 1802 ex
547 1764 614 1802 eo
637 1788 652 1816 7
680 1742 836 1823 quod
856 1741 1113 1801 Christus
1140 1751 1230 1799 tot
1259 1740 1482 1799 futuros
1511 1739 1810 1800 haereticos
1828 1785 1844 1815 7
1871 1738 2201 1799 incredulos

89 1847 147 1895 et
187 1838 569 1900 rationalistas
597 1837 933 1919 praeviderit
968 1835 1227 1895 doctrina
1260 1857 1360 1895 sua
1390 1857 1455 1895 ac
1492 1837 1779 1917 mysteriis
1817 1859 1846 1896 a
1889 1859 1949 1896 se
1974 1834 2201 1896 traditis

90 1931 377 1990 offensum
403 1933 474 1991 iri
495 1978 510 2007 7
554 1931 847 1992 debuisset
882 1931 1174 1991 abstinere
1204 1930 1277 1990 ab
1303 1932 1370 1989 iis
1398 1931 1698 1991 tradendis
1722 1932 1748 1989 P
1782 1933 1852 1991 Et
1888 1933 1964 1992 ad
1993 1931 2100 1991 hos
2121 1933 2202 2018 si-

90 2027 326 2107 quidem
362 2027 618 2109 quotidie
645 2029 966 2107 ingeminat
999 2050 1011 2086 :
1041 2027 1370 2105 Numquid
1401 2038 1455 2085 et
1485 2049 1578 2086 vos
1612 2029 1791 2086 vultis
1826 2026 2040 2086 abire?

168 2122 269 2181 21.
318 2123 407 2181 Ad
432 2124 545 2197 7¹¹1,
587 2125 761 2204 Resp.
787 2123 1007 2204 optime
1034 2121 1092 2180 id
1118 2122 1403 2203 perspici3
1436 2121 1937 2204 quemadmodum
1966 2122 2200 2199 scilicet,

89 2237 220 2275 cum
251 2227 514 2295 ageretur
543 2218 617 2278 de
651 2241 861 2298 magna
896 2215 1088 2298 aliqua
1115 2239 1177 2276 re
1205 2219 1270 2276 in
1300 2229 1602 2299 posterum
1642 2230 1744 2277 aut
1779 2217 2074 2278 molienda
2101 2230 2203 2277 aut

87 2311 446 2371 instituenda
468 2358 482 2385 7
519 2314 821 2372 consuevit
848 2312 1110 2371 Christus
1140 2312 1363 2370 animos
1395 2311 1704 2394 disponere
1734 2335 1799 2371 ac
1840 2333 2199 2394 praeparare7

88 2426 162 2464 ne
194 2407 368 2466 nimis
402 2407 857 2489 percellerentur
896 2407 981 2466 rei
1014 2406 1276 2468 novitate
1318 2406 1412 2485 (2)
1435 2450 1451 2480 ,
1487 2407 1568 2465 ita
1605 2428 1666 2467 se
1704 2409 1877 2486 gessit
1915 2410 2061 2467 circa
2092 2408 2202 2467 hoc

154 2559 216 2623 (l)
248 2558 392 2607 Juxta
409 2560 607 2609 Kuinoel
636 2562 841 2623 aliosque
868 2578 974 2608 cum
996 2562 1094 2625 ipso
1183 2559 1334 2607 verbis
1368 2561 1445 2607 uti
1470 2562 1744 2625 potuisset?
1785 2561 1890 2609 Cur
1917 2560 2126 2609 Carnem
2160 2569 2205 2608 et

86 2638 294 2689 Christus
325 2643 402 2690 hic
431 2642 612 2691 locutus
649 2653 713 2692 est
747 2642 807 2690 de
839 2653 986 2690 morte
1017 2661 1095 2690 sua
1180 2638 1508 2704 Sanquinem,
1552 2659 1639 2690 cnr
1670 2660 1802 2690 esum
1835 2651 1878 2689 et
1906 2651 2074 2707 potum
2101 2642 2203 2689 dis-

87 2722 281 2771 violenta
325 2741 379 2771 ac
422 2725 478 2773 de
521 2725 611 2772 fide
643 2727 691 2772 in
722 2725 844 2772 hanc
878 2735 1092 2773 mortem.

86 2800 167 2850 Ast
198 2801 406 2853 Christus
441 2807 652 2855 nondum
691 2817 900 2854 mortuus
929 2807 1094 2854 fuerat.

86 2882 157 2931 Ita
181 2884 422 2935 adversarii
445 2890 638 2953 propriis
660 2891 798 2937 armis
818 2906 978 2937 necem
1006 2887 1094 2938 sibi

86 2965 426 3029 quodammodo
453 2962 677 3019 inferunt.

152 3047 221 3111 (2)
257 3047 334 3096 Sic
353 3065 467 3114 saepe
500 3051 710 3100 Christus
738 3052 946 3117 praedixit
967 3053 1095 3101 futu·

82 3146 183 3176 ram
219 3140 412 3178 mortem
451 3142 495 3180 et
525 3123 905 3182 resurrectionem
941 3152 1091 3183 suam.

82 3209 141 3257 Et
180 3211 273 3259 huc
332 3211 551 3276 applicari
601 3214 792 3278 possunt
849 3214 1095 3264 Salvatoris

83 3291 218 3340 verba
238 3328 251 3351 7
294 3292 431 3341 Joan.
470 3311 574 3354 xiv,
610 3310 707 3360 29:
735 3295 807 3344 Et
825 3309 955 3345 nunc
988 3298 1099 3346 dimi

82 3374 232 3434 vobis,
247 3375 395 3439 prius
414 3393 557 3439 quam
567 3375 657 3439 fiat
675 3415 687 3437 7
704 3386 775 3437 nt,
793 3394 902 3426 cum
912 3379 1095 3442 factum

75 3455 260 3518 fuerit,
301 3457 522 3505 credatis.
556 3459 772 3523 Apposite
805 3458 1096 3510 Maidonatus

85 3536 348 3587 Comment.
383 3542 434 3588 in
465 3541 592 3587 hunc
626 3540 698 3588 loc
732 3558 745 3588 :
786 3541 993 3606 Quoew,
1026 3544 1097 3591 in-

83 3621 210 3682 quit,
250 3622 297 3667 si
333 3621 390 3668 de
427 3618 736 3671 Sacramento
770 3622 1099 3672 Eucharistiae

83 3713 215 3761 aqere
254 3702 480 3751 voluisset
523 3703 841 3769 (Christus),
886 3703 1092 3771 illudque

84 3783 284 3832 omnino
307 3784 584 3851 depinqer37
614 3786 789 3851 quibus
814 3786 1098 3838 clarioribus

1178 2724 1435 2771 tinxisset?
1452 2724 1572 2771 Nisi
1597 2726 1714 2789 quia
1742 2725 1798 2771 de
1817 2721 1975 2772 Carne
2008 2734 2054 2772 et
2074 2721 2204 2773 San-

1175 2807 1326 2870 quine
1347 2807 1449 2854 sais
1481 2806 1546 2853 ad
1584 2807 1778 2854 modum
1813 2806 1913 2854 cibi
1947 2815 1992 2854 et
2018 2815 2162 2871 potus
2184 2842 2201 2868 ‚

1179 2889 1334 2952 specie
1356 2890 1510 2954 panis
1538 2898 1581 2936 et
1609 2891 1717 2937 vini
1743 2889 1919 2955 dandis
1934 2924 1951 2950 ,
1983 2888 2201 2953 loqueba-

1179 2973 1296 3017 tur?
1316 2969 1377 3017 Si
1404 2969 1590 3018 nullum
1612 2979 1779 3036 postea
1806 2972 1959 3037 specie
1977 2973 2133 3036 panis
2159 2979 2203 3019 et

1179 3053 1286 3125 pini
1313 3050 1678 3100 Sacramentum
1701 3053 2017 3112 instituisset,
2051 3051 2201 3100 aliam

1178 3150 1496 3198 quoereremus
1520 3135 1984 3199 interpretationem,
2002 3150 2200 3182 conare-

1179 3232 1406 3279 mumque,
1438 3232 1731 3280 quocumque
1750 3232 1999 3280 possemus
2023 3215 2160 3264 modo
2180 3252 2194 3275 ‚

1178 3297 1244 3345 ad
1266 3299 1367 3363 ejus
1380 3306 1577 3345 mortem
1605 3297 1959 3346 accommodare
1977 3334 1991 3361 7
2013 3313 2102 3345 nos
2110 3314 2203 3363 per

1173 3380 1320 3444 fidem
1350 3380 1642 3428 manducare
1681 3382 1784 3442 ejus
1813 3379 2020 3428 Carnem
2043 3417 2056 3439 7
2097 3381 2201 3445 ejus

1179 3460 1480 3527 Sanquinem
1496 3461 1671 3512 bibere.
1695 3461 1820 3509 Cum
1846 3470 2003 3509 autem
2025 3457 2203 3510 Sacra-

1182 3555 1397 3593 mentum
1422 3544 1572 3610 paulo
1593 3554 1703 3611 post
1732 3544 2063 3592 Eucharistiae
2091 3557 2200 3588 con-

1180 3629 1419 3688 stituerit,
1444 3628 1534 3674 ubi
1551 3636 1648 3674 tam
1667 3635 1855 3693 aperte,
1884 3633 1980 3671 tam
2003 3623 2200 3688 proprie

1173 3709 1523 3758 manducamus
1541 3718 1587 3757 et
1606 3709 1834 3766 bibimus,
1852 3722 1950 3753 non
1962 3703 2196 3769 intelligo,

1180 3794 1320 3857 cujus
1343 3792 1409 3838 sit
1420 3790 1616 3857 Judicii
1640 3799 1781 3855 atqu-e
1800 3787 2077 3854 prudentiae
2093 3824 2110 3850 7
2130 3803 2197 3834 re·
