2502 4186
2100 225 2220 284 259

454 245 581 282 GAP.
628 245 709 282 IV.
758 245 825 281 DE
870 243 1252 284 EUCHARISTIAE
1295 245 1691 298 NECESSITATE,
1740 246 1861 283 nTc.

115 390 220 447 ties
247 389 422 466 igitur
465 398 631 465 urget
669 386 944 446 adversus
975 386 1307 466 Pelagianos
1348 387 1578 467 praxim
1618 386 2073 446 administrandi
2107 389 2224 447 Eu-

114 483 446 541 charistiam
472 480 790 540 infantibus
811 526 826 554 ,
868 492 932 540 ut
956 503 1063 563 per
1090 501 1219 540 eam
1252 479 1649 559 adipiscantur
1684 481 1868 540 vitam
1899 491 2179 541 aeternam
2202 526 2219 556 ‚
2264 541 2265 545 ,

113 598 244 636 eam
267 588 434 656 urget
461 597 532 635 ex
556 574 788 633 illorum
811 575 1142 657 principiis3
1171 573 1390 633 etenim
1413 618 1428 646 ,
1458 573 1504 631 si
1538 573 1651 654 ipsi
1689 574 1934 634 tandem
1971 577 2223 636 confite-

114 670 362 746 bantur,
400 693 522 729 non
557 691 723 751 posse
746 670 998 730 infantes
1032 669 1275 727 introire
1312 668 1375 726 in
1416 689 1663 747 regnum
1698 670 1802 727 Dei
1831 668 2050 751 absque
2074 673 2228 753 Bap-

117 768 289 826 tismo
311 811 327 839 a
363 766 496 846 quia
535 766 816 846 scriptum
836 777 924 825 est
960 787 973 822 :
1009 763 1158 824 Nisi
1181 768 1319 841 quis
1348 773 1598 822 renatus
1612 767 1813 842 fuerit
1825 806 1847 835 ,
1887 764 2187 824 debebant
2208 811 2225 840 ,

116 873 181 920 ut
202 860 309 918 sibi
332 859 687 918 cohaerentes
717 870 939 930 essent,
964 858 1183 940 pariter
1203 856 1401 930 fateri,
1427 855 1645 938 absque
1676 857 2033 917 Eucharistia
2058 905 2074 932 ,
2099 881 2228 941 quae

111 954 344 1013 nonnisi
361 965 495 1035 post
517 955 878 1035 Baptismum
907 954 1044 1032 ipsis
1073 951 1598 1011 administrabatur
1620 997 1635 1023 ,
1662 974 1784 1010 non
1814 974 1983 1034 posse
2005 953 2225 1014 habere

110 1053 294 1127 vitam
324 1054 638 1122 aeternam3
667 1068 798 1109 cum
825 1048 1043 1129 pariter
1062 1046 1345 1127 scriptum
1373 1047 1448 1105 sit
1472 1069 1486 1104 ε
1515 1048 1668 1106 Nisi
1685 1049 2229 1120 manducaveritiS,

106 1154 221 1204 etc.
253 1145 580 1224 praesertim
616 1166 747 1203 cum
781 1141 1037 1201 Ecclesiae
1068 1142 1263 1223 praxis
1304 1141 1442 1200 huic
1482 1141 1976 1200 administrationi
2016 1142 2229 1202 suffra-

110 1249 344 1318 garetur
371 1239 477 1319 (l)
522 1238 735 1298 Eadem
768 1236 993 1295 ratione
1026 1236 1238 1318 exponi
1271 1235 1492 1295 debent
1525 1238 1582 1296 S.
1626 1237 2000 1299 Innocentius
2024 1248 2085 1295 et
2111 1239 2228 1296 Ge-

112 1332 286 1391 lasius
306 1378 322 1406 7
350 1334 448 1414 qui
470 1330 858 1413 loquebantur
885 1330 1244 1390 cohaerenter
1267 1330 1344 1389 ad
1371 1330 1746 1412 disciplinam
1774 1343 1918 1390 tunc
1947 1332 2230 1413 temporis

110 1429 173 1488 in
201 1430 447 1490 Ecclesia
470 1431 796 1510 vigentem3
832 1449 966 1488 cum
995 1429 1214 1509 pariter
1237 1449 1361 1486 non
1392 1428 1759 1507 ignorarent,
1802 1427 1994 1489 salvos
2025 1427 2229 1488 haberi

113 1545 210 1583 eos
233 1570 251 1599 .,
295 1526 394 1607 qui
423 1524 544 1583 solo
571 1524 927 1605 Baptismate
956 1521 1141 1582 abluti
1169 1543 1242 1581 ex
1267 1521 1376 1580 hac
1402 1523 1524 1582 vita
1555 1522 1926 1601 migrassent.

114 1748 305 1792 tisinum
335 1745 475 1791 creari
498 1744 547 1789 in
564 1740 744 1790 Christo
766 1778 779 1800 ,
813 1741 909 1788 fieri
929 1737 1129 1787 haeredes

107 1823 194 1872 Dei
215 1833 260 1871 et
290 1823 544 1871 cohaeredes
565 1821 770 1880 Christi,
793 1823 912 1868 utin
940 1817 1027 1867 lib.
1054 1817 1134 1865 De

97 1912 282 1971 peccat.
312 1905 469 1952 merit.
506 1920 615 1968 cap.
657 1900 732 1952 18.
764 1900 814 1949 3⁰
838 1900 959 1950 Cum
981 1901 1129 1961 dicit,

106 1987 308 2052 parvulis
322 1988 372 2034 in
389 1984 625 2051 Baptismo
638 1983 833 2033 latenter
847 1985 1037 2049 gratiam
1055 1985 1130 2029 in-

109 2068 274 2123 fundi,
306 2069 371 2115 sic
396 2067 516 2114 ibid.
543 2084 642 2131 cap.
662 2081 712 2132 9.
743 2062 795 2129 40
813 2064 930 2112 Cum
961 2065 1094 2111 docet
1115 2100 1128 2123 ‚

110 2150 322 2214 parvulos
355 2166 435 2213 per
465 2148 756 2212 Baptismum
787 2147 888 2195 fieri
916 2145 1062 2212 justos
1083 2153 1128 2193 et

110 2241 310 2290 sanctos,
341 2239 392 2278 ut
434 2232 485 2277 in
523 2228 621 2294 Op.
654 2228 923 2293 imperfecti
963 2235 1128 2281 contra

108 2311 215 2360 Jul.
242 2311 330 2359 lib.
368 2329 415 2360 v.
448 2328 553 2375 cap.
577 2308 667 2372 64.
704 2309 814 2358 Haec
841 2326 975 2375 porro
1016 2309 1128 2358 alia·

111 2412 201 2458 que
217 2394 443 2459 ejusmodi
459 2394 682 2458 principia
697 2395 911 2457 componi
927 2393 1128 2457 profecto

108 2493 204 2524 non
234 2487 424 2541 possunt
450 2493 557 2524 cum
584 2475 797 2524 absoluta
827 2475 1126 2523 Eucharistiae

108 2563 377 2609 necessitate
416 2561 472 2608 ad
515 2560 776 2608 habendam
812 2562 954 2608 vitam
1002 2570 1127 2608 aeter-

109 2658 241 2690 nam.
275 2641 374 2692 Cfr.
395 2644 533 2690 etiam
553 2640 604 2690 S.
628 2641 817 2700 Doctor,
843 2639 914 2689 De
941 2642 1127 2705 oriqine

112 2724 321 2783 animoe,
369 2722 454 2771 lib.
488 2740 538 2781 ι,
588 2740 693 2787 cap.
723 2738 793 2788 ⁴9,
839 2733 883 2770 et
909 2722 995 2771 lib.
1036 2740 1089 2770 111
1110 2760 1122 2781 ,

115 2821 218 2868 cap.
250 2820 304 2870 9.

184 2885 250 2948 (1)
288 2884 386 2933 Cfr.
409 2883 548 2935 Card.
566 2885 772 2933 Norisius
788 2886 838 2932 in
866 2883 921 2930 V
919 2883 1124 2933 indiciis

115 2967 391 3030 Auqustin.
425 2983 528 3032 cap.
563 2965 616 3030 4,
641 2965 667 3032 S
695 2964 730 3030 4
759 3002 773 3028 ,
799 2968 881 3032 qui
911 2978 1123 3016 accurate

115 3048 469 3107 animadvertit,
496 3050 662 3098 dixisse
691 3048 880 3114 quidem
917 3060 1118 3112 veteres,

114 3147 212 3177 non
246 3147 374 3194 posse
414 3130 612 3178 infantes
648 3133 747 3178 sine
796 3130 1078 3180 Eucharistia
1105 3168 1119 3192 ‚

117 3228 221 3276 quae
266 3214 417 3259 statim
461 3222 562 3275 post
603 3211 890 3275 Baptismum
921 3214 1125 3262 confere-

114 3293 249 3340 batur
283 3330 296 3352 ,
355 3291 525 3340 habere
580 3295 725 3341 vitam
779 3303 995 3341 aeternam
1044 3313 1124 3344 seu

118 3385 333 3421 aeternam
352 3374 544 3422 salutem
567 3389 582 3436 3
606 3382 654 3422 at
668 3392 910 3439 nunquam
935 3376 1124 3440 dixisse,

114 3456 315 3504 infantes
362 3466 539 3503 tantum
591 3455 846 3520 Baptizatos
887 3467 992 3506 ante
1027 3458 1123 3507 Eu-

118 3536 339 3585 charistiae
366 3539 675 3601 sumptionem
705 3554 800 3584 non
839 3538 1009 3587 habere
1029 3558 1123 3604 gra·

123 3619 231 3665 tiam
266 3618 350 3667 Dei
374 3628 418 3667 et
430 3621 507 3684 jus
522 3619 580 3666 ad
598 3621 734 3666 vitam
753 3629 986 3668 aeternam.
1011 3619 1124 3685 Quae

123 3696 214 3746 duo
242 3698 556 3763 permiscenda
597 3703 716 3749 inter
772 3718 818 3750 se
865 3719 959 3751 non
1001 3712 1123 3752 sunt.

1218 1738 1424 1785 Primum
1449 1737 1640 1802 quidem
1671 1739 1906 1801 optimum
1941 1751 2127 1785 sensum
2158 1738 2243 1786 ha·

1215 1819 1294 1868 bet
1320 1822 1453 1885 juxta
1480 1819 1695 1867 Ecclesiae
1731 1820 1910 1884 praxim
1951 1829 1995 1867 et
2023 1818 2231 1867 indolem

1218 1901 1538 1966 disputationis
1610 1918 1689 1948 seu
1737 1902 2055 1949 controversiae
2109 1899 2234 1965 pela-

1214 1986 1358 2048 gianae
1378 2020 1392 2044 ,
1417 2000 1524 2031 cum
1544 1981 1735 2047 perinde
1765 1991 1885 2031 esse-t
1901 1998 1954 2030 ac
1981 1981 2231 2044 affirmare,

1213 2065 1415 2113 infantes
1440 2067 1537 2112 sine
1568 2060 1801 2128 Baptismo
1830 2065 1975 2113 salvos
2008 2082 2104 2113 esse
2132 2082 2231 2112 non

1214 2164 1358 2211 posse.
1397 2145 1603 2195 Alterum
1626 2162 1732 2194 vero
1766 2156 1832 2195 est
1853 2137 2225 2211 apertefalsum,

1213 2239 1259 2277 et
1285 2232 1568 2278 contrarium
1602 2239 1809 2277 veterum
1833 2231 2010 2288 menti,
2039 2238 2090 2277 ut
2110 2244 2228 2277 con-

1212 2320 1298 2358 stat
1325 2328 1384 2360 ex
1410 2310 1559 2360 dictis.
1584 2310 1633 2359 S.
1658 2311 2007 2375 Fulgentiussin
2037 2325 2227 2375 respon-

1211 2393 1340 2442 sione
1372 2393 1429 2441 ad
1451 2393 1565 2441 duas
1595 2393 1728 2457 epist.
1759 2391 1795 2439 F
1799 2390 1982 2440 errandi
2005 2391 2190 2439 diaconi
2211 2428 2226 2452 ‚

1214 2475 1343 2540 quod
1394 2475 1572 2523 dictum
1618 2486 1684 2523 est
1725 2493 1751 2523 a
1789 2473 1839 2522 S.
1883 2472 2147 2538 Augustino
2183 2483 2229 2523 st

1210 2557 1400 2623 reliquis
1444 2555 1656 2606 Patribus
1709 2556 1765 2604 de
1813 2558 2085 2604 necessitate
2130 2555 2228 2605 Eu-

1209 2639 1430 2688 charistiae
1471 2640 1624 2705 quoad
1666 2638 1896 2698 infantes,
1944 2640 2132 2702 exponit
2169 2638 2230 2686 de

1206 2723 1549 2787 participatione
1573 2720 1826 2784 spirituali,
1860 2720 2009 2785 qualis
2040 2719 2228 2767 obtine-

1205 2813 1281 2851 tur
1316 2821 1397 2868 per
1423 2802 1709 2867 Baptismum
1729 2838 1741 2861 ‚
1777 2819 1870 2867 quo
1903 2801 2103 2849 infantes
2129 2801 2225 2850 Deo

1205 2887 1548 2950 conjunguntur
1563 2884 1656 2932 fide
1673 2894 1718 2932 et
1735 2884 1973 2932 charitate.
1997 2882 2118 2932 Huic
2144 2900 2225 2932 ex-

1204 2969 1417 3032 positioni
1446 2967 1569 3014 favet
1602 2962 1655 3015 S.
1689 2964 1908 3014 Thomas.
1944 2964 2091 3025 Esto;
2120 2982 2225 3013 eam

1204 3067 1301 3097 non
1333 3065 1515 3112 respuo.
1549 3046 1761 3113 Spectata
1791 3056 1947 3095 tamen
1977 3047 2107 3111 praxi
2143 3063 2225 3094 an-

1205 3133 1343 3196 tiquae
1374 3129 1588 3177 Ecclesiae
1609 3165 1623 3188 ‚
1657 3128 1715 3176 ad
1738 3145 1878 3194 quam
1907 3127 2122 3176 alludunt
2147 3145 2227 3176 ve-

1207 3222 1321 3261 teres
1341 3249 1354 3271 ,
1373 3214 1621 3276 praesertim
1653 3209 1702 3256 S.
1731 3209 2030 3258 Innocentius
2054 3218 2099 3257 et
2126 3206 2222 3256 Ge-

1206 3295 1345 3343 lasius
1388 3295 1558 3341 summi
1602 3292 1884 3352 Pontifices,
1926 3302 1970 3340 et
2013 3293 2222 3357 spectatis

1207 3379 1371 3441 apertis
1391 3374 1434 3423 S.
1456 3374 1702 3440 Augustini
1722 3375 1995 3427 testimoniis
2014 3410 2027 3433 ,
2046 3375 2096 3420 in
2113 3374 2220 3438 qui-

1208 3457 1296 3505 bus
1328 3457 1534 3522 loquitur
1558 3455 1615 3503 de
1648 3456 1968 3520 propinatione
1989 3453 2224 3516 sanguinis

1204 3539 1320 3587 facta
1340 3537 1598 3586 infantibus
1620 3574 1634 3597 ‚
1655 3554 1752 3585 non
1780 3529 1961 3583 videtur
1989 3532 2226 3581 sufficiens

1205 3623 1321 3668 ratio
1357 3637 1544 3679 eorum,
1576 3621 1656 3685 qui
1693 3626 1894 3666 mentem
1924 3625 2132 3664 veterum
2163 3615 2227 3661 ita

1207 3706 1584 3770 interpretantur.
1625 3700 1743 3752 Satis
1789 3701 1848 3748 sit
1877 3716 2027 3747 unum
2069 3696 2232 3747 afferro

1854 3779 1948 3838 17.
