<?xml version="1.0" encoding="UTF-8"?>
<!DOCTYPE html PUBLIC "-//W3C//DTD XHTML 1.0 Transitional//EN"
    "http://www.w3.org/TR/xhtml1/DTD/xhtml1-transitional.dtd">
<html xmlns="http://www.w3.org/1999/xhtml" xml:lang="en" lang="en">
 <head>
  <title>
</title>
<meta http-equiv="Content-Type" content="text/html;charset=utf-8" />
  <meta name='ocr-system' content='tesseract 3.04.00' />
  <meta name='ocr-capabilities' content='ocr_page ocr_carea ocr_par ocr_line ocrx_word'/>
</head>
<body>
  <div class='ocr_page' id='page_1' title='image "a603693806perruoft_0280.png"; bbox 0 0 2502 4186; ppageno 0'>
   <div class='ocr_carea' id='block_1_1' title="bbox 301 242 423 304">
    <p class='ocr_par' dir='ltr' id='par_1_1' title="bbox 301 242 423 304">
     <span class='ocr_line' id='line_1_1' title="bbox 301 242 423 304; baseline 0 -1"><span class='ocrx_word' id='word_1_1' title='bbox 301 242 423 304; x_wconf 76' lang='lat'>272</span> 
     </span>
    </p>
   </div>
   <div class='ocr_carea' id='block_1_2' title="bbox 920 259 1806 303">
    <p class='ocr_par' dir='ltr' id='par_1_2' title="bbox 920 259 1806 303">
     <span class='ocr_line' id='line_1_2' title="bbox 920 259 1806 303; baseline 0.005 -4"><span class='ocrx_word' id='word_1_2' title='bbox 920 261 1244 300; x_wconf 68' lang='lat' dir='ltr'>TRAGTATUS</span> <span class='ocrx_word' id='word_1_3' title='bbox 1291 262 1361 298; x_wconf 74' lang='grc' dir='ltr'>ΒΕ</span> <span class='ocrx_word' id='word_1_4' title='bbox 1402 259 1806 303; x_wconf 71' lang='lat' dir='ltr'><strong>EUGHARIS‘HA.</strong></span> 
     </span>
    </p>
   </div>
   <div class='ocr_carea' id='block_1_3' title="bbox 300 401 2502 2206">
    <p class='ocr_par' dir='ltr' id='par_1_3' title="bbox 300 401 2502 2206">
     <span class='ocr_line' id='line_1_3' title="bbox 302 401 2428 487; baseline 0 -20"><span class='ocrx_word' id='word_1_5' title='bbox 302 408 394 468; x_wconf 91' lang='lat' dir='ltr'>cui</span> <span class='ocrx_word' id='word_1_6' title='bbox 426 423 652 464; x_wconf 87' lang='lat' dir='ltr'>novum</span> <span class='ocrx_word' id='word_1_7' title='bbox 678 401 903 462; x_wconf 90' lang='lat' dir='ltr'>suffecit</span> <span class='ocrx_word' id='word_1_8' title='bbox 928 403 993 462; x_wconf 90' lang='lat' dir='ltr'>in</span> <span class='ocrx_word' id='word_1_9' title='bbox 1035 401 1332 464; x_wconf 87' lang='lat' dir='ltr'>oblatione</span> <span class='ocrx_word' id='word_1_10' title='bbox 1371 406 1630 487; x_wconf 88' lang='lat' dir='ltr'>corporis</span> <span class='ocrx_word' id='word_1_11' title='bbox 1667 406 1784 464; x_wconf 91' lang='lat' dir='ltr'>sui.</span> <span class='ocrx_word' id='word_1_12' title='bbox 1821 406 1991 479; x_wconf 86' lang='lat' dir='ltr'>Quod</span> <span class='ocrx_word' id='word_1_13' title='bbox 2023 409 2070 468; x_wconf 88' lang='lat' dir='ltr'>si</span> <span class='ocrx_word' id='word_1_14' title='bbox 2103 430 2312 471; x_wconf 84' lang='lat' dir='ltr'>verum</span> <span class='ocrx_word' id='word_1_15' title='bbox 2334 430 2428 468; x_wconf 88' lang='lat' dir='ltr'>sa-</span> 
     </span>
     <span class='ocr_line' id='line_1_4' title="bbox 302 497 2427 586; baseline 0.001 -23"><span class='ocrx_word' id='word_1_16' title='bbox 302 500 580 564; x_wconf 87' lang='lat' dir='ltr'>crificium</span> <span class='ocrx_word' id='word_1_17' title='bbox 614 497 963 558; x_wconf 84' lang='lat' dir='ltr'>fuit-veteris</span> <span class='ocrx_word' id='word_1_18' title='bbox 1000 499 1293 580; x_wconf 90' lang='lat' dir='ltr'>paschatis</span> <span class='ocrx_word' id='word_1_19' title='bbox 1325 499 1638 560; x_wconf 84' lang='lat' dir='ltr'>celebratio</span> <span class='ocrx_word' id='word_1_20' title='bbox 1662 501 1780 580; x_wconf 88' lang='lat' dir='ltr'>(l),</span> <span class='ocrx_word' id='word_1_21' title='bbox 1821 522 2030 562; x_wconf 89' lang='lat' dir='ltr'>verum</span> <span class='ocrx_word' id='word_1_22' title='bbox 2060 524 2291 586; x_wconf 89' lang='lat' dir='ltr'>quoque</span> <span class='ocrx_word' id='word_1_23' title='bbox 2320 503 2427 564; x_wconf 90' lang='lat' dir='ltr'>de—</span> 
     </span>
     <span class='ocr_line' id='line_1_5' title="bbox 300 593 2425 682; baseline 0.001 -26"><span class='ocrx_word' id='word_1_24' title='bbox 300 596 431 657; x_wconf 85' lang='lat' dir='ltr'>buit</span> <span class='ocrx_word' id='word_1_25' title='bbox 456 614 580 654; x_wconf 90' lang='lat' dir='ltr'>esse</span> <span class='ocrx_word' id='word_1_26' title='bbox 603 593 958 652; x_wconf 89' lang='lat' dir='ltr'>Sacrificium</span> <span class='ocrx_word' id='word_1_27' title='bbox 979 593 1292 654; x_wconf 84' lang='lat' dir='ltr'>celebratio</span> <span class='ocrx_word' id='word_1_28' title='bbox 1323 596 1498 670; x_wconf 79' lang='lat' dir='ltr'>novi3</span> <span class='ocrx_word' id='word_1_29' title='bbox 1532 594 1682 655; x_wconf 90' lang='lat' dir='ltr'>illud</span> <span class='ocrx_word' id='word_1_30' title='bbox 1710 595 1899 655; x_wconf 89' lang='lat' dir='ltr'>solum</span> <span class='ocrx_word' id='word_1_31' title='bbox 1922 596 2080 656; x_wconf 88' lang='lat' dir='ltr'>inter</span> <span class='ocrx_word' id='word_1_32' title='bbox 2107 609 2425 682; x_wconf 89' lang='lat' dir='ltr'>utrumque</span> 
     </span>
     <span class='ocr_line' id='line_1_6' title="bbox 301 686 2427 772; baseline 0 -20"><span class='ocrx_word' id='word_1_33' title='bbox 301 689 656 752; x_wconf 89' lang='lat' dir='ltr'>Sacrificium</span> <span class='ocrx_word' id='word_1_34' title='bbox 686 688 1015 748; x_wconf 79' lang='lat' dir='ltr'>intercessit</span> <span class='ocrx_word' id='word_1_35' title='bbox 1037 686 1361 749; x_wconf 84' lang='lat' dir='ltr'>discrimen</span> <span class='ocrx_word' id='word_1_36' title='bbox 1385 735 1401 763; x_wconf 82' lang='grc'><em>,</em></span> <span class='ocrx_word' id='word_1_37' title='bbox 1446 689 1606 772; x_wconf 85' lang='lat' dir='ltr'>quod</span> <span class='ocrx_word' id='word_1_38' title='bbox 1638 689 1992 750; x_wconf 84' lang='lat' dir='ltr'>Sacrificium</span> <span class='ocrx_word' id='word_1_39' title='bbox 2037 693 2101 750; x_wconf 91' lang='lat' dir='ltr'>in</span> <span class='ocrx_word' id='word_1_40' title='bbox 2137 693 2274 772; x_wconf 85' lang='lat' dir='ltr'>agni</span> <span class='ocrx_word' id='word_1_41' title='bbox 2299 716 2427 753; x_wconf 90' lang='lat' dir='ltr'>ma-</span> 
     </span>
     <span class='ocr_line' id='line_1_7' title="bbox 302 782 2431 869; baseline 0 -21"><span class='ocrx_word' id='word_1_42' title='bbox 302 786 555 849; x_wconf 87' lang='lat' dir='ltr'>ctatione</span> <span class='ocrx_word' id='word_1_43' title='bbox 581 782 845 843; x_wconf 90' lang='lat' dir='ltr'>oblatum</span> <span class='ocrx_word' id='word_1_44' title='bbox 863 784 1036 843; x_wconf 88' lang='lat' dir='ltr'>fuerit</span> <span class='ocrx_word' id='word_1_45' title='bbox 1065 785 1414 845; x_wconf 90' lang='lat' dir='ltr'>Sacrificium</span> <span class='ocrx_word' id='word_1_46' title='bbox 1448 784 1783 845; x_wconf 87' lang='lat' dir='ltr'>absolutum</span> <span class='ocrx_word' id='word_1_47' title='bbox 1804 833 1820 862; x_wconf 62' lang='lat'>7</span> <span class='ocrx_word' id='word_1_48' title='bbox 1849 786 2008 869; x_wconf 87' lang='lat' dir='ltr'>quod</span> <span class='ocrx_word' id='word_1_49' title='bbox 2033 798 2231 848; x_wconf 88' lang='lat' dir='ltr'>autem</span> <span class='ocrx_word' id='word_1_50' title='bbox 2253 789 2316 846; x_wconf 92' lang='lat' dir='ltr'>in</span> <span class='ocrx_word' id='word_1_51' title='bbox 2337 790 2431 848; x_wconf 90' lang='lat' dir='ltr'>in-</span> 
     </span>
     <span class='ocr_line' id='line_1_8' title="bbox 305 879 2426 955; baseline 0 -12"><span class='ocrx_word' id='word_1_52' title='bbox 305 882 611 944; x_wconf 86' lang='lat' dir='ltr'>stitutione</span> <span class='ocrx_word' id='word_1_53' title='bbox 650 879 1022 940; x_wconf 70' lang='lat' dir='ltr'>Eucharistiae</span> <span class='ocrx_word' id='word_1_54' title='bbox 1054 879 1318 940; x_wconf 87' lang='lat' dir='ltr'>oblatum</span> <span class='ocrx_word' id='word_1_55' title='bbox 1359 891 1447 940; x_wconf 91' lang='lat' dir='ltr'>est</span> <span class='ocrx_word' id='word_1_56' title='bbox 1469 927 1485 955; x_wconf 70' lang='grc'><em>,</em></span> <span class='ocrx_word' id='word_1_57' title='bbox 1523 881 1701 941; x_wconf 86' lang='lat' dir='ltr'>fuerit</span> <span class='ocrx_word' id='word_1_58' title='bbox 1735 881 2051 945; x_wconf 89' lang='lat' dir='ltr'>relativum</span> <span class='ocrx_word' id='word_1_59' title='bbox 2085 883 2160 943; x_wconf 84' lang='lat' dir='ltr'>ad</span> <span class='ocrx_word' id='word_1_60' title='bbox 2191 885 2426 944; x_wconf 87' lang='lat' dir='ltr'>Sacrifi-</span> 
     </span>
     <span class='ocr_line' id='line_1_9' title="bbox 305 976 2430 1062; baseline 0 -23"><span class='ocrx_word' id='word_1_61' title='bbox 305 980 461 1039; x_wconf 89' lang='lat' dir='ltr'>cium</span> <span class='ocrx_word' id='word_1_62' title='bbox 497 976 679 1036; x_wconf 90' lang='lat' dir='ltr'>crucis</span> <span class='ocrx_word' id='word_1_63' title='bbox 723 997 861 1035; x_wconf 86' lang='lat' dir='ltr'>mox</span> <span class='ocrx_word' id='word_1_64' title='bbox 915 976 979 1035; x_wconf 91' lang='lat' dir='ltr'>in</span> <span class='ocrx_word' id='word_1_65' title='bbox 1029 997 1196 1036; x_wconf 91' lang='lat' dir='ltr'>cruce</span> <span class='ocrx_word' id='word_1_66' title='bbox 1237 976 1660 1059; x_wconf 82' lang='lat' dir='ltr'>peragendum.</span> <span class='ocrx_word' id='word_1_67' title='bbox 1727 979 1944 1037; x_wconf 88' lang='lat' dir='ltr'>Rursus</span> <span class='ocrx_word' id='word_1_68' title='bbox 1999 1001 2113 1061; x_wconf 88' lang='lat' dir='ltr'>quo</span> <span class='ocrx_word' id='word_1_69' title='bbox 2163 990 2430 1062; x_wconf 87' lang='lat' dir='ltr'>tempore</span> 
     </span>
     <span class='ocr_line' id='line_1_10' title="bbox 304 1071 2430 1143; baseline 0 -9"><span class='ocrx_word' id='word_1_70' title='bbox 304 1073 728 1135; x_wconf 86' lang='lat' dir='ltr'>Eucharistiam</span> <span class='ocrx_word' id='word_1_71' title='bbox 759 1071 1022 1130; x_wconf 89' lang='lat' dir='ltr'>Christus</span> <span class='ocrx_word' id='word_1_72' title='bbox 1065 1072 1350 1143; x_wconf 68' lang='lat' dir='ltr'>instituit,</span> <span class='ocrx_word' id='word_1_73' title='bbox 1384 1094 1615 1132; x_wconf 90' lang='lat' dir='ltr'>novum</span> <span class='ocrx_word' id='word_1_74' title='bbox 1651 1071 1842 1132; x_wconf 87' lang='lat' dir='ltr'>foedus</span> <span class='ocrx_word' id='word_1_75' title='bbox 1879 1095 1981 1133; x_wconf 90' lang='lat' dir='ltr'>seu</span> <span class='ocrx_word' id='word_1_76' title='bbox 2005 1086 2430 1135; x_wconf 87' lang='lat' dir='ltr'>testamentum</span> 
     </span>
     <span class='ocr_line' id='line_1_11' title="bbox 305 1166 2431 1248; baseline 0 -18"><span class='ocrx_word' id='word_1_77' title='bbox 305 1168 608 1242; x_wconf 86' lang='lat' dir='ltr'>condidit</span> <span class='ocrx_word' id='word_1_78' title='bbox 636 1166 874 1226; x_wconf 86' lang='lat' dir='ltr'>dicenS.</span> <span class='ocrx_word' id='word_1_79' title='bbox 901 1167 1027 1227; x_wconf 77' lang='lat' dir='ltr'>Hic</span> <span class='ocrx_word' id='word_1_80' title='bbox 1054 1178 1139 1226; x_wconf 79' lang='lat' dir='ltr'>est</span> <span class='ocrx_word' id='word_1_81' title='bbox 1157 1173 1411 1248; x_wconf 71' lang='lat' dir='ltr'>sanquis</span> <span class='ocrx_word' id='word_1_82' title='bbox 1434 1173 1579 1227; x_wconf 72' lang='lat' dir='ltr'>novi</span> <span class='ocrx_word' id='word_1_83' title='bbox 1608 1173 1973 1235; x_wconf 74' lang='lat' dir='ltr'>testamenti;</span> <span class='ocrx_word' id='word_1_84' title='bbox 2007 1180 2431 1231; x_wconf 88' lang='lat' dir='ltr'>testamentum</span> 
     </span>
     <span class='ocr_line' id='line_1_12' title="bbox 305 1261 2431 1348; baseline 0 -23"><span class='ocrx_word' id='word_1_85' title='bbox 305 1277 505 1326; x_wconf 89' lang='lat' dir='ltr'>autem</span> <span class='ocrx_word' id='word_1_86' title='bbox 538 1273 598 1323; x_wconf 90' lang='lat' dir='ltr'>et</span> <span class='ocrx_word' id='word_1_87' title='bbox 625 1261 815 1322; x_wconf 86' lang='lat' dir='ltr'>foedus</span> <span class='ocrx_word' id='word_1_88' title='bbox 846 1283 918 1321; x_wconf 83' lang='lat' dir='ltr'>ex</span> <span class='ocrx_word' id='word_1_89' title='bbox 950 1261 1212 1344; x_wconf 88' lang='lat' dir='ltr'>Apostoli</span> <span class='ocrx_word' id='word_1_90' title='bbox 1253 1263 1541 1338; x_wconf 67' lang='lat' dir='ltr'>doctrina,</span> <span class='ocrx_word' id='word_1_91' title='bbox 1582 1262 1733 1324; x_wconf 86' lang='lat' dir='ltr'>Heb.</span> <span class='ocrx_word' id='word_1_92' title='bbox 1771 1265 1883 1339; x_wconf 91' lang='lat' dir='ltr'>IX</span> <span class='ocrx_word' id='word_1_93' title='bbox 1927 1264 2000 1322; x_wconf 92' lang='lat'>17</span> <span class='ocrx_word' id='word_1_94' title='bbox 2038 1275 2098 1323; x_wconf 90' lang='lat' dir='ltr'>et</span> <span class='ocrx_word' id='word_1_95' title='bbox 2135 1286 2299 1348; x_wconf 85' lang='lat' dir='ltr'>seqq.</span> <span class='ocrx_word' id='word_1_96' title='bbox 2336 1288 2431 1325; x_wconf 88' lang='lat' dir='ltr'>sa-</span> 
     </span>
     <span class='ocr_line' id='line_1_13' title="bbox 308 1356 2432 1441; baseline 0 -21"><span class='ocrx_word' id='word_1_97' title='bbox 308 1360 521 1421; x_wconf 87' lang='lat' dir='ltr'>crificio</span> <span class='ocrx_word' id='word_1_98' title='bbox 571 1369 629 1418; x_wconf 89' lang='lat' dir='ltr'>et</span> <span class='ocrx_word' id='word_1_99' title='bbox 682 1358 962 1435; x_wconf 81' lang='lat' dir='ltr'>sanguine</span> <span class='ocrx_word' id='word_1_100' title='bbox 1002 1356 1257 1416; x_wconf 88' lang='lat' dir='ltr'>dedicari</span> <span class='ocrx_word' id='word_1_101' title='bbox 1303 1359 1599 1440; x_wconf 80' lang='lat' dir='ltr'>oportuit3</span> <span class='ocrx_word' id='word_1_102' title='bbox 1642 1381 1855 1441; x_wconf 89' lang='lat' dir='ltr'>quare,</span> <span class='ocrx_word' id='word_1_103' title='bbox 1896 1360 2046 1419; x_wconf 91' lang='lat' dir='ltr'>sicut</span> <span class='ocrx_word' id='word_1_104' title='bbox 2095 1361 2318 1441; x_wconf 77' lang='lat' dir='ltr'>Moyses</span> <span class='ocrx_word' id='word_1_105' title='bbox 2358 1361 2432 1422; x_wconf 89' lang='lat' dir='ltr'>de</span> 
     </span>
     <span class='ocr_line' id='line_1_14' title="bbox 310 1451 2431 1536; baseline 0 -20"><span class='ocrx_word' id='word_1_106' title='bbox 310 1454 594 1535; x_wconf 84' lang='lat' dir='ltr'>sanguine</span> <span class='ocrx_word' id='word_1_107' title='bbox 625 1452 796 1512; x_wconf 87' lang='lat' dir='ltr'>vituli</span> <span class='ocrx_word' id='word_1_108' title='bbox 832 1451 1002 1526; x_wconf 85' lang='lat' dir='ltr'>dixit</span> <span class='ocrx_word' id='word_1_109' title='bbox 1030 1451 1215 1511; x_wconf 86' lang='lat' dir='ltr'>Exod.</span> <span class='ocrx_word' id='word_1_110' title='bbox 1244 1454 1463 1528; x_wconf 87' lang='lat' dir='ltr'>XXIV</span> <span class='ocrx_word' id='word_1_111' title='bbox 1490 1454 1582 1513; x_wconf 84' lang='lat'>8:</span> <span class='ocrx_word' id='word_1_112' title='bbox 1616 1457 1741 1514; x_wconf 80' lang='lat' dir='ltr'>Hic</span> <span class='ocrx_word' id='word_1_113' title='bbox 1767 1467 1850 1514; x_wconf 80' lang='lat' dir='ltr'>est</span> <span class='ocrx_word' id='word_1_114' title='bbox 1875 1460 2127 1536; x_wconf 70' lang='lat' dir='ltr'>sanquis</span> <span class='ocrx_word' id='word_1_115' title='bbox 2147 1457 2431 1536; x_wconf 68' lang='lat' dir='ltr'>faederis,</span> 
     </span>
     <span class='ocr_line' id='line_1_15' title="bbox 307 1548 2502 1633; baseline 0 -23"><span class='ocrx_word' id='word_1_116' title='bbox 307 1552 468 1633; x_wconf 81' lang='lat' dir='ltr'>quod</span> <span class='ocrx_word' id='word_1_117' title='bbox 470 1553 710 1630; x_wconf 72' lang='lat' dir='ltr'>pepiyz&#39;t</span> <span class='ocrx_word' id='word_1_118' title='bbox 722 1549 1030 1607; x_wconf 75' lang='lat' dir='ltr'>Dominus</span> <span class='ocrx_word' id='word_1_119' title='bbox 1057 1548 1398 1621; x_wconf 76' lang='lat' dir='ltr'>vobiscum,</span> <span class='ocrx_word' id='word_1_120' title='bbox 1427 1571 1528 1608; x_wconf 91' lang='lat' dir='ltr'>seu</span> <span class='ocrx_word' id='word_1_121' title='bbox 1551 1560 1618 1607; x_wconf 91' lang='lat' dir='ltr'>ut</span> <span class='ocrx_word' id='word_1_122' title='bbox 1636 1549 1761 1610; x_wconf 88' lang='lat' dir='ltr'>haec</span> <span class='ocrx_word' id='word_1_123' title='bbox 1787 1550 1968 1611; x_wconf 87' lang='lat' dir='ltr'>verba</span> <span class='ocrx_word' id='word_1_124' title='bbox 1997 1551 2176 1611; x_wconf 89' lang='lat' dir='ltr'>refert</span> <span class='ocrx_word' id='word_1_125' title='bbox 2195 1553 2436 1633; x_wconf 86' lang='lat' dir='ltr'>Aposto-</span> <span class='ocrx_word' id='word_1_126' title='bbox 2500 1628 2502 1630; x_wconf 12' lang='lat' dir='ltr'>v</span> 
     </span>
     <span class='ocr_line' id='line_1_16' title="bbox 307 1642 2439 1726; baseline 0 -20"><span class='ocrx_word' id='word_1_127' title='bbox 307 1646 399 1706; x_wconf 92' lang='lat' dir='ltr'>lus</span> <span class='ocrx_word' id='word_1_128' title='bbox 420 1691 436 1721; x_wconf 73' lang='grc'><em>,</em></span> <span class='ocrx_word' id='word_1_129' title='bbox 471 1643 620 1705; x_wconf 88' lang='lat' dir='ltr'>Heb.</span> <span class='ocrx_word' id='word_1_130' title='bbox 654 1645 734 1702; x_wconf 81' lang='lat' dir='ltr'>lx</span> <span class='ocrx_word' id='word_1_131' title='bbox 753 1688 771 1717; x_wconf 67' lang='lat' dir='ltr'><em>v</em></span> <span class='ocrx_word' id='word_1_132' title='bbox 794 1642 874 1702; x_wconf 75' lang='lat'>20</span> <span class='ocrx_word' id='word_1_133' title='bbox 917 1665 932 1702; x_wconf 73' lang='grc' dir='ltr'>ε</span> <span class='ocrx_word' id='word_1_134' title='bbox 971 1643 1096 1703; x_wconf 78' lang='lat' dir='ltr'>Hic</span> <span class='ocrx_word' id='word_1_135' title='bbox 1118 1653 1203 1702; x_wconf 79' lang='lat' dir='ltr'>est</span> <span class='ocrx_word' id='word_1_136' title='bbox 1241 1650 1493 1724; x_wconf 69' lang='lat' dir='ltr'>sanquis</span> <span class='ocrx_word' id='word_1_137' title='bbox 1524 1651 1893 1721; x_wconf 68' lang='lat' dir='ltr'>testamenti‚</span> <span class='ocrx_word' id='word_1_138' title='bbox 1934 1648 2094 1726; x_wconf 81' lang='lat' dir='ltr'>quod</span> <span class='ocrx_word' id='word_1_139' title='bbox 2117 1649 2439 1708; x_wconf 76' lang='lat' dir='ltr'>mandavit</span> 
     </span>
     <span class='ocr_line' id='line_1_17' title="bbox 307 1737 2435 1828; baseline 0.001 -25"><span class='ocrx_word' id='word_1_140' title='bbox 307 1743 395 1803; x_wconf 79' lang='lat' dir='ltr'>ad</span> <span class='ocrx_word' id='word_1_141' title='bbox 428 1762 523 1800; x_wconf 79' lang='lat' dir='ltr'>vos</span> <span class='ocrx_word' id='word_1_142' title='bbox 552 1742 731 1802; x_wconf 76' lang='lat' dir='ltr'>Deus</span> <span class='ocrx_word' id='word_1_143' title='bbox 749 1737 839 1820; x_wconf 77' lang='lat'>(2)</span> <span class='ocrx_word' id='word_1_144' title='bbox 858 1783 873 1813; x_wconf 76' lang='grc'><em>,</em></span> <span class='ocrx_word' id='word_1_145' title='bbox 899 1740 981 1797; x_wconf 89' lang='lat' dir='ltr'>ita</span> <span class='ocrx_word' id='word_1_146' title='bbox 1004 1738 1080 1797; x_wconf 88' lang='lat' dir='ltr'>ad</span> <span class='ocrx_word' id='word_1_147' title='bbox 1110 1738 1236 1799; x_wconf 84' lang='lat' dir='ltr'>haec</span> <span class='ocrx_word' id='word_1_148' title='bbox 1263 1740 1524 1799; x_wconf 90' lang='lat' dir='ltr'>Christus</span> <span class='ocrx_word' id='word_1_149' title='bbox 1565 1741 1832 1802; x_wconf 87' lang='lat' dir='ltr'>alludens</span> <span class='ocrx_word' id='word_1_150' title='bbox 1852 1789 1868 1818; x_wconf 77' lang='grc'><em>,</em></span> <span class='ocrx_word' id='word_1_151' title='bbox 1896 1744 2016 1803; x_wconf 90' lang='lat' dir='ltr'>imo</span> <span class='ocrx_word' id='word_1_152' title='bbox 2041 1745 2252 1805; x_wconf 90' lang='lat' dir='ltr'>iisdem</span> <span class='ocrx_word' id='word_1_153' title='bbox 2280 1766 2435 1828; x_wconf 91' lang='lat' dir='ltr'>pene</span> 
     </span>
     <span class='ocr_line' id='line_1_18' title="bbox 310 1834 2434 1920; baseline 0.001 -22"><span class='ocrx_word' id='word_1_154' title='bbox 310 1849 486 1898; x_wconf 88' lang='lat' dir='ltr'>utens</span> <span class='ocrx_word' id='word_1_155' title='bbox 513 1834 708 1897; x_wconf 85' lang='lat' dir='ltr'>verbis</span> <span class='ocrx_word' id='word_1_156' title='bbox 736 1836 800 1893; x_wconf 90' lang='lat' dir='ltr'>in</span> <span class='ocrx_word' id='word_1_157' title='bbox 821 1855 975 1894; x_wconf 85' lang='lat' dir='ltr'>novo</span> <span class='ocrx_word' id='word_1_158' title='bbox 996 1857 1099 1894; x_wconf 91' lang='lat' dir='ltr'>suo</span> <span class='ocrx_word' id='word_1_159' title='bbox 1132 1835 1350 1895; x_wconf 88' lang='lat' dir='ltr'>foedere</span> <span class='ocrx_word' id='word_1_160' title='bbox 1379 1836 1694 1896; x_wconf 89' lang='lat' dir='ltr'>sanciendo</span> <span class='ocrx_word' id='word_1_161' title='bbox 1717 1882 1733 1912; x_wconf 67' lang='lat'>7</span> <span class='ocrx_word' id='word_1_162' title='bbox 1766 1839 1849 1896; x_wconf 89' lang='lat' dir='ltr'>ait</span> <span class='ocrx_word' id='word_1_163' title='bbox 1874 1861 1888 1897; x_wconf 90' lang='lat'>:</span> <span class='ocrx_word' id='word_1_164' title='bbox 1919 1841 2047 1899; x_wconf 74' lang='lat' dir='ltr'>Hic</span> <span class='ocrx_word' id='word_1_165' title='bbox 2077 1852 2162 1899; x_wconf 76' lang='lat' dir='ltr'>est</span> <span class='ocrx_word' id='word_1_166' title='bbox 2180 1846 2434 1920; x_wconf 70' lang='lat' dir='ltr'>sanquis</span> 
     </span>
     <span class='ocr_line' id='line_1_19' title="bbox 310 1930 2434 2015; baseline 0 -22"><span class='ocrx_word' id='word_1_167' title='bbox 310 1937 456 1993; x_wconf 72' lang='lat' dir='ltr'>novi</span> <span class='ocrx_word' id='word_1_168' title='bbox 489 1935 837 1991; x_wconf 75' lang='lat' dir='ltr'>testamenti.</span> <span class='ocrx_word' id='word_1_169' title='bbox 877 1931 952 1989; x_wconf 90' lang='lat' dir='ltr'>At</span> <span class='ocrx_word' id='word_1_170' title='bbox 987 1932 1198 2010; x_wconf 82' lang='lat' dir='ltr'>Moysis</span> <span class='ocrx_word' id='word_1_171' title='bbox 1239 1930 1416 1993; x_wconf 88' lang='lat' dir='ltr'>verba</span> <span class='ocrx_word' id='word_1_172' title='bbox 1456 1930 1611 1990; x_wconf 88' lang='lat' dir='ltr'>dicta</span> <span class='ocrx_word' id='word_1_173' title='bbox 1645 1944 1786 1991; x_wconf 91' lang='lat' dir='ltr'>sunt</span> <span class='ocrx_word' id='word_1_174' title='bbox 1823 1933 1895 1993; x_wconf 90' lang='lat' dir='ltr'>de</span> <span class='ocrx_word' id='word_1_175' title='bbox 1935 1936 2220 2015; x_wconf 83' lang='lat' dir='ltr'>sanguine</span> <span class='ocrx_word' id='word_1_176' title='bbox 2252 1934 2434 1994; x_wconf 86' lang='lat' dir='ltr'>oblati</span> 
     </span>
     <span class='ocr_line' id='line_1_20' title="bbox 312 2024 2433 2110; baseline 0 -22"><span class='ocrx_word' id='word_1_177' title='bbox 312 2027 618 2099; x_wconf 79' lang='lat' dir='ltr'>Sacrificiit,</span> <span class='ocrx_word' id='word_1_178' title='bbox 653 2047 789 2106; x_wconf 83' lang='lat' dir='ltr'>ergo</span> <span class='ocrx_word' id='word_1_179' title='bbox 826 2035 885 2084; x_wconf 91' lang='lat' dir='ltr'>et</span> <span class='ocrx_word' id='word_1_180' title='bbox 923 2024 1136 2085; x_wconf 88' lang='lat' dir='ltr'>Christi</span> <span class='ocrx_word' id='word_1_181' title='bbox 1178 2025 1357 2085; x_wconf 87' lang='lat' dir='ltr'>verba</span> <span class='ocrx_word' id='word_1_182' title='bbox 1385 2025 1459 2085; x_wconf 91' lang='lat' dir='ltr'>de</span> <span class='ocrx_word' id='word_1_183' title='bbox 1500 2025 1696 2086; x_wconf 88' lang='lat' dir='ltr'>oblato</span> <span class='ocrx_word' id='word_1_184' title='bbox 1731 2028 2017 2088; x_wconf 88' lang='lat' dir='ltr'>Sacrificio</span> <span class='ocrx_word' id='word_1_185' title='bbox 2048 2030 2113 2088; x_wconf 91' lang='lat' dir='ltr'>in</span> <span class='ocrx_word' id='word_1_186' title='bbox 2151 2031 2433 2110; x_wconf 81' lang='lat' dir='ltr'>sanguine</span> 
     </span>
     <span class='ocr_line' id='line_1_21' title="bbox 306 2119 1437 2206; baseline -0.003 -23"><span class='ocrx_word' id='word_1_187' title='bbox 306 2145 410 2184; x_wconf 91' lang='lat' dir='ltr'>suo</span> <span class='ocrx_word' id='word_1_188' title='bbox 445 2122 677 2206; x_wconf 89' lang='lat' dir='ltr'>prolata</span> <span class='ocrx_word' id='word_1_189' title='bbox 713 2141 837 2181; x_wconf 89' lang='lat' dir='ltr'>esse</span> <span class='ocrx_word' id='word_1_190' title='bbox 874 2119 1288 2200; x_wconf 84' lang='lat' dir='ltr'>intelliguntur</span> <span class='ocrx_word' id='word_1_191' title='bbox 1323 2119 1437 2200; x_wconf 85' lang='lat'>(3).</span> 
     </span>
    </p>
   </div>
   <div class='ocr_carea' id='block_1_4' title="bbox 303 2341 1332 3813">
    <p class='ocr_par' dir='ltr' id='par_1_4' title="bbox 303 2341 1332 3813">
     <span class='ocr_line' id='line_1_22' title="bbox 373 2341 1332 2410; baseline 0 -18"><span class='ocrx_word' id='word_1_192' title='bbox 373 2344 442 2410; x_wconf 91' lang='grc'>(1)</span> <span class='ocrx_word' id='word_1_193' title='bbox 470 2345 532 2394; x_wconf 81' lang='lat' dir='ltr'>Ut</span> <span class='ocrx_word' id='word_1_194' title='bbox 566 2344 702 2393; x_wconf 90' lang='lat' dir='ltr'>nobis</span> <span class='ocrx_word' id='word_1_195' title='bbox 740 2344 1053 2392; x_wconf 79' lang='lat' dir='ltr'>protestantes</span> <span class='ocrx_word' id='word_1_196' title='bbox 1094 2341 1332 2409; x_wconf 86' lang='lat' dir='ltr'>eriperent</span> 
     </span>
     <span class='ocr_line' id='line_1_23' title="bbox 304 2426 1331 2492; baseline -0.003 -16"><span class='ocrx_word' id='word_1_197' title='bbox 304 2438 631 2492; x_wconf 82' lang='lat' dir='ltr'>argumentum</span> <span class='ocrx_word' id='word_1_198' title='bbox 674 2465 687 2487; x_wconf 89' lang='lat'>,</span> <span class='ocrx_word' id='word_1_199' title='bbox 720 2426 848 2492; x_wconf 90' lang='lat' dir='ltr'>quod</span> <span class='ocrx_word' id='word_1_200' title='bbox 871 2427 1048 2475; x_wconf 81' lang='lat' dir='ltr'>eruitur</span> <span class='ocrx_word' id='word_1_201' title='bbox 1075 2443 1129 2474; x_wconf 88' lang='lat' dir='ltr'>ex</span> <span class='ocrx_word' id='word_1_202' title='bbox 1159 2428 1331 2474; x_wconf 89' lang='lat' dir='ltr'>immo-</span> 
     </span>
     <span class='ocr_line' id='line_1_24' title="bbox 304 2508 1331 2574; baseline -0.002 -15"><span class='ocrx_word' id='word_1_203' title='bbox 304 2510 476 2559; x_wconf 87' lang='lat' dir='ltr'>latione</span> <span class='ocrx_word' id='word_1_204' title='bbox 510 2508 628 2574; x_wconf 84' lang='lat' dir='ltr'>Agni</span> <span class='ocrx_word' id='word_1_205' title='bbox 656 2508 882 2573; x_wconf 85' lang='lat' dir='ltr'>paschalis</span> <span class='ocrx_word' id='word_1_206' title='bbox 925 2519 1148 2574; x_wconf 85' lang='lat' dir='ltr'>tanquam</span> <span class='ocrx_word' id='word_1_207' title='bbox 1182 2509 1331 2573; x_wconf 86' lang='lat' dir='ltr'>figura</span> 
     </span>
     <span class='ocr_line' id='line_1_25' title="bbox 304 2591 1331 2655; baseline -0.002 -15"><span class='ocrx_word' id='word_1_208' title='bbox 304 2591 531 2641; x_wconf 80' lang='lat' dir='ltr'>Saerificii</span> <span class='ocrx_word' id='word_1_209' title='bbox 556 2593 731 2650; x_wconf 88' lang='lat' dir='ltr'>nostri,</span> <span class='ocrx_word' id='word_1_210' title='bbox 770 2592 961 2640; x_wconf 83' lang='lat' dir='ltr'>inficiati</span> <span class='ocrx_word' id='word_1_211' title='bbox 992 2601 1120 2652; x_wconf 81' lang='lat' dir='ltr'>sunt,</span> <span class='ocrx_word' id='word_1_212' title='bbox 1151 2593 1202 2638; x_wconf 93' lang='lat' dir='ltr'>in</span> <span class='ocrx_word' id='word_1_213' title='bbox 1224 2593 1331 2655; x_wconf 81' lang='lat' dir='ltr'>agni</span> 
     </span>
     <span class='ocr_line' id='line_1_26' title="bbox 307 2671 1328 2723; baseline -0.002 -1"><span class='ocrx_word' id='word_1_214' title='bbox 307 2675 433 2723; x_wconf 89' lang='lat' dir='ltr'>illius</span> <span class='ocrx_word' id='word_1_215' title='bbox 457 2674 779 2722; x_wconf 85' lang='lat' dir='ltr'>immolatione</span> <span class='ocrx_word' id='word_1_216' title='bbox 808 2671 972 2722; x_wconf 88' lang='lat' dir='ltr'>haberi</span> <span class='ocrx_word' id='word_1_217' title='bbox 991 2675 1222 2722; x_wconf 86' lang='lat' dir='ltr'>rationem</span> <span class='ocrx_word' id='word_1_218' title='bbox 1243 2673 1328 2721; x_wconf 88' lang='lat' dir='ltr'>Sa-</span> 
     </span>
     <span class='ocr_line' id='line_1_27' title="bbox 305 2754 1330 2821; baseline -0.002 -16"><span class='ocrx_word' id='word_1_219' title='bbox 305 2756 486 2806; x_wconf 78' lang='lat' dir='ltr'>crificii.</span> <span class='ocrx_word' id='word_1_220' title='bbox 516 2754 599 2803; x_wconf 84' lang='lat' dir='ltr'>Ast</span> <span class='ocrx_word' id='word_1_221' title='bbox 617 2793 631 2815; x_wconf 90' lang='lat'>‚</span> <span class='ocrx_word' id='word_1_222' title='bbox 663 2756 1114 2821; x_wconf 66' lang='lat' dir='ltr'>praeterquamquod</span> <span class='ocrx_word' id='word_1_223' title='bbox 1134 2771 1192 2804; x_wconf 85' lang='lat' dir='ltr'>ex</span> <span class='ocrx_word' id='word_1_224' title='bbox 1231 2758 1330 2820; x_wconf 88' lang='lat' dir='ltr'>ipsa</span> 
     </span>
     <span class='ocr_line' id='line_1_28' title="bbox 308 2836 1326 2896; baseline -0.002 -10"><span class='ocrx_word' id='word_1_225' title='bbox 308 2840 373 2888; x_wconf 89' lang='lat' dir='ltr'>rei</span> <span class='ocrx_word' id='word_1_226' title='bbox 397 2848 563 2886; x_wconf 81' lang='lat' dir='ltr'>natura</span> <span class='ocrx_word' id='word_1_227' title='bbox 594 2840 777 2887; x_wconf 86' lang='lat' dir='ltr'>eruitur</span> <span class='ocrx_word' id='word_1_228' title='bbox 799 2839 895 2886; x_wconf 89' lang='lat' dir='ltr'>veri</span> <span class='ocrx_word' id='word_1_229' title='bbox 920 2836 1142 2885; x_wconf 87' lang='lat' dir='ltr'>Sacrificii</span> <span class='ocrx_word' id='word_1_230' title='bbox 1173 2838 1288 2884; x_wconf 85' lang='lat' dir='ltr'>ratio</span> <span class='ocrx_word' id='word_1_231' title='bbox 1311 2872 1326 2896; x_wconf 90' lang='lat'><strong><em>‚</em></strong></span> 
     </span>
     <span class='ocr_line' id='line_1_29' title="bbox 316 2919 1328 2986; baseline -0.002 -17"><span class='ocrx_word' id='word_1_232' title='bbox 316 2920 546 2986; x_wconf 84' lang='lat' dir='ltr'>Josephus</span> <span class='ocrx_word' id='word_1_233' title='bbox 591 2919 775 2968; x_wconf 87' lang='lat' dir='ltr'>Flavius</span> <span class='ocrx_word' id='word_1_234' title='bbox 811 2921 916 2985; x_wconf 86' lang='lat' dir='ltr'>agni</span> <span class='ocrx_word' id='word_1_235' title='bbox 961 2919 1328 2968; x_wconf 85' lang='lat' dir='ltr'>immolationem</span> 
     </span>
     <span class='ocr_line' id='line_1_30' title="bbox 304 3001 1330 3070; baseline -0.004 -18"><span class='ocrx_word' id='word_1_236' title='bbox 304 3005 474 3070; x_wconf 86' lang='lat' dir='ltr'>passim</span> <span class='ocrx_word' id='word_1_237' title='bbox 519 3019 729 3068; x_wconf 85' lang='lat' dir='ltr'>expresse</span> <span class='ocrx_word' id='word_1_238' title='bbox 760 3012 894 3051; x_wconf 83' lang='lat' dir='ltr'>vocat</span> <span class='ocrx_word' id='word_1_239' title='bbox 924 3001 1251 3064; x_wconf 78' lang='lat' dir='ltr'>sacrificium,</span> <span class='ocrx_word' id='word_1_240' title='bbox 1276 3017 1330 3049; x_wconf 87' lang='lat' dir='ltr'>ac</span> 
     </span>
     <span class='ocr_line' id='line_1_31' title="bbox 305 3081 1328 3149; baseline -0.004 -15"><span class='ocrx_word' id='word_1_241' title='bbox 305 3103 471 3134; x_wconf 89' lang='lat' dir='ltr'>omnes</span> <span class='ocrx_word' id='word_1_242' title='bbox 498 3083 648 3133; x_wconf 86' lang='lat' dir='ltr'>Judaei</span> <span class='ocrx_word' id='word_1_243' title='bbox 682 3084 887 3149; x_wconf 87' lang='lat' dir='ltr'>idipsum</span> <span class='ocrx_word' id='word_1_244' title='bbox 917 3083 1207 3149; x_wconf 85' lang='lat' dir='ltr'>profitentur.</span> <span class='ocrx_word' id='word_1_245' title='bbox 1241 3081 1328 3130; x_wconf 93' lang='lat' dir='ltr'>De·</span> 
     </span>
     <span class='ocr_line' id='line_1_32' title="bbox 305 3165 1328 3235; baseline -0.005 -18"><span class='ocrx_word' id='word_1_246' title='bbox 305 3187 439 3217; x_wconf 90' lang='lat' dir='ltr'>mum</span> <span class='ocrx_word' id='word_1_247' title='bbox 465 3169 553 3235; x_wconf 89' lang='lat' dir='ltr'>ipsi</span> <span class='ocrx_word' id='word_1_248' title='bbox 581 3167 885 3215; x_wconf 85' lang='lat' dir='ltr'>Protestantes</span> <span class='ocrx_word' id='word_1_249' title='bbox 913 3177 958 3214; x_wconf 92' lang='lat' dir='ltr'>et</span> <span class='ocrx_word' id='word_1_250' title='bbox 987 3168 1038 3214; x_wconf 90' lang='lat' dir='ltr'>in</span> <span class='ocrx_word' id='word_1_251' title='bbox 1078 3165 1166 3213; x_wconf 87' lang='lat' dir='ltr'>hac</span> <span class='ocrx_word' id='word_1_252' title='bbox 1199 3173 1328 3229; x_wconf 86' lang='lat' dir='ltr'>parte</span> 
     </span>
     <span class='ocr_line' id='line_1_33' title="bbox 305 3247 1327 3310; baseline -0.007 -10"><span class='ocrx_word' id='word_1_253' title='bbox 305 3268 473 3301; x_wconf 83' lang='lat' dir='ltr'>manus</span> <span class='ocrx_word' id='word_1_254' title='bbox 517 3252 658 3298; x_wconf 87' lang='lat' dir='ltr'>victas</span> <span class='ocrx_word' id='word_1_255' title='bbox 691 3248 919 3297; x_wconf 85' lang='lat' dir='ltr'>dederunt</span> <span class='ocrx_word' id='word_1_256' title='bbox 950 3285 964 3308; x_wconf 87' lang='lat'>‚</span> <span class='ocrx_word' id='word_1_257' title='bbox 1008 3247 1122 3296; x_wconf 89' lang='lat' dir='ltr'>dum</span> <span class='ocrx_word' id='word_1_258' title='bbox 1172 3255 1327 3310; x_wconf 87' lang='lat' dir='ltr'>postea</span> 
     </span>
     <span class='ocr_line' id='line_1_34' title="bbox 305 3331 1326 3399; baseline -0.009 -16"><span class='ocrx_word' id='word_1_259' title='bbox 305 3342 591 3399; x_wconf 84' lang='lat' dir='ltr'>agnoverunt</span> <span class='ocrx_word' id='word_1_260' title='bbox 628 3341 675 3380; x_wconf 89' lang='lat' dir='ltr'>et</span> <span class='ocrx_word' id='word_1_261' title='bbox 697 3331 803 3379; x_wconf 86' lang='lat' dir='ltr'>fassi</span> <span class='ocrx_word' id='word_1_262' title='bbox 832 3339 943 3379; x_wconf 88' lang='lat' dir='ltr'>sunt</span> <span class='ocrx_word' id='word_1_263' title='bbox 962 3366 976 3390; x_wconf 90' lang='lat'><strong>,</strong></span> <span class='ocrx_word' id='word_1_264' title='bbox 1011 3331 1116 3394; x_wconf 87' lang='lat' dir='ltr'>agni</span> <span class='ocrx_word' id='word_1_265' title='bbox 1148 3336 1326 3376; x_wconf 88' lang='lat' dir='ltr'>macta—</span> 
     </span>
     <span class='ocr_line' id='line_1_35' title="bbox 304 3408 1321 3466; baseline -0.009 0"><span class='ocrx_word' id='word_1_266' title='bbox 304 3419 480 3466; x_wconf 86' lang='lat' dir='ltr'>tionem</span> <span class='ocrx_word' id='word_1_267' title='bbox 508 3431 670 3463; x_wconf 84' lang='lat' dir='ltr'>verum</span> <span class='ocrx_word' id='word_1_268' title='bbox 705 3414 847 3461; x_wconf 86' lang='lat' dir='ltr'>fuisse</span> <span class='ocrx_word' id='word_1_269' title='bbox 873 3410 1182 3460; x_wconf 84' lang='lat' dir='ltr'>Sacrificium.</span> <span class='ocrx_word' id='word_1_270' title='bbox 1218 3408 1321 3457; x_wconf 80' lang='lat' dir='ltr'>cfr.</span> 
     </span>
     <span class='ocr_line' id='line_1_36' title="bbox 306 3490 1324 3550; baseline -0.012 -1"><span class='ocrx_word' id='word_1_271' title='bbox 306 3503 430 3549; x_wconf 88' lang='lat' dir='ltr'>inter</span> <span class='ocrx_word' id='word_1_272' title='bbox 447 3507 618 3546; x_wconf 88' lang='lat' dir='ltr'>ceteros</span> <span class='ocrx_word' id='word_1_273' title='bbox 631 3495 827 3543; x_wconf 89' lang='lat' dir='ltr'>Bochart</span> <span class='ocrx_word' id='word_1_274' title='bbox 840 3496 890 3542; x_wconf 90' lang='lat' dir='ltr'>in</span> <span class='ocrx_word' id='word_1_275' title='bbox 904 3491 1216 3550; x_wconf 81' lang='lat' dir='ltr'>Hierozoico‚</span> <span class='ocrx_word' id='word_1_276' title='bbox 1238 3490 1324 3538; x_wconf 86' lang='lat' dir='ltr'>lib.</span> 
     </span>
     <span class='ocr_line' id='line_1_37' title="bbox 306 3574 1329 3646; baseline -0.012 -15"><span class='ocrx_word' id='word_1_277' title='bbox 306 3598 378 3645; x_wconf 84' lang='lat'>11,</span> <span class='ocrx_word' id='word_1_278' title='bbox 413 3598 518 3646; x_wconf 89' lang='lat' dir='ltr'>cap.</span> <span class='ocrx_word' id='word_1_279' title='bbox 550 3576 615 3628; x_wconf 87' lang='lat'>50</span> <span class='ocrx_word' id='word_1_280' title='bbox 639 3615 653 3638; x_wconf 84' lang='lat'>,</span> <span class='ocrx_word' id='word_1_281' title='bbox 681 3580 732 3625; x_wconf 93' lang='lat' dir='ltr'>in</span> <span class='ocrx_word' id='word_1_282' title='bbox 759 3594 852 3643; x_wconf 91' lang='lat' dir='ltr'>quo</span> <span class='ocrx_word' id='word_1_283' title='bbox 880 3575 1108 3640; x_wconf 82' lang='lat' dir='ltr'>prolixam</span> <span class='ocrx_word' id='word_1_284' title='bbox 1133 3574 1329 3620; x_wconf 83' lang='lat' dir='ltr'>instituit</span> 
     </span>
     <span class='ocr_line' id='line_1_38' title="bbox 304 3648 1322 3730; baseline -0.013 -16"><span class='ocrx_word' id='word_1_285' title='bbox 304 3648 665 3730; x_wconf 82' lang='lat' dir='ltr'>disputationem</span> <span class='ocrx_word' id='word_1_286' title='bbox 701 3659 758 3708; x_wconf 90' lang='lat' dir='ltr'>de</span> <span class='ocrx_word' id='word_1_287' title='bbox 784 3656 835 3706; x_wconf 91' lang='lat' dir='ltr'><em>A</em></span> <span class='ocrx_word' id='word_1_288' title='bbox 834 3674 929 3723; x_wconf 73' lang='lat' dir='ltr'>qno</span> <span class='ocrx_word' id='word_1_289' title='bbox 951 3653 1210 3721; x_wconf 77' lang='lat' dir='ltr'>paschali,</span> <span class='ocrx_word' id='word_1_290' title='bbox 1237 3672 1289 3702; x_wconf 87' lang='lat' dir='ltr'>ac</span> <span class='ocrx_word' id='word_1_291' title='bbox 1309 3692 1322 3715; x_wconf 86' lang='lat'>‚</span> 
     </span>
     <span class='ocr_line' id='line_1_39' title="bbox 303 3736 1322 3813; baseline -0.013 -16"><span class='ocrx_word' id='word_1_292' title='bbox 303 3745 331 3813; x_wconf 82' lang='lat'>§</span> <span class='ocrx_word' id='word_1_293' title='bbox 352 3747 381 3796; x_wconf 84' lang='lat'>3</span> <span class='ocrx_word' id='word_1_294' title='bbox 400 3782 415 3808; x_wconf 86' lang='lat'>,</span> <span class='ocrx_word' id='word_1_295' title='bbox 431 3763 487 3796; x_wconf 86' lang='lat' dir='ltr'>ex</span> <span class='ocrx_word' id='word_1_296' title='bbox 505 3744 708 3811; x_wconf 85' lang='lat' dir='ltr'>professo</span> <span class='ocrx_word' id='word_1_297' title='bbox 727 3740 956 3801; x_wconf 82' lang='lat' dir='ltr'>ostendit,</span> <span class='ocrx_word' id='word_1_298' title='bbox 976 3749 1076 3789; x_wconf 89' lang='lat' dir='ltr'>tum</span> <span class='ocrx_word' id='word_1_299' title='bbox 1097 3755 1150 3787; x_wconf 88' lang='lat' dir='ltr'>ex</span> <span class='ocrx_word' id='word_1_300' title='bbox 1168 3736 1322 3802; x_wconf 84' lang='lat' dir='ltr'>Scrip—</span> 
     </span>
    </p>
   </div>
   <div class='ocr_carea' id='block_1_5' title="bbox 1410 2346 2432 3813">
    <p class='ocr_par' dir='ltr' id='par_1_5' title="bbox 1410 2346 2432 3070">
     <span class='ocr_line' id='line_1_40' title="bbox 1412 2346 2432 2412; baseline 0.002 -19"><span class='ocrx_word' id='word_1_301' title='bbox 1412 2353 1515 2394; x_wconf 83' lang='lat' dir='ltr'>tura</span> <span class='ocrx_word' id='word_1_302' title='bbox 1534 2382 1548 2406; x_wconf 86' lang='lat'>‚</span> <span class='ocrx_word' id='word_1_303' title='bbox 1574 2354 1676 2394; x_wconf 90' lang='lat' dir='ltr'>tum</span> <span class='ocrx_word' id='word_1_304' title='bbox 1701 2363 1755 2394; x_wconf 85' lang='lat' dir='ltr'>ex</span> <span class='ocrx_word' id='word_1_305' title='bbox 1789 2347 1881 2395; x_wconf 89' lang='lat' dir='ltr'>ritu</span> <span class='ocrx_word' id='word_1_306' title='bbox 1930 2349 2029 2412; x_wconf 90' lang='lat' dir='ltr'>ipso</span> <span class='ocrx_word' id='word_1_307' title='bbox 2061 2346 2234 2396; x_wconf 83' lang='lat' dir='ltr'>Pascha</span> <span class='ocrx_word' id='word_1_308' title='bbox 2268 2363 2432 2397; x_wconf 83' lang='lat' dir='ltr'>verum</span> 
     </span>
     <span class='ocr_line' id='line_1_41' title="bbox 1414 2426 2431 2490; baseline 0 -15"><span class='ocrx_word' id='word_1_309' title='bbox 1414 2428 1553 2476; x_wconf 87' lang='lat' dir='ltr'>fuisse</span> <span class='ocrx_word' id='word_1_310' title='bbox 1574 2427 1872 2478; x_wconf 85' lang='lat' dir='ltr'>sacrificium.</span> <span class='ocrx_word' id='word_1_311' title='bbox 1903 2427 2039 2477; x_wconf 91' lang='lat' dir='ltr'>Tom.</span> <span class='ocrx_word' id='word_1_312' title='bbox 2071 2444 2118 2490; x_wconf 86' lang='lat'>1,</span> <span class='ocrx_word' id='word_1_313' title='bbox 2141 2428 2235 2477; x_wconf 90' lang='lat' dir='ltr'>col.</span> <span class='ocrx_word' id='word_1_314' title='bbox 2269 2426 2360 2476; x_wconf 84' lang='lat'>551</span> <span class='ocrx_word' id='word_1_315' title='bbox 2386 2437 2431 2476; x_wconf 88' lang='lat' dir='ltr'>et</span> 
     </span>
     <span class='ocr_line' id='line_1_42' title="bbox 1414 2506 2426 2576; baseline -0.002 -18"><span class='ocrx_word' id='word_1_316' title='bbox 1414 2527 1544 2576; x_wconf 84' lang='lat' dir='ltr'>seqq.</span> <span class='ocrx_word' id='word_1_317' title='bbox 1576 2509 1702 2575; x_wconf 84' lang='lat' dir='ltr'>opp.</span> <span class='ocrx_word' id='word_1_318' title='bbox 1731 2510 1844 2559; x_wconf 79' lang='lat' dir='ltr'>edit.</span> <span class='ocrx_word' id='word_1_319' title='bbox 1879 2511 2082 2560; x_wconf 88' lang='lat' dir='ltr'>Londin.</span> <span class='ocrx_word' id='word_1_320' title='bbox 2118 2506 2259 2557; x_wconf 83' lang='lat'><strong>1663.</strong></span> <span class='ocrx_word' id='word_1_321' title='bbox 2296 2507 2426 2556; x_wconf 83' lang='lat' dir='ltr'>Atta-</span> 
     </span>
     <span class='ocr_line' id='line_1_43' title="bbox 1415 2589 2424 2657; baseline -0.002 -17"><span class='ocrx_word' id='word_1_322' title='bbox 1415 2610 1525 2641; x_wconf 90' lang='lat' dir='ltr'>men</span> <span class='ocrx_word' id='word_1_323' title='bbox 1553 2591 1783 2652; x_wconf 76' lang='lat' dir='ltr'>Kuini3e1‚</span> <span class='ocrx_word' id='word_1_324' title='bbox 1816 2591 1869 2640; x_wconf 93' lang='lat' dir='ltr'>in</span> <span class='ocrx_word' id='word_1_325' title='bbox 1899 2609 1999 2657; x_wconf 87' lang='lat' dir='ltr'>cap.</span> <span class='ocrx_word' id='word_1_326' title='bbox 2027 2608 2045 2640; x_wconf 88' lang='lat'>1</span> <span class='ocrx_word' id='word_1_327' title='bbox 2081 2589 2221 2640; x_wconf 88' lang='lat' dir='ltr'>Joan.</span> <span class='ocrx_word' id='word_1_328' title='bbox 2253 2609 2299 2646; x_wconf 85' lang='lat' dir='ltr'>v,</span> <span class='ocrx_word' id='word_1_329' title='bbox 2326 2606 2391 2657; x_wconf 82' lang='lat'>29</span> <span class='ocrx_word' id='word_1_330' title='bbox 2411 2627 2424 2649; x_wconf 90' lang='lat'>‚</span> 
     </span>
     <span class='ocr_line' id='line_1_44' title="bbox 1413 2671 2429 2738; baseline -0.004 -15"><span class='ocrx_word' id='word_1_331' title='bbox 1413 2674 1568 2723; x_wconf 88' lang='lat' dir='ltr'>adhuc</span> <span class='ocrx_word' id='word_1_332' title='bbox 1591 2675 1833 2723; x_wconf 87' lang='lat' dir='ltr'>contendit</span> <span class='ocrx_word' id='word_1_333' title='bbox 1854 2684 2010 2723; x_wconf 84' lang='lat' dir='ltr'>contra</span> <span class='ocrx_word' id='word_1_334' title='bbox 2035 2683 2241 2738; x_wconf 85' lang='lat' dir='ltr'>apertam</span> <span class='ocrx_word' id='word_1_335' title='bbox 2273 2671 2429 2736; x_wconf 89' lang='lat' dir='ltr'>Scrip-</span> 
     </span>
     <span class='ocr_line' id='line_1_45' title="bbox 1412 2759 2427 2804; baseline -0.002 0"><span class='ocrx_word' id='word_1_336' title='bbox 1412 2765 1622 2804; x_wconf 88' lang='lat' dir='ltr'>turarum</span> <span class='ocrx_word' id='word_1_337' title='bbox 1682 2759 2004 2804; x_wconf 83' lang='lat' dir='ltr'>auctoritatem</span> <span class='ocrx_word' id='word_1_338' title='bbox 2050 2765 2094 2804; x_wconf 87' lang='lat' dir='ltr'>et</span> <span class='ocrx_word' id='word_1_339' title='bbox 2149 2770 2427 2803; x_wconf 88' lang='lat' dir='ltr'>consensum</span> 
     </span>
     <span class='ocr_line' id='line_1_46' title="bbox 1411 2835 2429 2904; baseline -0.001 -18"><span class='ocrx_word' id='word_1_340' title='bbox 1411 2841 1550 2887; x_wconf 88' lang='lat' dir='ltr'>totius</span> <span class='ocrx_word' id='word_1_341' title='bbox 1592 2838 1792 2904; x_wconf 82' lang='lat' dir='ltr'>judaicae</span> <span class='ocrx_word' id='word_1_342' title='bbox 1838 2841 2012 2903; x_wconf 77' lang='lat' dir='ltr'>gentiS,</span> <span class='ocrx_word' id='word_1_343' title='bbox 2053 2840 2158 2903; x_wconf 83' lang='lat' dir='ltr'>agni</span> <span class='ocrx_word' id='word_1_344' title='bbox 2204 2835 2429 2903; x_wconf 90' lang='lat' dir='ltr'>paschalis</span> 
     </span>
     <span class='ocr_line' id='line_1_47' title="bbox 1411 2919 2431 2984; baseline -0.001 -15"><span class='ocrx_word' id='word_1_345' title='bbox 1411 2922 1738 2969; x_wconf 82' lang='lat' dir='ltr'>mactationem</span> <span class='ocrx_word' id='word_1_346' title='bbox 1754 2939 1851 2968; x_wconf 86' lang='lat' dir='ltr'>non</span> <span class='ocrx_word' id='word_1_347' title='bbox 1868 2921 2009 2969; x_wconf 88' lang='lat' dir='ltr'>fuisse</span> <span class='ocrx_word' id='word_1_348' title='bbox 2024 2919 2314 2968; x_wconf 82' lang='lat' dir='ltr'>Sacrificium</span> <span class='ocrx_word' id='word_1_349' title='bbox 2333 2937 2431 2984; x_wconf 91' lang='lat' dir='ltr'>pro-</span> 
     </span>
     <span class='ocr_line' id='line_1_48' title="bbox 1410 3003 2342 3070; baseline -0.001 -18"><span class='ocrx_word' id='word_1_350' title='bbox 1410 3006 1508 3070; x_wconf 86' lang='lat' dir='ltr'>prie</span> <span class='ocrx_word' id='word_1_351' title='bbox 1533 3003 1710 3051; x_wconf 82' lang='lat' dir='ltr'>dictum</span> <span class='ocrx_word' id='word_1_352' title='bbox 1732 3041 1746 3063; x_wconf 87' lang='lat'>‚</span> <span class='ocrx_word' id='word_1_353' title='bbox 1780 3004 1859 3051; x_wconf 89' lang='lat' dir='ltr'>sed</span> <span class='ocrx_word' id='word_1_354' title='bbox 1893 3003 2044 3051; x_wconf 87' lang='lat' dir='ltr'>solum</span> <span class='ocrx_word' id='word_1_355' title='bbox 2072 3004 2342 3067; x_wconf 88' lang='lat' dir='ltr'>improprie.</span> 
     </span>
    </p>

    <p class='ocr_par' dir='ltr' id='par_1_6' title="bbox 1414 3080 2430 3235">
     <span class='ocr_line' id='line_1_49' title="bbox 1476 3080 2430 3150; baseline -0.002 -16"><span class='ocrx_word' id='word_1_356' title='bbox 1476 3086 1547 3150; x_wconf 69' lang='lat'>(2)</span> <span class='ocrx_word' id='word_1_357' title='bbox 1584 3090 1721 3134; x_wconf 71' lang='grc' dir='ltr'>Τοῖἶτο</span> <span class='ocrx_word' id='word_1_358' title='bbox 1747 3081 1802 3134; x_wconf 66' lang='grc' dir='ltr'>τὲ</span> <span class='ocrx_word' id='word_1_359' title='bbox 1826 3082 1946 3149; x_wconf 61' lang='grc' dir='ltr'>αἷμα</span> <span class='ocrx_word' id='word_1_360' title='bbox 1978 3090 2060 3141; x_wconf 66' lang='grc' dir='ltr'>τῆς</span> <span class='ocrx_word' id='word_1_361' title='bbox 2090 3081 2348 3147; x_wconf 59' lang='grc' dir='ltr'>διαθήκης,</span> <span class='ocrx_word' id='word_1_362' title='bbox 2378 3080 2430 3139; x_wconf 58' lang='grc' dir='ltr'>ἧς</span> 
     </span>
     <span class='ocr_line' id='line_1_50' title="bbox 1414 3165 2222 3235; baseline 0 -18"><span class='ocrx_word' id='word_1_363' title='bbox 1414 3165 1660 3218; x_wconf 66' lang='grc' dir='ltr'><strong><em>ἐνετείλατο</em></strong></span> <span class='ocrx_word' id='word_1_364' title='bbox 1693 3165 1801 3235; x_wconf 62' lang='grc' dir='ltr'>πρὶς</span> <span class='ocrx_word' id='word_1_365' title='bbox 1824 3170 1944 3232; x_wconf 72' lang='grc' dir='ltr'>ὁμοῖς</span> <span class='ocrx_word' id='word_1_366' title='bbox 1978 3170 1998 3217; x_wconf 74' lang='grc' dir='ltr'>ὅ</span> <span class='ocrx_word' id='word_1_367' title='bbox 2035 3165 2167 3221; x_wconf 68' lang='grc' dir='ltr'>Θεός.</span> <span class='ocrx_word' id='word_1_368' title='bbox 2217 3213 2222 3217; x_wconf 80' lang='grc'>,</span> 
     </span>
    </p>

    <p class='ocr_par' dir='ltr' id='par_1_7' title="bbox 1411 3251 2430 3813">
     <span class='ocr_line' id='line_1_51' title="bbox 1480 3251 2430 3316; baseline -0.004 -16"><span class='ocrx_word' id='word_1_369' title='bbox 1480 3252 1543 3316; x_wconf 88' lang='grc'>(3)</span> <span class='ocrx_word' id='word_1_370' title='bbox 1582 3252 1683 3300; x_wconf 88' lang='lat' dir='ltr'>Hoc</span> <span class='ocrx_word' id='word_1_371' title='bbox 1713 3252 1815 3301; x_wconf 91' lang='lat' dir='ltr'>loco</span> <span class='ocrx_word' id='word_1_372' title='bbox 1849 3251 2107 3301; x_wconf 83' lang='lat' dir='ltr'>revocanda</span> <span class='ocrx_word' id='word_1_373' title='bbox 2130 3260 2198 3299; x_wconf 89' lang='lat' dir='ltr'>est</span> <span class='ocrx_word' id='word_1_374' title='bbox 2222 3252 2274 3298; x_wconf 91' lang='lat' dir='ltr'>in</span> <span class='ocrx_word' id='word_1_375' title='bbox 2296 3265 2430 3298; x_wconf 89' lang='lat' dir='ltr'>men-</span> 
     </span>
     <span class='ocr_line' id='line_1_52' title="bbox 1411 3333 2430 3399; baseline -0.005 -16"><span class='ocrx_word' id='word_1_376' title='bbox 1411 3344 1504 3383; x_wconf 87' lang='lat' dir='ltr'>tem</span> <span class='ocrx_word' id='word_1_377' title='bbox 1529 3335 1783 3384; x_wconf 87' lang='lat' dir='ltr'>observatio</span> <span class='ocrx_word' id='word_1_378' title='bbox 1815 3333 1976 3382; x_wconf 88' lang='lat' dir='ltr'>Glassii</span> <span class='ocrx_word' id='word_1_379' title='bbox 1993 3371 2007 3395; x_wconf 87' lang='lat'><em>‚</em></span> <span class='ocrx_word' id='word_1_380' title='bbox 2028 3350 2170 3399; x_wconf 91' lang='lat' dir='ltr'>quam</span> <span class='ocrx_word' id='word_1_381' title='bbox 2199 3349 2335 3395; x_wconf 90' lang='lat' dir='ltr'>supra</span> <span class='ocrx_word' id='word_1_382' title='bbox 2357 3347 2430 3378; x_wconf 88' lang='lat' dir='ltr'>re-</span> 
     </span>
     <span class='ocr_line' id='line_1_53' title="bbox 1411 3416 2428 3483; baseline -0.008 -17"><span class='ocrx_word' id='word_1_383' title='bbox 1411 3417 1638 3477; x_wconf 87' lang='lat' dir='ltr'>tulimus,</span> <span class='ocrx_word' id='word_1_384' title='bbox 1682 3433 1880 3483; x_wconf 82' lang='lat' dir='ltr'>quaeque</span> <span class='ocrx_word' id='word_1_385' title='bbox 1918 3416 1995 3464; x_wconf 90' lang='lat' dir='ltr'>hic</span> <span class='ocrx_word' id='word_1_386' title='bbox 2039 3418 2178 3464; x_wconf 84' lang='lat' dir='ltr'>etiam</span> <span class='ocrx_word' id='word_1_387' title='bbox 2217 3428 2428 3478; x_wconf 84' lang='lat' dir='ltr'>percom-</span> 
     </span>
     <span class='ocr_line' id='line_1_54' title="bbox 1413 3497 2430 3549; baseline -0.01 0"><span class='ocrx_word' id='word_1_388' title='bbox 1413 3501 1550 3549; x_wconf 86' lang='lat' dir='ltr'>moda</span> <span class='ocrx_word' id='word_1_389' title='bbox 1565 3500 1700 3549; x_wconf 85' lang='lat' dir='ltr'>cadit.</span> <span class='ocrx_word' id='word_1_390' title='bbox 1726 3498 1933 3547; x_wconf 86' lang='lat' dir='ltr'>Glassius</span> <span class='ocrx_word' id='word_1_391' title='bbox 1952 3516 2005 3547; x_wconf 91' lang='lat' dir='ltr'>ex</span> <span class='ocrx_word' id='word_1_392' title='bbox 2020 3497 2267 3546; x_wconf 89' lang='lat' dir='ltr'>collatione</span> <span class='ocrx_word' id='word_1_393' title='bbox 2281 3503 2430 3542; x_wconf 82' lang='lat' dir='ltr'>textus</span> 
     </span>
     <span class='ocr_line' id='line_1_55' title="bbox 1412 3575 2430 3646; baseline -0.01 -14"><span class='ocrx_word' id='word_1_394' title='bbox 1412 3585 1604 3632; x_wconf 86' lang='lat' dir='ltr'>mosaici</span> <span class='ocrx_word' id='word_1_395' title='bbox 1642 3600 1750 3631; x_wconf 91' lang='lat' dir='ltr'>cum</span> <span class='ocrx_word' id='word_1_396' title='bbox 1787 3588 1920 3630; x_wconf 87' lang='lat' dir='ltr'>textu</span> <span class='ocrx_word' id='word_1_397' title='bbox 1962 3579 2150 3646; x_wconf 88' lang='lat' dir='ltr'>paulino</span> <span class='ocrx_word' id='word_1_398' title='bbox 2192 3587 2237 3626; x_wconf 89' lang='lat' dir='ltr'>et</span> <span class='ocrx_word' id='word_1_399' title='bbox 2280 3575 2430 3625; x_wconf 84' lang='lat' dir='ltr'>verbis</span> 
     </span>
     <span class='ocr_line' id='line_1_56' title="bbox 1412 3658 2430 3715; baseline -0.01 0"><span class='ocrx_word' id='word_1_400' title='bbox 1412 3666 1584 3715; x_wconf 85' lang='lat' dir='ltr'>Christi</span> <span class='ocrx_word' id='word_1_401' title='bbox 1607 3674 1731 3714; x_wconf 86' lang='lat' dir='ltr'>recte</span> <span class='ocrx_word' id='word_1_402' title='bbox 1763 3663 2006 3714; x_wconf 88' lang='lat' dir='ltr'>concludit</span> <span class='ocrx_word' id='word_1_403' title='bbox 2037 3663 2276 3711; x_wconf 84' lang='lat' dir='ltr'>veritatem</span> <span class='ocrx_word' id='word_1_404' title='bbox 2295 3658 2430 3707; x_wconf 85' lang='lat' dir='ltr'>realis</span> 
     </span>
     <span class='ocr_line' id='line_1_57' title="bbox 1411 3743 2428 3813; baseline -0.009 -16"><span class='ocrx_word' id='word_1_405' title='bbox 1411 3747 1579 3797; x_wconf 82' lang='lat' dir='ltr'>Christi</span> <span class='ocrx_word' id='word_1_406' title='bbox 1618 3748 1867 3813; x_wconf 78' lang='lat' dir='ltr'>praesentiae</span> <span class='ocrx_word' id='word_1_407' title='bbox 1897 3748 1947 3796; x_wconf 89' lang='lat' dir='ltr'>in</span> <span class='ocrx_word' id='word_1_408' title='bbox 1977 3743 2271 3794; x_wconf 88' lang='lat' dir='ltr'>Eucharistia</span> <span class='ocrx_word' id='word_1_409' title='bbox 2298 3760 2311 3805; x_wconf 80' lang='lat'>3</span> <span class='ocrx_word' id='word_1_410' title='bbox 2343 3754 2428 3789; x_wconf 84' lang='lat' dir='ltr'>nos</span> 
     </span>
    </p>
   </div>
  </div>
 </body>
</html>
