2502 4186
600 269 723 306 CAP.
770 270 810 306 1.
859 268 926 305 nn
969 261 1244 308 VEm'rA'rss
1286 263 1620 319 secnnetcn,
1665 266 1787 304 mc.
2116 242 2235 305 283

131 421 249 471 tate
283 409 594 492 conscripti
623 421 683 470 et
714 409 933 492 ubique
968 431 1077 470 usu
1097 409 1318 490 recepti
1352 429 1552 490 preces
1595 407 1978 490 suppeditant
2001 417 2061 468 et
2087 407 2238 467 ritus

130 506 204 565 ad
221 505 594 565 incruentum
619 505 988 565 Eucharistiae
1004 504 1356 564 Sacrificium
1380 501 1800 562 celebrandum
1819 504 1841 582 (
1850 505 1929 584 1).
1958 503 2239 563 Nationes

133 599 456 659 christianae
486 590 688 660 omnes
724 601 898 660 totius
933 599 1092 659 orbis·
1116 609 1438 671 terrarum,
1476 596 1588 655 illis
1623 619 1745 656 non
1784 598 2038 680 exceptis
2060 643 2077 674 ‚
2111 617 2240 679 quae

133 695 294 755 mille
333 707 506 776 atque
542 693 792 777 amplius
832 715 1015 754 annos
1051 703 1186 752 ante
1222 691 1542 751 Lutherum
1590 691 1876 752 distractae
1908 703 2047 752 sunt
2083 714 2117 751 a
2151 713 2242 752 ca-

133 790 358 849 tholicae
385 789 637 850 Ecclesiae
656 790 881 850 unitate
900 835 916 864 ,
947 797 1374 848 consueverunt
1402 781 1610 846 offerre
1632 787 1694 845 in
1725 787 2079 846 Sacrificium
2101 788 2238 848 Cor-

134 901 242 966 pus
265 894 323 944 et
347 885 701 965 Sanguinem
724 884 936 944 Christi
958 884 1063 965 (2).
1093 885 1291 942 Patres
1314 902 1517 941 omnes
1533 926 1550 958 ,
1573 891 1861 966 quotquot
1885 882 2244 964 scripserunt

135 974 208 1038 de
251 978 635 1055 Eucharistia,
689 978 903 1063 passim
951 1000 1080 1039 eam
1121 987 1335 1037 'vocant
1379 978 1802 1056 Sacrificium⁷
1848 978 2242 1049 oblationem,

134 1078 384 1134 hostiam
399 1117 422 1146 ,
463 1079 808 1147 victimam,
839 1084 984 1148 εἰσ..)
1022 1083 1269 1131 utuntur
1300 1071 1538 1133 vocibus
1576 1073 1919 1149 sacrificare
1935 1096 1955 1139 ,·
1998 1073 2205 1150 offerre
2218 1115 2243 1144 ,

133 1171 456 1228 sacerdotes
478 1180 809 1229 memorant
843 1180 903 1228 et
941 1170 1131 1227 altare
1142 1192 1162 1235 ,·
1194 1167 1457 1228 referunt
1495 1166 1570 1226 ad
1597 1168 1948 1227 Sacrificium
1974 1176 2246 1226 nostrum

131 1265 472 1324 sacrificium
510 1262 963 1338 Melchisedech,
1014 1264 1159 1343 Agni
1197 1262 1484 1344 paschalis
1508 1307 1525 1336 ‚
1561 1262 1860 1322 oraculum
1903 1261 2242 1337 Malachiae3

132 1359 482 1441 impugnant
504 1359 1010 1441 hydroparastatas
1034 1358 1290 1440 aliosque
1320 1358 1626 1417 haereticos
1653 1357 2087 1439 antiquissimos
2105 1403 2120 1432 .,
2143 1358 2247 1439 qui

133 1453 196 1511 in
223 1475 370 1534 aqua
397 1454 745 1513 Sacrificium
762 1452 1084 1520 offerebant
1105 1499 1121 1528 ,
1157 1465 1258 1512 aut
1282 1474 1515 1534 quoquo
1545 1452 1721 1511 modo
1747 1452 1821 1511 ab
1851 1451 2108 1512 Ecclesiae
2137 1474 2247 1511 usu

137 1547 509 1608 discedebant
541 1543 651 1630 (3).
678 1549 825 1608 Cum
846 1559 1040 1608 autem
1062 1559 1265 1628 agatur
1286 1547 1359 1607 de
1383 1547 1544 1606 factis
1571 1545 1815 1625 publicis
1848 1558 1907 1606 et
1931 1547 2246 1628 pervulga-

136 1645 208 1702 tis
230 1689 246 1718 ,
290 1656 783 1726 supervacaneum
800 1643 1155 1703 arbitramur
1177 1641 1540 1722 singulorum
1563 1641 1897 1700 testimonia
1914 1662 2239 1701 recensere.

215 1738 356 1797 270.
404 1739 618 1797 Verum
635 1783 650 1812 ,
679 1759 805 1819 quae
831 1738 906 1796 ad
924 1736 1247 1819 pleniorem
1271 1735 1534 1795 Ecclesiae
1556 1734 1851 1795 catholicae
1865 1735 2244 1818 'triumphum

133 1833 353 1892 faciunt
372 1878 388 1907 ,
424 1844 563 1891 sunt
598 1833 710 1915 ipsi
749 1835 1069 1894 Novatores
1091 1878 1106 1906 .,
1132 1853 1383 1914 quorum
1412 1822 1589 1912 aliqui
1631 1829 1776 1890 adeo
1806 1852 1866 1890 se
1901 1831 2089 1913 premi
2111 1852 2248 1891 sen-

133 1939 336 1987 serunt
370 1927 583 1987 horum
623 1939 1143 1988 monumentorum
1181 1925 1475 2008 pondere,
1521 1936 1589 1984 ut
1622 1926 1873 2005 ingenue
1915 1925 2052 1984 fassi
2086 1927 2242 2001 sint,

133 2022 314 2082 talem
350 2044 582 2104 semper
610 2033 668 2082 et
702 2022 920 2104 ubique
952 2022 1049 2083 vel
1085 2023 1160 2082 ad
1195 2023 1334 2103 ipsis
1365 2021 1623 2080 Ecclesiae
1662 2019 2027 2079 incunabulis
2066 2020 2248 2080 fidem

136 2116 209 2176 de
244 2119 525 2177 Sacrificio
553 2120 818 2198 viguisse.
849 2118 1080 2176 Eminet
1110 2119 1264 2176 inter
1288 2116 1393 2175 hos
1423 2117 1478 2175 S.
1513 2117 1718 2175 Irenaei
1747 2137 1990 2198 operum
2018 2116 2208 2176 editor
2228 2163 2244 2193 7

135 2211 170 2270 J
174 2233 305 2270 oan.
329 2213 647 2277 Hernestus
668 2208 932 2272 GrabiuS.
951 2213 1096 2271 Cum
1118 2212 1273 2270 enim
1294 2221 1525 2270 sanctus
1549 2212 1604 2270 M
1611 2223 1769 2292 artyr
1788 2257 1804 2286 ‚
1836 2212 1992 2271 Adv.
2012 2212 2244 2271 Haeres·

137 2305 239 2364 lib.
297 2306 406 2381 IV,
438 2329 566 2389 cap.
615 2309 686 2367 17
711 2354 726 2382 ,
768 2307 842 2367 al.
887 2307 999 2382 32,
1043 2307 1246 2367 doceat
1284 2352 1299 2381 ‚
1333 2306 1649 2366 Christum>
1675 2307 1989 2366 instituisse
2031 2329 2250 2369 novam

138 2399 491 2460 oblationem
515 2448 530 2476 ,
579 2425 756 2484 quam
807 2402 1049 2462 Ecclesia
1101 2401 1173 2461 ab
1210 2401 1499 2483 Apostolis¹
1546 2402 1830 2482 accipiens
1867 2401 1931 2460 in
1977 2403 2250 2463 universo

137 2495 360 2555 mundo
394 2497 563 2556 offert
595 2501 715 2557 Deo
737 2543 752 2573 ‚
794 2510 967 2580 atque
999 2498 1150 2557 hanc
1188 2496 1543 2556 oblationem
1575 2519 1607 2555 a
1643 2495 1923 2556 Malachia
1961 2497 2250 2579 propheta

137 2592 322 2651 multo
358 2604 493 2653 ante
525 2594 987 2675 praenunciatam
1008 2592 1280 2652 ostendat
1300 2638 1316 2666 ‚
1348 2603 1552 2650 notam
1573 2591 1724 2650 hanc
1744 2592 1818 2650 ad
1834 2593 2036 2652 Irenaei
2055 2592 2252 2652 locum

138 2687 381 2748 Grabius
424 2690 696 2771 apposuit
731 2712 743 2746 ι
807 2690 1048 2748 Certum
1090 2700 1209 2760 est,
1234 2690 1295 2746 S.
1332 2688 1637 2747 Irenoeum
1677 2690 1941 2767 aliosque
1983 2689 2246 2761 Patres,

138 2804 394 2861 quorum
411 2790 636 2864 scripta
651 2786 959 2859 hahemus,
991 2795 1116 2842 tam
1137 2805 1249 2856 eos,
1275 2788 1389 2862 qui
1408 2784 1694 2841 viderunt
1714 2785 2015 2863 Apostolos
2020 2827 2041 2856 ,
2061 2805 2249 2863 quam

139 2899 262 2950 eos,
297 2884 411 2958 qui
440 2874 780 2939 immediate
811 2885 962 2960 ipsis
997 2888 1437 2954 successerunt,
1476 2889 1758 2958 spectasse
1772 2880 2246 2939 Eucharistiam
2283 2916 2287 2921 ν

210 3082 271 3146 (1)
307 3080 404 3129 Cfr.
437 3081 500 3130 Le
516 3080 643 3131 Bru'n
663 3121 677 3144 ‚
698 3082 1014 3149 Emplication
1029 3084 1088 3134 de
1105 3083 1154 3132 la
1236 3085 1347 3134 dise.
1375 3083 1456 3132 De
1471 3085 1658 3148 oriqine
1684 3101 1836 3133 sacroe
1862 3085 2128 3151 Liturqioe,
2149 3104 2255 3152 cap.

142 3162 324 3226 Messe,
360 3164 484 3211 Paris
524 3163 641 3230 1741
663 3201 677 3225 ‚
706 3176 821 3213 tom.
855 3182 939 3225 111,
988 3166 1154 3215 disser·
1248 3164 1308 3214 16
1343 3177 1388 3215 et
1422 3184 1559 3232 seqq.

140 3255 222 3294 tat.
257 3262 313 3292 12
336 3282 349 3305 ,
395 3244 693 3310 Uniformite
720 3246 775 3293 de
805 3254 952 3294 tontes
980 3246 1044 3294 les
1071 3245 1156 3295 Li-
1307 3250 1371 3312 (ἢ)
1410 3249 1506 3297 Cfr.
1542 3247 1713 3314 Joseph
1744 3248 1901 3315 Moysi.
1936 3251 2214 3301 Assemanus
2233 3289 2251 3313 ,

140 3329 318 3391 turqies
372 3326 439 3374 du
492 3327 661 3375 monde
706 3327 919 3376 obretien
945 3328 1069 3376 dans
1106 3346 1158 3378 ce
1246 3330 1403 3379 Codex*
1430 3330 1684 3396 litarqicus
1714 3330 1949 3381 Ecclesiae
1978 3335 2242 3394 universas,

141 3409 265 3475 qu’il
277 3427 310 3474 y
324 3408 630 3457 ad’essentiel
645 3426 711 3458 au
725 3410 950 3474 Sacrifico
970 3448 983 3471 ‚
1000 3422 1089 3461 art.
1111 3428 1155 3474 1,-
1236 3431 1312 3461 sex
1363 3414 1677 3462 voluminibus
1725 3416 2086 3479 comprehensus
2111 3451 2125 3476 ,
2153 3416 2250 3465 Ro-

140 3488 477 3551 Renaudotius,
508 3490 702 3555 Liturq.
723 3491 962 3541 Oriental.
980 3494 1093 3542 diss.
1113 3510 1149 3555 1,
1237 3511 1326 3543 mae
1361 3493 1505 3561 1749.
2051 3501 2054 3505 ’

143 3570 213 3621 De
242 3574 580 3637 Liturqiarum
618 3573 947 3622 Orientalium
969 3576 1154 3639 oriqine
1313 3576 1379 3640 (3)
1416 3577 1516 3624 Cfr.
1554 3576 1770 3626 Bellarm.
1795 3576 1874 3624 De
1902 3577 1951 3624 E
1954 3578 2064 3626 uch.
2096 3577 2182 3627 libs
2200 3597 2249 3627 v.

146 3662 189 3701 et
223 3657 534 3715 auctoritate,
574 3672 676 3719 cap.
711 3671 738 3702 2
780 3666 823 3705 et
848 3671 972 3721 seq.;
997 3656 1154 3706 Mura-
1235 3675 1336 3722 cap.
1391 3657 1447 3705 13
1486 3669 1533 3707 et
1586 3675 1719 3724 seqq.
1767 3669 1810 3707 et
1874 3658 1977 3707 Nat.
2023 3659 2247 3710 Alexand.

149 3737 287 3784 torius
306 3772 322 3798 ‚
355 3737 581 3800 Liturqia
608 3737 747 3785 Rom.
776 3734 833 3782 V
828 3744 947 3798 etus,
967 3748 1084 3786 tom.
1111 3753 1146 3799 1,
1234 3743 1342 3791 diss.
1384 3742 1439 3790 13
1457 3780 1470 3802 ‚
1498 3745 1548 3791 in
1568 3745 1712 3792 secul.
1743 3760 1825 3791 xm
1860 3753 1905 3792 et
1935 3740 2029 3792 inv.
