2502 4186
373 195 534 267 ear.
578 228 669 264 111.
717 224 997 279 marnam,
1042 225 1229 263 souma
1270 225 1338 261 m*
1378 222 1495 261 Err-
1540 202 1802 261 com-um.
2065 206 2179 265 129

93 368 408 432 orthodoxa
426 367 702 442 confessio
728 365 986 426 Ecclesiae
1009 363 1300 424 orientalis
1316 385 1348 423 a
1372 364 1641 424 Nectario
1664 365 1817 425 edita
1835 387 1989 426 anno
2018 368 2173 428 1662

92 476 265 545 atque
297 485 331 522 a
370 473 617 543 quatuor
661 460 891 520 sedibus
934 457 1257 540 apostolicis
1287 458 1624 539 *approbata
1653 503 1669 533 ,
1722 480 1787 518 ac
1828 462 1874 520 si
1908 483 2014 544 per
2049 484 2181 522 eam

93 558 356 617 dicatur:
387 557 745 639 Inunctione
792 560 959 631 sacri
987 555 1173 632 vsuajus
1213 559 1514 632 unquenti
1549 555 1886 633 ohsiqnaris
1901 600 1922 628 ,
1963 561 2180 638 confir-

92 658 396 731 marisque
429 657 497 709 in
536 653 806 729 Spiritus
848 646 1060 708 Sancti
1074 648 1272 727 *donis
1304 691 1320 719 ‚
1363 669 1497 726 quoe
1538 655 1607 706 in
1664 649 2186 729 Confirmationem

96 749 446 807 christianae
473 746 617 823 fidei
651 756 770 803 tuce
804 748 1030 823 accipis
1067 742 1177 820 (l).
1225 741 1391 822 Apud
1423 742 1656 801 Latinos
1697 754 1893 803 autem
1935 746 2186 806 formam

99 840 367 902 constitui
399 838 762 897 contendunt
783 860 888 921 per
910 835 1084 900 verba
1117 857 1129 892 ε
1161 837 1342 915 Siqno
1372 847 1422 895 te
1444 841 1611 916 siqno
1633 843 1833 897 erucis
1850 880 1871 910 ,
1903 842 2184 917 confirmo

77 940 144 993 'te
168 935 485 993 chrismate
519 935 730 992 salutis
743 976 767 1005 ,
801 938 869 991 in
903 934 1142 990 nomine
1177 931 1424 1002 Patris,
1457 942 1569 990 etc.
1607 932 1716 1011 (2).

164 1029 273 1106 82.
319 1029 455 1087 Haec
483 1049 657 1109 porro
694 1025 870 1089 verba
905 1046 1105 1086 veram
1147 1046 1214 1084 ac
1247 1025 1613 1084 essentialem
1651 1026 2006 1087 Sacramenti
2030 1031 2185 1089 Con-

93 1122 433 1181 firmationis
481 1122 728 1180 formam
778 1121 841 1177 in
887 1118 1138 1178 Ecclesia
1184 1118 1367 1178 latina
1421 1121 1807 1195 constituere,
1858 1123 1951 1182 vel
1992 1144 2064 1183 ex
2117 1145 2186 1184 eo

95 1229 318 1277 constat
340 1261 355 1290 ‚
389 1216 688 1298 quod'haec
713 1213 832 1272 sola
855 1259 870 1286 ,
909 1213 1116 1273 saltem
1149 1215 1343 1295 quoad
1382 1214 1771 1276 substantiam
1804 1229 1863 1276 et
1906 1239 2142 1279 sensum
2163 1265 2180 1295 ,

91 1313 453 1393 reperiantur
473 1312 536 1369 in
561 1307 850 1386 omnibus,
872 1308 970 1389 qui
992 1320 1304 1389 supersunt
1324 1354 1340 1383 a
1374 1311 1736 1370 Sacramenti
1762 1312 1932 1390 hujus
1961 1314 2184 1374 ordini-

90 1405 200 1465 bus
221 1452 237 1481 ,
267 1428 409 1488 quos
435 1405 618 1464 refert-
641 1404 957 1477 Martenius
976 1449 993 1477 .‚
1034 1404 1266 1462 initium
1301 1403 1518 1463 ducens
1554 1427 1586 1463 a
1611 1405 1802 1465 medio
1842 1408 2067 1468 circiter
2096 1431 2186 1469 oc-

91 1513 227 1561 tavo
256 1500 471 1574 seculo,
499 1519 680 1579 usque
697 1498 772 1558 ad
797 1519 1018 1557 annum
1042 1498 1418 1558 millesimum
1434 1498 2064 1580 quadringentesimum
2078 1503 2185 1584 (3).

93 1597 307 1654 Contra
353 1614 490 1656 vero
533 1593 736 1670 eadem
781 1615 903 1652 non
944 1593 1192 1653 habetur
1240 1595 1560 1652 constantia
1613 1595 1806 1675 quoad
1855 1596 2019 1655 illam
2056 1618 2188 1657 ora-

93 1692 313 1749 tionem
355 1711 370 1747 :
420 1690 803 1768 Omnipotens
829 1692 1175 1767 sempiterne
1202 1689 1363 1747 Deus
1377 1677 1526 1758 ,ὀίω
1567 1710 1744 1769 quam
1773 1690 2014 1750 recitare
2042 1712 2187 1750 con-

90 1786 279 1846 suevit
313 1784 624 1865 Episcopus
645 1828 662 1856 ,
694 1782 837 1841 dum
872 1804 1079 1841 manus
1121 1792 1295 1863 super
1334 1803 1536 1842 omnes
1570 1785 1997 1844 confirmandos
2045 1808 2185 1868 pro-

89 1879 296 1939 tendit.
348 1880 416 1937 In
465 1877 763 1937 nonnullis
802 1878 963 1936 enim
1004 1877 1303 1936 ordinibus
1343 1879 1714 1959 postponitur
1761 1881 2065 1956 unctioni,
2122 1882 2185 1940 in

90 1973 212 2033 aliis
243 1974 652 2055 praemittitur⁷
689 1972 979 2032 omittitur
1015 1973 1246 2054 penitus
1287 1973 1349 2030 in
1385 1973 1510 2031 aliis
1541 2018 1558 2048 .,
1598 1985 1664 2032 ut
1702 1974 1765 2032 in
1802 1973 1952 2035 libro
1982 1977 2182 2036 Sacra-

90 2080 423 2128 mentorum
449 2069 826 2148 Moysacensis
851 2068 1223 2142 monasterii,
1250 2068 1350 2149 qui
1383 2069 1446 2126 in
1474 2067 1824 2130 bibliotheca
1849 2070 2184 2131 Colbertina

93 2177 448 2238 asservatum
489 2165 553 2223 in
581 2164 928 2245 quibusdam
962 2186 1101 2226 vero
1140 2163 1259 2223 sola
1299 2164 1549 2224 refertur
1577 2167 1760 2225 oratio
1781 2211 1797 2235 ,
1830 2178 1891 2226 at
1930 2167 2091 2226 nulla
2117 2168 2186 2226 fit

92 2260 313 2319 mentio
336 2280 619 2318 manuum
640 2259 1024 2340 impositionis
1040 2303 1057 2334 ,
1084 2259 1234 2316 utin
1267 2260 1506 2340 antiquo
1533 2260 1725 2319 codice
1751 2262 1807 2319 S.
1839 2262 2188 2340 BenigniDi-

92 2354 386 2417 vionensis
412 2363 547 2411 ante
566 2373 788 2410 annum
814 2351 956 2426 800,
978 2363 1045 2410 ut
1059 2352 1236 2411 refert
1260 2353 1577 2411 Martenius
1597 2397 1613 2427 7
1634 2374 1742 2412 nec
1764 2375 1884 2425 non
1909 2355 1970 2412 in
1988 2353 2198 2413 rituali.

99 2516 187 2564 bus
208 2517 306 2582 jam
337 2515 544 2581 plerique
575 2532 734 2564 omnes
773 2517 1098 2564 assentiuntur.

100 2596 306 2646 Profecto
329 2634 342 2657 ‚
377 2614 484 2645 cum
509 2596 636 2644 nulla
661 2596 751 2653 alia
777 2596 922 2644 forma
944 2613 1102 2645 occur-

41 2729 43 2731 ,
101 2689 171 2727 rat
200 2682 251 2727 in
280 2678 541 2727 Graecorum
579 2688 622 2726 et
659 2677 962 2727 Orientalium
1003 2679 1100 2727 Eu-

104 2760 321 2825 chologiis
345 2798 359 2821 ‚
391 2770 469 2808 aut
509 2760 758 2809 dicendum
802 2760 901 2807 illas
941 2777 1099 2808 omnes

103 2841 314 2889 ecclesias
343 2857 522 2906 semper
555 2844 751 2889 caruisse
787 2858 893 2889 vero
918 2840 1099 2890 Confir-

104 2925 323 2970 mationis
348 2922 638 2972 Sacramento
657 2960 670 2981 .,
705 2922 831 2988 quod
859 2923 933 2972 vel
951 2926 1099 2988 suspi-

101 3006 198 3051 cari
236 3003 363 3051 nefas
406 3014 506 3063 est,
552 3014 631 3052 aut
666 3004 901 3052 fatendum
938 3007 988 3053 in
1028 3005 1101 3053 his

98 3085 248 3133 verbis
266 3102 422 3133 veram
448 3085 644 3133 'formam
672 3085 851 3134 haberi.
885 3085 1101 3135 Traditur

94 3170 191 3234 jam
236 3166 335 3213 haec.
385 3165 530 3212 forma
569 3167 619 3213 in
652 3165 860 3214 Concilio
894 3168 1097 3233 generali

98 3245 603 3310 Constantinopolitano
641 3262 691 3305 1,
733 3263 838 3295 can.
879 3264 944 3295 vu
967 3285 980 3307 ‚
1023 3248 1097 3296 his

96 3331 207 3393 ipsis
233 3328 411 3377 verbis:
430 3323 635 3391 qupoeyis·
662 3325 825 3391 δωρεοῗς
849 3324 1097 3390 πνεῦμοιτος

96 3407 248 3468 οἱιγιόυ.
266 3409 404 3474 Apud
425 3408 570 3457 Hard.
591 3406 732 3455 Acta.
757 3407 903 3457 Cone.
921 3419 1036 3460 tom.
1052 3427 1088 3472 1,

95 3494 186 3543 col.
219 3490 340 3542 813.

157 3574 227 3637 (l)
263 3574 366 3623 Cfr.
398 3572 673 3622 Orthodooea
691 3572 919 3637 consessio
937 3572 1097 3622 catho-

94 3654 198 3704 licae
226 3664 365 3720 atque
397 3655 661 3722 apostolicae
686 3653 737 3706 E
737 3653 916 3704 celesiae
938 3655 1097 3703 orien-

174 3736 237 3794 T.
278 3737 377 3795 VI.

1182 2514 1294 2563 talis
1313 2552 1326 2576 ‚
1361 2517 1603 2581 interprete
1628 2514 1874 2566 Laurentio
1891 2517 2157 2567 Normanno
2171 2556 2185 2579 ,

1181 2596 1306 2662 Lips.
1342 2595 1498 2664 1695,
1531 2615 1629 2662 pag.
1671 2597 1776 2646 162.
1817 2598 1941 2663 Opus
1967 2601 2057 2648 hoc
2085 2618 2187 2665 ger-

1182 2681 1359 2727 manice
1388 2680 1552 2744 prodiit
1574 2679 1861 2728 Francofurti
1881 2718 1894 2740 ‚
1929 2696 2006 2730 an.
2036 2697 2182 2747 1727,

1182 2781 1289 2811 cura
1320 2762 1367 2811 J.
1395 2762 1451 2810 L.
1485 2761 1643 2809 Frisch
1663 2798 1676 2821 ‚
1709 2761 1794 2809 sub
1829 2763 1960 2810 titulo
1998 2764 2187 2826 Maqni

1187 2843 1479 2893 Catechismi
1519 2845 1810 2892 Bassorum.
1852 2843 1900 2891 Si
1929 2844 1993 2892 Cl.
2035 2844 2185 2892 Wiest

1182 2925 1373 2987 (Instit.
1401 2923 1536 2973 theol.
1572 2934 1606 2971 t.
1641 2941 1716 2983 m,
1745 2943 1791 2989 p.
1822 2922 1916 2991 98)
1950 2925 2061 2973 fides
2094 2925 2180 2974 ha-

1179 3005 1360 3066 beatur,
1390 3016 1546 3054 auctor
1566 3001 1665 3070 ejus
1685 3017 1751 3055 est
1773 3006 1928 3055 Petrus
1956 3006 2148 3071 Mogilas
2163 3043 2177 3067 ‚

1182 3087 1435 3135 Kioviensis
1463 3086 1764 3150 Metropolita.

1251 3170 1311 3231 (⁶2)
1348 3168 1452 3216 Non
1478 3172 1702 3232 pertinere
1734 3169 1791 3216 ad
1821 3172 2060 3217 essentiam
2090 3172 2182 3218 sin-

1179 3250 1285 3314 gula
1319 3250 1417 3297 haec
1440 3250 1577 3296 verba
1599 3285 1613 3308 ‚
1659 3249 1788 3313 plura
1822 3261 1928 3298 sunt
1956 3268 2055 3315 quae
2079 3269 2182 3299 sua-

1180 3333 1336 3403 deant.
1381 3331 1476 3379 Cfr.
1514 3331 1760 3391 Chardon,
1805 3330 1941 3379 Hist.
1984 3331 2065 3379 des
2089 3334 2182 3381 Sa-

1177 3421 1426 3472 crements,
1442 3423 1596 3470 tom.1‚
1611 3422 1719 3462 sect.
1742 3412 1958 3476 seconde,
1972 3412 2108 3477 chap.
2135 3429 2152 3460 1
2164 3449 2179 3474 ,

1174 3512 1224 3559 p.
1249 3493 1349 3560 419
1385 3494 1561 3542 etsuiv.

1250 3574 1314 3638 (3)
1332 3574 1601 3635 Martenius,
1623 3590 1700 3638 op.
1719 3575 1798 3622 cit.
1822 3573 1906 3621 lib.
1931 3590 1949 3620 1
1969 3609 1982 3632 ‚
2004 3590 2105 3637 cap.
2126 3592 2176 3636 2,

1179 3665 1265 3705 art.
1295 3670 1348 3704 111
1364 3692 1378 3718 ‚
1410 3657 1570 3720 viginti
1598 3665 1684 3705 tres
1714 3655 1893 3704 ordines
1921 3655 2108 3719 profert.

1869 3735 1905 3790 9
