2502 4186
289 189 431 260 {⁵434
950 208 1275 254 ‘rusci-Aroe
1319 215 1388 253 ΒΕ.
1430 212 1814 255 ronmrnuru.

298 371 549 424 ¹verunt.
570 361 744 430 Nam,
772 359 834 416 10
855 358 912 415 S.
943 357 1192 416 Hermas
1215 356 1289 415 de
1309 355 1733 416 scelestior-ibus
1756 356 2105 438 quibusdam
2125 363 2435 443 peccatori-

299 458 421 517 bus
443 456 688 536 loquens
711 444 734 511 'z
766 453 857 513 Iis
877 495 903 524 ,
939 451 1131 533 inquit
1156 444 1179 525 ‚⁵
1202 473 1324 511 non
1348 463 1561 531 escper
1581 452 2013 512 Poenitentiam
2039 475 2333 535 reqressus
2354 459 2441 517 ad

307 540 948 627 vitam...hujusmodi
976 547 1243 606 homines
1271 551 1457 606 morti
1489 559 1636 606 sunt
1663 549 1955 607 destinati
1991 543 2198 628 (1).’20
2224 553 2435 612 Auctor

311 644 806 704 Constitutionum
826 641 1134 724 Apostolic.
1154 640 1344 717 docet,
1366 641 1604 701 concedi
1617 642 2188 724 quidem‘idololatris
2202 647 2434 710 veniam

298 762 419 820 per
438 744 748 799 sinceram
749 741 1174 817 poenitentiam
1195 735 1628 805 revertentibus
1644 783 1660 812 7
1687 758 1809 795 non
1830 749 2027 798 autem
2046 740 2097 799 ei
2119 785 2134 814 7
2162 741 2261 822 qui
2283 743 2439 800 velut

298 840 435 894 ‘acie
463 837 673 895 rebelli
686 843 864 892 tentet
890 834 1110 893 Deum.
1126 878 1137 890 .
1153 878 1165 890 .
1205 834 1588 910 Hujusmodi
1604 838 1780 892 venia
1804 836 2038 899 carebit
2057 834 2163 915 (2).
2195 835 2261 894 30
2285 836 2435 895 Hinc

307 931 587 1011 Origenes
607 941 670 990 et
687 928 1092 1008 Theognostus
1112 926 1271 1010 apud
1291 928 1349 987 S.
1376 926 1759 988 Athanasium
1777 929 1951 987 citata
1971 930 2232 1011 Apostoli
2256 929 2434 991 verba

294 1020 380 1086 {de
408 1027 474 1084 iis
500 1020 838 1104 intelligunt
855 1069 871 1098 ,
899 1025 1001 1105 qui
1034 1033 1167 1104 post
1185 1025 1549 1105 Baptismum
1572 1024 1632 1081 in
1658 1035 1893 1106 peccata
1916 1024 2262 1085 relabuntur
2280 1072 2295 1100 ,
2321 1048 2435 1086 eos·

305 1139 419 1203 que
440 1167 456 1197 .,
503 1123 704 1195 aiunt,
739 1121 1226 1179 misericordiam
1264 1141 1387 1179 non
1426 1131 1850 1180 consecuturos¹
1871 1120 1978 1200 (3).
2023 1121 2092 1180 40
2128 1122 2219 1180 Sic
2255 1123 2432 1182 etiam

296 1219 404 1276 SS.
436 1216 760 1298 Cyprianus
785 1226 844 1274 et
866 1213 1206 1275 Ambrosius
1236 1206 1437 1297 aperte
1473 1213 1687 1275 docent
1707 1260 1723 1290 .,
1758 1215 2183 1275 nonnullorum
2226 1237 2431 1298 pecca—

303 1324 500 1372 torum
529 1311 766 1370 nonnisi
801 1313 987 1370 Deum
1025 1311 1298 1370 misereri·
1321 1332 1492 1392 posse
1530 1310 1643 1392 (4).
1683 1311 1879 1370 Sancti
1906 1331 2045 1372 vero
2069 1311 2429 1371 Athanasius

302 1420 383 1469 et
380 1408 789 1486 Hieronymus
818 1417 1031 1467 vocant
1058 1405 1540 1488 blasphemiam
1524 1427 1589 1464 1n
1622 1407 1907 1488 Spiritum
1931 1409 2210 1467 Sanctum
2235 1428 2432 1499 pecca-

300 1516 428 1563 tum
465 1503 924 1573 irremissibile,
953 1504 1356 1574 inveniabile,
1396 1503 1839 1592 indeprecabilo
1860 1503 1968 1583 (5).
2005 1505 2168 1582 ErgO.

291 1620 297 1639 ⁷
388 1598 526 1657 167.
574 1597 753 1678 Resp.
767 1596 934 1677 ffNeq
968 1607 1095 1656 ant.
1135 1597 1226 1657 Ad
1262 1598 1341 1657 1¹1²
1377 1607 1437 1657 et
1471 1599 1556 1656 2ηι
1582 1597 1752 1679 prob.
1785 1601 1943 1658 Dist.
1982 1598 2070 1658 Ad
2106 1599 2428 1678 significan-

305 1694 443 1753 dam
469 1712 764 1759 summam
792 1692 1149 1751 remissionis
1181 1691 1639 1756 difficultatem
1622 1715 1684 1751 1n
1713 1691 2114 1774 peccatoribus
2144 1695 2223 1754 ita
2246 1715 2429 1776 prave

304 1787 596 1870 dispositis
615 1831 630 1860 ,
661 1807 847 1853 cono.;
865 1786 941 1844 ad
957 1786 1395 1865 significandam
1420 1786 1679 1868 aliquam
1700 1786 2118 1847 limitationem
2139 1788 2428 1848 facultatis

303 1882 566 1942 Ecclesiae
592 1903 624 1940 a
650 1881 881 1940 Christo
906 1901 1189 1941 concessae
1212 1881 1407 1962 quoad
1440 1883 1551 1942 rite
1582 1880 1888 1965 dispositos
1905 1928 1922 1960 ,
1954 1905 2081 1964 noy.
2109 1878 2338 1944 Etenim
2357 1885 2430 1944 de

298 1978 410 2038 hac
437 1977 602 2036 nullo
632 1976 809 2035 modo
839 1976 1163 2058 loquuntur
1184 1976 1397 2055 objecti
1429 1989 1712 2038 auctores.
2114 2031 2116 2041 ,

391 2074 529 2134 168.
578 2073 668 2133 Ad
704 2072 828 2146 3¹1¹
872 2074 1031 2133 Disc.
1068 2072 1181 2146 Qui
1220 2083 1533 2154 propterea
1571 2073 1880 2133 deserendi
1909 2085 2049 2133 sunt
2073 2076 2137 2132 in
2169 2073 2278 2132 hac
2307 2075 2430 2132 sin-

302 2170 486 2252 gulari
539 2168 1025 2251 interpretatione
1064 2188 1130 2227 ac
1174 2167 1519 2263 refellendi,
1571 2180 1750 2250 prout
1789 2190 1886 2228 eos
1924 2169 2114 2251 reipsa
2170 2168 2432 2228 confutat

297 2269 363 2325 S.
405 2265 787 2339 Athanasius),
834 2285 1033 2331 conc.;
1084 2285 1283 2339 seem,
1331 2286 1466 2346 neq.
1522 2266 1613 2324 Sic
1648 2266 1810 2325 enim
1853 2267 1907 2324 S.
1941 2265 2291 2325 Athanasius
2332 2285 2429 2324 eos

303 2361 645 2446 perstringit
683 2382 697 2418 ε
745 2362 816 2419 Si
855 2382 1064 2420 eorum
1102 2381 1290 2428 causa
1306 2403 1327 2432 ,
1366 2360 1477 2440 qui
1499 2371 1642 2441 post
1671 2362 1990 2420 lavacrum
2018 2371 2279 2440 peccant
2294 2402 2316 2433 ,
2360 2360 2434 2418 id

299 2461 533 2519 dictum
553 2461 806 2536 fuisset,
831 2468 887 2515 ct
906 2459 1005 2515 illi
1022 2461 1260 2516 veniam
1277 2458 1539 2517 obtinere
1562 2479 1684 2517 non
1696 2468 1973 2537 possent,
1995 2478 2112 2515 cur
2128 2457 2429 2515 bominem

307 2556 482 2636 apud
525 2554 858 2614 Corinthios
903 2561 1294 2634 paenitentem
1335 2558 1405 2613 in
1454 2558 1709 2613 caritate
1763 2555 2084 2633 confirmat
2132 2553 2371 2611 Paulus
2406 2595 2429 2624 ,

311 2652 562 2712 Galatas
590 2671 723 2710 vero
747 2661 1078 2715 retrorsum
1115 2652 1396 2710 abeuntes
1425 2654 1747 2730 parturit,
1790 2651 1972 2708 donec
1997 2652 2302 2727 formetur
2329 2650 2432 2707 ite-

307 2769 452 2807 rum
489 2753 556 2806 in
612 2751 695 2806 cis
746 2752 1017 2807 Christus
1051 2747 1184 2826 (6)?
1221 2746 1331 2819 Qui
1369 2745 1585 2806 deinde
1620 2745 1812 2828 pergit
1848 2743 2280 2821 demonstrare,
2312 2742 2425 2802 illis

1339 2850 1408 2925 ο..

383 2979 444 3043 (l)
471 2979 675 3028 Pastor.
709 2976 791 3025 lib.
819 2994 892 3026 ιιι.
920 2975 1072 3027 simil.
1094 2996 1170 3040 vt,
1205 2994 1322 3029 ΠΛ.
1477 2976 1544 3042 (5)
1564 2975 1915 3034 S.Athanasius‚
1932 2975 1984 3024 E
1976 2977 2097 3043 pist.
2114 2993 2160 3024 ιν
2174 2975 2239 3022 ad
2256 2973 2428 3041 Serap.

389 3059 454 3125 (2)
481 3061 587 3111 Lib.
622 3078 686 3122 n,
720 3076 826 3124 cap.
862 3060 940 3109 23.
1411 3058 1461 3108 S.
1488 3058 1764 3125 Hieronym.
1795 3057 1963 3126 Epist.
2006 3075 2099 3107 xm
2128 3056 2194 3105 ad
2219 3053 2430 3105 Marcel-

387 3142 449 3206 (3)
481 3142 650 3210 Epist.
695 3159 760 3203 xv,
799 3139 867 3187 ad
899 3139 1157 3210 Sarapion.
1191 3161 1242 3192 n.
1276 3159 1329 3210 9,
1415 3140 1531 3204 lam,
1559 3138 1671 3190 edit.
1701 3141 1902 3190 Vallars.
1922 3141 2034 3190 alias
2049 3155 2196 3188 cxux.
2225 3137 2328 3187 Alia
2365 3140 2430 3186 si-

313 3234 435 3273 tom.
484 3241 502 3272 1
532 3262 546 3286 ,
597 3236 718 3290 part.
759 3246 814 3277 u.
858 3245 935 3294 op.
984 3228 1095 3276 edit.
1130 3225 1332 3274 Maurin.
1419 3224 1546 3272 milia
1583 3226 1841 3273 testimonia
1888 3222 1972 3273 SS.
2023 3222 2210 3271 Patrum
2250 3220 2430 3286 profert

374 3307 446 3374 (A)
467 3307 518 3356 S.
549 3307 772 3376 Cyprian.
800 3312 884 3361 lib.
909 3310 990 3359 De
1008 3309 1176 3377 lapsis,
1209 3309 1320 3358 edit.
1405 3305 1636 3370 Morinus,
1654 3307 1734 3354 De
1751 3306 1942 3356 Poenit.
1957 3305 2044 3355 lib.
2063 3319 2115 3353 lx
2135 3305 2321 3368 cit.cap.
2343 3298 2428 3350 28.

310 3388 465 3438 Maur.
484 3407 588 3455 pag.
621 3388 732 3442 186.
763 3392 866 3442 Alia
896 3393 1105 3461 ejusdem
1140 3390 1188 3439 S.
1210 3390 1326 3439 Mar·
1478 3389 1546 3454 (6)
1578 3387 1692 3437 Loc.
1735 3389 1815 3438 cit.
1865 3406 1915 3437 n.
1957 3388 2035 3437 13.
2061 3381 2245 3437 Ἀλλως
2275 3403 2324 3432 τε
2342 3420 2356 3444 ,
2393 3385 2430 3430 εἰ

315 3473 426 3537 tyris
455 3474 505 3519 in
541 3473 661 3522 hanc
689 3491 787 3524 rem
825 3477 1086 3526 testimonia
1105 3475 1330 3538 congessit
1410 3475 1490 3521 τᾶν
1519 3466 1644 3533 patra?
1668 3468 1719 3519 τὲ
1737 3484 1790 3520 >to
1795 3467 1912 3537 υτρέυ
1938 3465 2271 3536 ἆμαρ-κήπων
2297 3461 2427 3530 χάριν

315 3552 463 3602 editor
501 3553 780 3618 Maurinus,
817 3559 868 3606 in
924 3557 1106 3606 Praefat.
1131 3554 1167 3622 8
1215 3573 1327 3616 vlu,
1415 3553 1673 3621 ei'pnraetrov
1653 3551 1806 3603 ’ὅτ-ατο
1788 3557 1931 3619 ορητο
1915 3550 1973 3602 ''iv
1995 3572 2167 3601 καιτου
2147 3547 2264 3600 νὀτις
2280 3548 2366 3613 qia-v
2357 3543 2429 3604 ’γ-

316 3651 419 3699 pag.
454 3652 532 3685 21.
563 3636 616 3687 S.
649 3637 946 3691 Ambrosius
933 3658 983 3690 m
1000 3639 1084 3690 hb
1103 3638 1187 3688 Ad
1199 3639 1325 3703 vir-q.
1412 3657 1581 3696 ymo-ro
1570 3633 1607 3690 ’ς
1657 3637 1772 3686 ἔστι
1820 3637 1845 3691 η’
1895 3658 1951 3684 τι
1925 3639 1974 3683 ἔν
2019 3626 2427 3695 πλημμιλημᾶτινν

307 3713 516 3782 lapsam,
538 3735 640 3786 cap.
658 3718 708 3770 8.
