2502 4186
409 287 531 325 cn».
582 288 622 322 1.
666 287 732 322 mn
776 283 939 323 anau
981 283 1201 323 cnmsu
1245 282 1557 322 PRAESENTIA
1601 283 1661 319 m
1704 283 1950 323 nucum.
2144 264 2251 323 181

152 453 212 488 n.
251 428 363 502 66,
402 428 709 509 profitetur
733 472 748 500 ‚
790 426 1206 486 Eucharistiam
1241 446 1274 482 a
1317 423 1585 483 fidelibus
1626 446 1747 483 non
1786 427 1939 485 sumi
1988 414 2056 486 ut
2092 447 2254 486 com-

150 544 390 582 munem
444 543 660 604 panem
706 541 897 602 neque
937 531 1005 578 ut
1040 539 1411 578 communem
1442 530 1665 605 'potum
1700 563 1716 591 ‚
1767 520 1871 579 sed
1923 522 2256 598 Incarnati

149 622 316 677 illius
363 618 509 677 Jesu
557 627 613 674 et
656 615 911 675 Carnem
960 624 1014 672 et
1045 615 1424 691 ‘San-quinem
1482 634 1595 671 esse
1645 614 1833 672 edocti
1876 637 2086 675 sumus
2135 616 2248 695 (1).

151 712 208 769 S.
253 713 537 784 IrenaeuS‚
587 714 802 767 Contra
838 710 1110 778 haereses,
1146 705 1248 764 lib.
1285 707 1359 764 IV
1386 750 1402 780 ,
1445 705 1746 788 disputans
1770 708 2044 769 adversus
2074 709 2254 770 haere·-

147 807 287 864 ticos
316 850 332 878 ,
385 805 484 885 qui
514 801 807 881 negabant
843 802 1130 862 Christum
1181 801 1383 859 Jesum
1423 822 1546 860 esse
1582 801 1792 860 Filium
1827 803 2144 880 Creatori8‚
2190 815 2250 864 et

146 898 398 958 Verbum
435 918 642 956 verum
679 918 886 978 corpus
923 893 1218 954 materiale
1264 895 1680 976 assumpsisse,
1730 897 1808 955 sic
1860 917 1956 955 eos
2001 920 2072 956 ex
2131 901 2247 958 Eu-

142 992 406 1052 charistia
431 991 796 1072 perstringit}
834 990 1127 1069 Quomodo
1149 991 1445 1047 constabit
1464 993 1582 1061 eis,
1606 1012 1744 1048 eum
1758 1012 2014 1070 panem,
2040 995 2110 1050 in
2132 1014 2253 1071 quo

133 1091 351 1167 qrati‘oe
379 1096 525 1144 actce
556 1096 730 1157 sunt,
772 1085 1000 1163 Corpus
1028 1105 1142 1142 esse
1173 1084 1428 1142 Domini
1456 1090 1587 1156 sui,
1625 1097 1681 1143 et
1720 1088 1963 1170 calicem
1988 1089 2248 1168 Sanqui-

142 1184 240 1240 nis
266 1186 389 1259 ejus
420 1179 553 1260 (2)ss
581 1181 650 1238 Et
673 1181 883 1238 iterum
907 1176 1184 1238 adversus
1214 1178 1449 1237 eosdem
1469 1224 1485 1252 ,
1521 1180 1619 1260 qui
1647 1191 1927 1261 praeterea
1956 1181 2249 1260 negabant

139 1276 396 1334 futuram
426 1264 732 1356 corporum
766 1272 1280 1346 resurrectionem,
1326 1273 1408 1332 ita
1436 1272 1696 1355 disputat
1737 1296 1809 1334 ex
1835 1274 2190 1336 Eucharistia
2224 1300 2238 1335 ε

145 1372 441 1450 Quomodo
484 1379 684 1428 autem
722 1388 938 1425 rursus
983 1368 1231 1440 dicunt,
1272 1389 1517 1427 carnem
1557 1372 1627 1427 in
1663 1375 2111 1451 corruptionem
2155 1368 2246 1432 dess

138 1471 374 1538 venire,
421 1475 474 1523 et
509 1483 630 1521 non
653 1467 961 1541 percipere
993 1467 1182 1520 vitam
1201 1508 1216 1537 7
1255 1485 1389 1541 quoe
1428 1463 1680 1544 Corpore
1720 1467 1982 1524 Domini
2007 1477 2061 1524 et
2093 1469 2244 1526 San-

130 1564 319 1640 guine
362 1556 594 1618 alitur?
641 1557 806 1638 Erqo
841 1567 953 1615 aut
971 1561 1324 1615 sententiam
1360 1568 1627 1630 mutent,
1652 1569 1761 1617 aut
1790 1561 2136 1619 abstineant
2160 1565 2244 1640 of-

131 1656 375 1734 ferendo
387 1697 410 1725 ,
450 1674 582 1732 quoe
604 1653 905 1731 proedicta
928 1663 1073 1710 sunt
1099 1651 1213 1731 (3).
1237 1651 1395 1711 Adeo
1419 1653 1594 1732 igitur
1614 1654 1918 1714 universae
1946 1655 2202 1715 Ecclesiae
2226 1701 2247 1730 ,

137 1749 256 1808 imo
295 1760 354 1808 et
380 1742 661 1807 haereticis
697 1746 835 1828 ipsis
878 1742 1246 1827 exploratum
1275 1757 1399 1805 erat
1438 1746 1623 1806 tribus
1658 1748 1949 1830 prioribus
1985 1749 2244 1809 Ecclesiae

135 1844 336 1903 seculis
354 1891 370 1920 ‚
402 1844 463 1901 in
493 1842 843 1902 Eucharistia
869 1840 1101 1900 realiter
1134 1840 1349 1900 Christi
1378 1842 1600 1923 Corpus
1636 1854 1695 1903 et
1739 1844 2089 1922 Sanguinem
2114 1865 2249 1904 con-

134 1939 307 1998 tineri
333 1984 348 2014 ‚
385 1948 452 1996 ut
485 1958 550 1997 ea
586 1937 829 1998 veritate
868 1948 1150 2018 tanquam
1200 1935 1394 1996 medio
1431 1948 1693 1997 uteretur
1729 1940 1786 1997 S.
1829 1940 2081 1998 Irenaeus
2102 1984 2118 2013 ‚
2169 1938 2246 1998 ad

134 2035 442 2095 veritatem
496 2032 916 2092 Incarnationis
971 2043 1031 2091 et
1093 2031 1303 2090 futurae
1355 2034 1790 2098 resurrectionis
1858 2032 2244 2115 comproban-

138 2127 273 2186 dam
289 2128 399 2207 (4).
433 2129 555 2187 Sec.
583 2130 690 2187 1110
714 2172 730 2202 .,
764 2126 1174 2199 Tertullianus,
1207 2132 1368 2185 Cont.
1390 2128 1692 2187 Marcion.
1711 2127 1793 2186 lib
1817 2129 1896 2187 IV
1914 2173 1929 2203 ‚
1962 2149 2089 2210 cap.
2117 2129 2244 2188 XL:

136 2225 457 2302 Acceptum
481 2243 740 2301 panem,
777 2232 832 2278 et
866 2222 1264 2280 distributum
1290 2223 1634 2302 discipulis,
1686 2223 1916 2303 Corpus
1950 2245 2130 2281 suum
2167 2226 2247 2282 il-

137 2324 263 2377 lum
283 2308 462 2396 fecit,
493 2319 597 2376 hoc
614 2327 701 2382 est¹
722 2321 949 2395 Corpus
975 2337 1197 2389 meum,
1222 2318 1468 2375 dicendo
1477 2343 1503 2390 ‚-
1525 2330 1584 2378 et
1609 2317 1712 2375 lib.
1742 2320 1832 2377 De
1855 2339 1966 2376 res.
1993 2321 2204 2376 carnis
2221 2361 2245 2390 ,

138 2434 262 2494 cap.
289 2414 417 2471 VIII
452 2435 464 2470 ε
511 2418 658 2471 Caro
675 2457 690 2486 7
723 2412 915 2494 inquit
938 2457 952 2486 ,
988 2412 1238 2490 Corpore
1266 2423 1322 2470 et
1347 2414 1656 2491 Sanquine
1694 2404 1923 2472 Christi
1943 2416 2202 2471 vescitur
2221 2456 2247 2485 ,

137 2518 208 2565 ut
243 2518 297 2565 et
324 2513 537 2566 anima
566 2509 635 2565 de
673 2509 794 2566 Deo
831 2511 1159 2587 sayinetur.
1191 2507 1490 2586 Origenes,
1521 2528 1694 2586 agens
1743 2506 1815 2566 de
1855 2503 2249 2567 sollicitudine

140 2602 467 2661 auditorum
510 2604 572 2661 in
617 2603 923 2662 retinendo
963 2601 1142 2662 verbo
1177 2603 1279 2661 Dei
1307 2648 1322 2677 7
1364 2604 1441 2662 sic
1482 2624 1575 2661 eos
1619 2595 1963 2662 adhortatur
2004 2625 2017 2660 :
2077 2605 2247 2676 Volo,

140 2698 330 2779 inquit
355 2744 372 2772 .,
403 2720 492 2758 eos
519 2695 834 2757 admonere
859 2701 1166 2778 reliqionis
1190 2709 1390 2757 ‹vestra›
1417 2700 1717 2778 exemplis.
1753 2701 1946 2757 Nostis
1966 2741 1988 2770 ,
2014 2703 2127 2777 qui
2147 2700 2246 2757 di-

142 2798 302 2853 vinis
335 2799 638 2874 mysteriis
678 2801 952 2854 interesse
997 2798 1406 2866 consuevistis,
1437 2795 1723 2873 quomodo
1760 2815 1902 2852 cum
1939 2797 2244 2874 suscipitis

148 2888 375 2969 Corpus
408 2891 664 2965 Domini
681 2936 696 2965 ,
736 2912 876 2949 cum
909 2895 1079 2948 omni
1114 2892 1346 2949 cautela
1381 2900 1436 2947 et
1454 2894 1824 2948 veneratione
1851 2894 2132 2961 servatis,
2175 2911 2248 2948 ne

144 3005 214 3041 esc
248 3005 307 3042 eo
341 3005 565 3062 parum
603 2987 756 3064 quid
775 2986 1044 3061 decidat,
1091 3007 1164 3043 ne
1202 2989 1531 3043 consecrati
1565 2990 1838 3044 muneris
1878 2985 2122 3064 aliquid
2154 2985 2246 3042 de-

146 3079 392 3136 labatur
411 3102 430 3143 ;
469 3099 592 3138 reos
626 3085 789 3139 enim
819 3101 914 3138 vos
949 3081 1215 3158 creditis,
1251 3085 1308 3139 si
1337 3081 1491 3160 quid
1521 3081 1659 3138 inde
1673 3101 1792 3159 per
1822 3081 2245 3160 neqliqentiam

147 3272 368 3320 Zonaram
402 3271 486 3320 Ad
509 3286 604 3319 Gan
625 3278 776 3335 αΡθθῖ·
815 3286 867 3317 11
897 3307 909 3328 9
952 3280 997 3319 0¹3
1025 3270 1148 3320 Neo·
1236 3291 1314 3334 σοῦ’
1355 3283 1431 3334 καὶ
1475 3282 1622 3353 σοι’ρκω
1661 3282 1738 3334 καὶ
1773 3283 1891 3349 αἷμα
1928 3282 2247 3349 ἐδιδάχθημεν

146 3371 303 3403 coesar.
345 3354 435 3413 13,
480 3363 568 3401 etc.
610 3352 816 3416 adeoque
851 3362 1022 3400 rectam
1058 3370 1153 3402 esse
1239 3365 1358 3416 εἵκω,

142 3436 298 3483 saltem
312 3435 463 3502 quoad
483 3451 666 3482 sensum
679 3433 995 3496 allegationem
1009 3434 1155 3483 Tbeo·
1306 3451 1367 3514 (ᾖ)
1407 3449 1520 3516 Cap,
1556 3447 1615 3498 18
1637 3488 1650 3510 ‚
1682 3469 1729 3498 n,
1748 3449 1807 3515 4,
1837 3451 1950 3501 edit,
1969 3449 2112 3499 Mass.

143 3517 325 3580 doreti,
348 3515 489 3565 Dial.
517 3516 545 3563 3
569 3553 581 3575 ,
600 3510 903 3579 Εᾶχωριστιόις
927 3511 1005 3563 aa}
1023 3535 1156 3582 προσ·-
1309 3532 1374 3597 (3)
1412 3533 1533 3581 1b1d,
1566 3551 1617 3581 n,
1645 3531 1693 3580 5,
1988 3527 1992 3535 ¹

146 3597 281 3664 φοραῖς
307 3601 379 3647 οὔκ
402 3594 733 3659 ᾰποέἔχονται,
762 3596 821 3643 ab
844 3595 1161 3646 Eucharistia
1310 3615 1374 3678 (14)
1412 3615 1511 3665 cfr·
1559 3615 1679 3664 Diffi,
1731 3630 1816 3674 111,
1875 3612 2089 3661 Massueti
2140 3608 2249 3659 adv-

146 3688 191 3726 οι
218 3681 470 3744 Sacrificio
491 3718 503 3740 ‚
535 3691 622 3729 etc.
1241 3695 1487 3747 Grabium.

219 3762 284 3826 (l)
321 3765 503 3812 Ἐκεῖνον
532 3768 610 3812 τοῦ
643 3759 1041 3828 σοι’ρκοποιηθέντος
1072 3765 1157 3818 Ἰη-
