2502 4186
740 243 865 280 car,
911 242 973 278 11.
1021 243 1088 278 mv.
1122 239 1508 280 commum-«13.
2053 223 2168 283 401

76 453 77 457 Ἰ
111 426 116 431 -
157 384 257 442 81.
306 381 394 440 Ad
435 380 515 440 3111
540 426 555 455 ‚
597 383 759 440 Dist.
815 380 1204 462 Adimplendo
1241 381 1633 440 conditionem
1674 402 1707 438 a
1745 382 1973 444 Christo
2014 408 2166 467 prae-

78 478 389 557 scriptam,
433 475 527 535 vel
558 474 632 533 ad
659 474 1001 535 habendum
1042 476 1237 554 gratiae
1279 476 1543 554 signum,
1587 495 1746 534 conc.
1770 479 2070 557 ,·perinde
2105 502 2170 540 ac

75 571 124 629 si
160 569 348 629 adhuc
385 572 448 628 in
480 570 725 651 peccatis
765 571 880 628 suis
925 579 1110 640 esset,
1146 590 1294 648 neq.
1314 567 1477 626 Idem
1510 567 1700 627 dicere
1724 591 2046 650 possumus
2099 574 2173 636 de

74 664 253 723 Paulo
283 669 408 743 jam
449 683 765 739 converse,
805 662 963 744 quod
1003 661 1076 721 de
1120 661 1385 720 Cornelio
1419 662 1647 742 scripsit
1684 663 1738 722 S.
1770 665 2116 746 Augustinus
2155 691 2169 729 :

83 760 422 830 Cornelius
452 757 531 815 ait
555 757 715 838 ipse,
740 758 996 816 audiens
1029 766 1084 814 et
1111 757 1387 826 credenS,
1416 757 1576 834 quod
1588 759 2032 834 praedicaverat
2057 765 2172 821 Pe·

75 864 208 912 trus
219 896 242 925 ,
268 858 356 910 ita
381 853 711 910 mundatas
734 863 818 929 est
828 895 850 924 ,
879 863 950 910 ut
973 861 1113 930 ante
1132 834 1426 908 visibilem
1446 852 1832 929 Baptismum
1851 896 1867 927 .,
1883 875 2027 929 „cum
2047 862 2176 916 suia

75 952 188 1026 qui
218 948 510 1017 aderant,
549 951 841 1025 acciperet
880 946 1106 1004 donum
1137 935 1428 1023 ‘'Spiritus
1471 947 1682 1003 Sancti
1698 969 1719 1011 ,·
1762 959 2174 1021 verumtamen

75 1063 182 1099 nec
213 1041 444 1099 visibile
485 1042 947 1099 Sacramentum
983 1042 1282 1097 contemni
1320 1042 1557 1117 potuit,
1608 1049 1680 1096 nt
1717 1041 1962 1100 ablutus
1995 1040 2175 1103 eliani

12 1134 16 1138 ’
75 1140 438 1193 eoetrinsecus
477 1140 705 1193 lavaret
729 1133 1159 1212 quodammodo
1191 1138 1534 1192 vestimenta
1560 1124 1675 1209 sua
1699 1134 1808 1213 (1).

159 1229 257 1288 82.
303 1229 391 1288 Ad
416 1229 531 1303 4111,
575 1229 732 1287 Dist.
768 1228 888 1285 Hoc
915 1224 1145 1285 dicebat
1170 1227 1227 1284 S.
1262 1228 1613 1305 Augustinus
1644 1226 1718 1286 de
1746 1229 2173 1291 catechumenis

77 1322 292 1405 absque
318 1322 572 1402 legitima
611 1342 778 1380 causa
811 1321 1102 1403 Baptisma
1140 1319 1616 1402 protrahentibus
1644 1366 1660 1395 7
1694 1343 1852 1381 conc.
1862 1348 1882 1389 ‚·
1922 1345 2029 1405 per
2069 1347 2170 1401 se,

77 1439 207 1498 ney.
254 1421 322 1475 In
357 1416 617 1477 adductis
662 1417 824 1475 enim
858 1414 996 1474 locis
1033 1414 1278 1499 aliisque
1316 1436 1448 1478 ,non
1485 1416 1680 1500 paucis
1703 1418 1779 1497 S.
1819 1419 2168 1497 Augustinus

78 1534 174 1571 eos
206 1512 545 1594 perstringit
585 1509 1070 1593 catechumenOS‚
1115 1510 1215 1590 qui
1248 1508 1348 1567 diu
1387 1507 2015 1591 differreffssaptismum
2043 1533 2178 1572 con-

80 1617 427 1679 sueverant3
466 1626 531 1664 ac
569 1605 779 1663 merito
819 1603 1102 1675 affirmat,
1144 1603 1236 1661 his
1279 1602 1497 1684 absque
1530 1605 1825 1684 Baptismo
1852 1650 1868 1679 .,
1909 1608 2174 1713 quamvis

79 1700 188 1759 sibi
238 1699 578 1788 viderentur
627 1696 907 1757 charitate
964 1695 1272 1776 flagrare,
1305 1718 1427 1754 non
1479 1698 1714 1756 remitti
1748 1709 2020 1779 peccata,
2052 1700 2176 1758 nisi

78 1794 496 1876 adimplerent,
523 1813 648 1873 quae
670 1791 932 1850 Christus
948 1791 1155 1867 jussit·
1176 1811 1309 1848 cum
1334 1791 1605 1872 contritio
1631 1812 1751 1850 non
1773 1793 2034 1851 remittat
2049 1814 2178 1874 pec·
2258 1874 2259 1877 Ἴ

78 1901 201 1950 cata
237 1886 706 1969 independenter
741 1907 775 1944 a
810 1885 1026 1945 virtute
1060 1886 1436 1944 Sacramenti.
1481 1887 1614 1962 Ejus
1655 1886 1903 1966 proinde
1947 1908 2177 1970 suscep-

76 1984 296 2042 tionem
322 1981 571 2040 saltem
555 2002 618 2039 1n
644 1990 781 2040 voto
806 1977 1022 2038 habere
1057 1977 1276 2037 debent
1310 2000 1447 2038 vere
1478 1980 1733 2039 contriti.

156 2076 253 2136 83.
300 2074 389 2135 Ad
424 2075 538 2147 5¹1¹,
568 2077 727 2134 Dist.
762 2074 918 2132 Cum
950 2071 1243 2132 disserunt
1278 2072 1350 2151 de
1381 2073 1480 2147 iis,
1516 2073 1615 2154 qui
1648 2072 1919 2133 nondum
1948 2072 2197 2134 habent'

75 2170 417 2230 charitatem
463 2167 815 2250 perfectam,
866 2187 1070 2240 conc.,·
1113 2187 1312 2243 secuS,
1367 2188 1490 2247 neq.
1534 2167 1608 2225 Ut
1648 2176 1811 2249 patet
1859 2188 1931 2227 ex
1979 2167 2170 2228 allatis

73 2262 457 2324 documentis.
1807 2263 1810 2265 ’

154 2358 255 2418 84.
304 2356 390 2417 Ad
422 2356 502 2414 6¹1¹
527 2402 541 2425 ,
582 2358 738 2415 Dist.
770 2354 870 2413 Vel
898 2355 960 2412 in
988 2376 1053 2415 re
1079 2354 1175 2415 vel
1199 2356 1261 2413 in
1285 2366 1425 2417 voto
1444 2401 1461 2431 ,
1496 2377 1682 2423 conc.;
1712 2357 1776 2415 in
1815 2379 1878 2418 re
1902 2367 2170 2435 tantum,-

73 2476 203 2533 ney.
249 2455 464 2533 Scopus
509 2454 668 2510 enim
703 2451 758 2510 S.
786 2450 998 2509 Leonis'
1034 2460 1121 2510 est
1153 2450 1451 2511 retrahere
1484 2462 1812 2533 peccatores
1843 2474 1876 2512 a
1902 2473 2170 2535 procras-

71 2547 313 2607 tinanda
339 2546 683 2627 poenitentia
716 2545 824 2623 (2).

155 2642 252 2701 85.
303 2640 391 2699 Ad
420 2640 539 2714 7111
583 2642 742 2698 Dist.
782 2638 872 2697 Ob
916 2639 1237 2720 periculum
1267 2650 1327 2699 et
1360 2640 1694 2701 facilitatem
1732 2641 2124 2723 deceptionis
2107 2665 2170 2702 m

74 2756 137 2796 re
182 2747 299 2794 tam
336 2734 531 2814 gravi,
569 2754 753 2801 conc.,
750 2734 968 2814 ·quasi
1013 2734 1342 2810 censuerit
1381 2756 1501 2793 non
1529 2756 1758 2816 semper
1788 2737 2007 2796 remitti
2033 2758 2169 2820 pec-

77 2952 195 3018 quid
214 2951 444 3018 possibile
460 2961 527 2999 est
550 2967 747 3016 reqnare
766 2961 1014 3017 peccatum
1034 2953 1089 2999 in
1171 2955 1345 3017 spurio.
1373 2952 1468 3000 cfr.
1496 2953 1589 3001 edit
1617 2952 1798 3002 Mabill.
1827 2971 1936 3019 opp.
1962 2954 2010 3002 S.
2052 2955 2165 3004 Ber-

75 3037 238 3082 animo
261 3036 459 3082 contrito
473 3042 515 3081 et
541 3035 718 3099 spiritu
734 3035 1083 3097 inqemiscenti,
1170 3035 1335 3094 nardi,
1370 3035 1463 3082 vol.
1490 3049 1554 3096 11,
1586 3053 1690 3100 pag.
1726 3034 1842 3102 734.

75 3125 161 3165 aut
183 3132 279 3163 non
308 3114 457 3163 multa
488 3114 697 3162 charitas
725 3117 871 3179 operit
910 3114 1076 3179 multi·
1237 3116 1304 3181 (l)
1343 3118 1528 3180 Quoect.
1569 3131 1743 3177 xxxin,
1788 3118 1846 3164 in
1885 3116 2122 3165 Numeroe
2142 3153 2162 3180 ‚

76 3197 293 3245 tudinem
320 3204 621 3261 peccatorum
643 3200 666 3242 ?
714 3194 922 3243 Dimissa
967 3203 1084 3243 sunt
1166 3215 1219 3247 n.
1249 3216 1306 3265 9.
1834 3192 1837 3196 ’

76 3281 124 3326 ei
166 3286 364 3343 peccata
406 3276 588 3339 multa,
631 3277 860 3341 quoniam
914 3275 1083 3324 dilexit
1234 3280 1299 3343 (2)
1338 3279 1398 3328 Ut
1421 3288 1541 3344 patet
1573 3297 1627 3328 ex
1658 3296 1760 3344 cap.
1787 3276 1837 3338 5,
1870 3279 1953 3327 ubi
1981 3281 2164 3330 conclu·

76 3358 298 3406 onultum.
330 3355 503 3406 Merito
518 3356 727 3422 proinde
738 3360 851 3422 jam
866 3374 966 3405 non
975 3374 1083 3422 pec·
1164 3359 1262 3409 dit:
1290 3360 1430 3410 Unde
1443 3368 1618 3426 oportet
1636 3375 2014 3425 unumquemque
2038 3360 2162 3409 chri-

77 3441 242 3488 (ταινίας
270 3441 440 3504 ,juxta
462 3448 597 3486 tuam
619 3475 631 3498 ‚
664 3435 915 3486 Pharisoee
934 3476 947 3498 ‚
980 3455 1085 3486 sen·
1163 3443 1376 3490 astianum
1398 3443 1698 3490 conscientiae
1715 3458 1815 3489 suoe
1834 3439 2002 3489 habere
2014 3441 2161 3506 judi—

75 3522 285 3568 ientiam.
329 3520 387 3567 Et
421 3520 520 3568 haec
561 3521 751 3586 quidem
801 3537 934 3568 verus
974 3520 1084 3568 Ber·
1163 3523 1326 3585 cium,
1369 3539 1430 3570 ne
1462 3524 1673 3571 converti
1712 3521 1777 3570 ad
1803 3520 1966 3570 Deum
1995 3519 2053 3568 de
2084 3519 2162 3567 die

75 3602 263 3650 nardus.
298 3600 446 3662 Nam,
469 3619 569 3666 quae
597 3601 655 3649 ab
693 3602 958 3650 adversariis
998 3601 1084 3648 ob·
1164 3605 1223 3651 in
1249 3603 1374 3653 diem
1400 3603 1622 3672 differat,
1658 3613 1748 3653 etc.

73 3685 327 3747 jiciuntur,
372 3683 612 3748 desumpta
648 3692 755 3732 sunt
788 3701 840 3732 ex
875 3699 1084 3732 sermone

159 3762 222 3820 T.
264 3762 365 3821 VI.
1855 3760 1935 3817 26
