2502 4186
646 316 766 354 GAP.
810 316 887 354 rv.
931 317 999 351 nr.
1042 288 1305 352 BAP'nsm
1336 310 1622 349 sanmuro,
2098 287 2171 346 41

172 460 269 517 96.
320 458 407 517 Ad
433 459 537 532 8¹1¹,
574 460 726 518 Dist.
763 461 845 518 Ex
859 467 1024 540 parte
1055 455 1385 514 adultorum
1405 500 1420 528 ‚
1447 475 1636 519 conc.,·
1657 452 2002 526 infantium,
2041 473 2170 532 noy.

92 554 192 612 His
209 552 364 612 enim
382 552 500 611 haec
523 574 638 610 una
665 552 1005 634 praeparatio
1028 549 1234 608 sufficit
1250 594 1265 622 ,
1299 549 1455 628 qnod
1477 569 1599 605 non
1628 558 1931 628 opponant:
1953 545 2177 605 obicem

91 649 388 707 contrariae
421 646 735 706 voluntatis
757 692 771 720 .,
806 647 903 727 qui
933 655 1087 704 certo
1109 641 1180 700 ab
1212 643 1349 722 ipsis
1381 642 1520 722 poni
1547 642 1767 721 nequit.
1809 643 2177 723 Quapropter

91 741 490 820 antiquissima
514 739 774 799 Ecclesiae
802 738 1099 819 disciplina
1124 737 1231 793 fuit
1251 781 1265 808 ,
1299 757 1416 793 non
1456 735 1628 793 modo
1654 738 2011 816 Baptismum
2031 782 2046 809 .,
2073 736 2176 796 scd

91 837 264 895 etiam
291 834 799 892 Confirmationem
829 845 886 892 et
917 828 1325 890 Eucharistiam
1357 829 1762 888 administrare
1790 831 2042 910 parvulis
2063 831 2171 911 (l).

170 928 265 986 97.
311 927 397 986 Ad
414 927 519 1001 9¹1¹,
539 929 693 986 Dz'st.
725 929 780 986 Si
805 935 1066 1005 ageretur
1089 925 1162 982 de
1182 946 1279 1000 ec,
1306 924 1461 1004 quod
1481 925 1929 1006 unicuiquejure
1954 937 2177 985 naturae

86 1020 330 1080 liberum
357 1032 474 1094 est,
507 1019 826 1097 cujusmodi
845 1039 933 1089 ex.
967 1039 1048 1097 gr.
1071 1029 1218 1077 esset
1246 1019 1683 1077 matrimonium
1714 1018 2053 1077 contrahere
2085 1019 2178 1078 vel

86 1114 404 1173 clericalem
452 1125 664 1173 statum
709 1112 915 1190 eligere
943 1115 961 1187 3
1014 1133 1204 1178 cono.,·
1247 1113 1293 1171 si
1338 1113 1410 1172 de
1457 1135 1523 1172 eo
1563 1113 1717 1194 quod
1763 1114 2007 1194 quisque
2045 1117 2179 1190 jure

86 1222 305 1270 naturae
333 1222 599 1292 praestare
634 1220 899 1281 tenetur,
935 1220 1110 1289 prout
1139 1219 1226 1268 est
1256 1209 1357 1267 Dei
1376 1209 1548 1286 jussis
1578 1208 2009 1290 obtemperare,
2047 1231 2175 1290 neq.

86 1304 238 1377 Quin
264 1327 295 1364 e
324 1304 606 1364 contrario
634 1301 865 1361 crudele
891 1303 1139 1361 nimium
1175 1315 1323 1362 esset
1358 1315 1416 1362 et
1455 1304 1527 1362 ab
1558 1305 1716 1361 omni
1748 1304 1976 1384 pietatis
2006 1325 2179 1363 sensu

85 1397 432 1473 abbonem,
483 1397 746 1457 divinum
796 1396 1113 1455 infantibus
1149 1397 1473 1456 remedium
1513 1397 1817 1477 denegare.
1873 1401 2028 1457 Num
2053 1419 2178 1458 cru-

85 1492 332 1551 delitatis
376 1502 475 1550 aut
521 1492 812 1569 injustitiae
855 1492 1101 1573 speciem
1146 1490 1351 1567 habet,
1384 1501 1664 1572 aegrotum
1711 1503 2039 1573 opportuna
2062 1504 2179 1552 me-

88 1586 275 1646 dicina
304 1586 548 1644 sanare?
575 1588 785 1644 Verum
812 1585 883 1644 de
923 1585 1030 1644 hoc
1063 1584 1199 1643 alias
1235 1585 1469 1644 iterum.

164 1681 262 1738 98.
311 1679 436 1757 obj.
477 1679 748 1739 secunda.
793 1681 854 1738 10
891 1679 1182 1757 Ejusmodi
1227 1681 1421 1760 praxis
1468 1680 1731 1758 tingendi
1769 1680 2021 1739 infantes
2068 1679 2177 1738 ab-

80 1774 281 1833 horret
310 1796 340 1832 a
368 1777 606 1833 Patrum
637 1796 825 1833 sensa.
847 1775 925 1832 Ut
940 1775 1095 1832 enim
1114 1773 1426 1834 observant
1451 1776 1617 1834 Vives
1645 1776 1736 1856 (2)
1758 1820 1772 1849 7
1801 1775 2031 1834 Grotius
2062 1775 2175 1855 (3),

92 1868 396 1927 Salmasius
424 1870 510 1948 (4)
531 1915 545 1943 7
585 1871 847 1928 Suicerus
883 1869 972 1948 (5)
1002 1869 1242 1949 aliique,
1280 1870 1382 1927 soli
1412 1869 1595 1928 adulti
1632 1873 1867 1928 Patrum
1890 1871 2180 1929 sententia

86 1962 415 2042 baptizandi
433 1976 628 2037 erant3
661 1985 724 2022 ac
738 1964 936 2045 primis
965 1964 1167 2022 seculis
1191 1985 1366 2023 nemo
1387 1964 1699 2046 accipiebat
1720 1966 2009 2046 Baptisma
2030 2011 2044 2038 ‚
2077 1966 2177 2046 qui

86 2049 244 2137 Prius
274 2080 392 2118 non
421 2050 620 2118 fuiss'et
651 2061 711 2117 in
738 2059 850 2118 fide
884 2061 1196 2118 instructus
1221 2106 1236 2135 7
1277 2072 1335 2118 et
1376 2082 1495 2118 non
1537 2061 1816 2141 potuisset
1860 2063 2057 2119 testari
2076 2106 2090 2134 ,
2118 2081 2178 2119 sc

94 2153 326 2211 credere
356 2153 621 2213 articulos
659 2154 811 2213 fidei.
847 2156 913 2213 20
943 2156 1176 2214 Canone
1205 2154 1450 2236 proinde
1490 2157 1559 2214 Vl
1588 2154 1829 2215 Concilii
1860 2158 2176 2215 Neocaesar.

163 2355 228 2416 (1)
249 2354 346 2402 Csr.
365 2356 542 2405 dissert.
559 2355 607 2402 P.
623 2355 757 2404 Joan.
781 2355 958 2403 Haiden
971 2355 1020 2404 S.
1035 2356 1083 2405 J.

96 2434 167 2484 De
188 2436 660 2503 institutoflEcc-Iesioe
687 2437 951 2500 infantibus
978 2454 1087 2484 mox

87 2534 198 2565 cum
218 2518 470 2582 Baptismo
485 2518 761 2581 conferendi
773 2516 1086 2567 Sacramenta

90 2598 475 2661 Confirmatiom's
501 2608 545 2646 et
585 2599 951 2660 Euclzarislioe5
986 2619 1085 2666 quae

84 2683 304 2743 reperitur
316 2683 365 2728 in
387 2681 630 2728 Thesauro
648 2680 898 2745 theoloqz'co
915 2681 1085 2730 Zacha-

87 2762 182 2820 riae,
207 2771 320 2810 tom.
351 2779 401 2818 x,
421 2780 467 2826 p.
490 2779 532 2821 1,
554 2781 659 2826 pag.
691 2779 784 2823 217
813 2774 856 2810 et
883 2781 1012 2829 seqq.

154 2842 216 2903 (2)
242 2845 486 2891 Amtom‘n
503 2843 582 2891 lib.
602 2861 618 2891 1
635 2844 690 2892 de
715 2843 859 2892 Civit.
877 2863 974 2909 cap.
996 2861 1080 2908 27,

90 2922 171 2969 ubi
214 2927 275 2971 ait
320 2942 335 2972 ε
380 2925 513 2973 Olim
556 2929 796 2974 neminem
839 2927 1081 2974 admotum

82 3002 232 3065 fuisse
257 3020 385 3052 sacro
425 3006 726 3071 baptisterio,
778 3008 880 3055 nisi
918 3008 1082 3056 adalta

74 3086 185 3149 jam
212 3092 346 3131 aetate
365 3120 379 3143 ,
413 3095 456 3132 et
486 3104 591 3135 cum
628 3089 752 3136 idem
790 3091 890 3155 ‘Ipse
913 3099 958 3136 et
992 3090 1082 3137 sci-

85 3173 156 3211 ret
172 3203 184 3223 ,
201 3167 318 3228 quid
334 3167 430 3212 sibi
445 3171 642 3230 mystica
658 3170 744 3217 illa
767 3188 891 3234 aqua
914 3171 1044 3218 vellet
1064 3206 1079 3230 ,

87 3254 131 3292 et
160 3262 207 3292 se
233 3245 316 3292 illa
345 3246 479 3293 ablui
488 3258 664 3315 peteret
682 3287 695 3310 ‚
724 3268 809 3299 nec
847 3251 987 3299 semel
995 3269 1082 3316 pe-

87 3335 214 3375 teret.
245 3327 355 3390 Quae
379 3329 610 3377 adnotatio
644 3331 701 3378 ab
728 3333 979 3380 editoribus
1001 3334 1082 3381 Lo·

88 3409 379 3457 vaniensibus
400 3427 489 3474 opp
507 3447 516 3456 .
533 3410 582 3457 S.
601 3410 841 3476 Augustini
856 3425 1082 3479 expuncta

86 3489 193 3537 fuit.

154 3570 221 3635 (3)
257 3571 438 3621 Annot.
455 3573 519 3621 ad
539 3589 641 3637 cap.
668 3589 751 3638 19,
779 3574 860 3633 13,
879 3575 930 3621 S.
949 3575 1083 3623 Mat-

84 3651 198 3700 thoei
219 3688 237 3714 ,
291 3654 374 3702 ubi
426 3656 650 3719 prolixam
693 3657 891 3703 intexuit
929 3657 1084 3721 dispuss

85 3736 321 3785 tationem.
399 3735 494 3783 Cfr.
545 3739 593 3783 in
645 3735 842 3784 Criticis
883 3739 1034 3785 sacris
1068 3774 1082 3799 ,

1172 2367 1282 2405 tom.
1316 2375 1425 2418 vm,
1457 2377 1556 2423 pag.
1585 2356 1703 2407 681.

1239 2437 1303 2502 (14)
1338 2438 1504 2503 Epist.
1526 2439 1592 2485 ad'
1614 2438 1810 2486 lustum
1825 2435 2035 2487 Paeium
2057 2476 2070 2498 ‚
2089 2438 2176 2488 sub

1170 2522 1359 2567 nomine
1391 2519 1615 2584 Simplicii
1640 2520 1797 2568 Verini
1818 2558 1830 2580 ‚
1859 2519 1983 2586 apud
2013 2521 2175 2569 Suice-

1173 2617 1276 2647 rum
1297 2638 1310 2660 ‚
1342 2601 1442 2648 loco
1477 2589 1584 2648 mox
1612 2603 1826 2650 citandO..

1237 2681 1304 2745 (5)
1335 2683 1389 2730 In
1420 2683 1666 2730 Thesauro
1687 2682 2001 2730 ecclesiastico
2026 2719 2038 2739 ‚
2057 2694 2170 2732 torn.

1167 2779 1232 2824 u,
1264 2764 1323 2811 ad
1347 2780 1505 2811 vocem
1535 2760 1717 2824 Σόνιιξις
1736 2802 1748 2822 ,
1786 2782 1887 2829 pag.
1931 2761 2072 2812 1136.
2095 2763 2178 2812 His

1167 2844 1382 2892 omnibus
1410 2848 1643 2909 praeiverat
1669 2844 1949 2892 Walafridus
1978 2842 2142 2893 Strabo
2163 2880 2177 2904 ‚

1167 2929 1246 2991 qui
1282 2924 1438 2974 floruit
1467 2945 1589 2974 anno
1626 2923 1743 2975 850.
1775 2925 1849 2974 Sic
1880 2929 2001 2974 enim
2042 2929 2176 2991 scrip-

1165 3009 1221 3054 sit
1238 3010 1286 3054 in
1301 3007 1381 3056 lib.
1409 3008 1464 3055 de
1485 3008 1650 3054 Rebus
1666 3007 1917 3055 ecclesiast.
1937 3025 2037 3071 cap.
2071 3006 2136 3054 26
2158 3024 2172 3055 ε

1166 3088 1445 3136 Notandum
1458 3089 1628 3136 deinde
1641 3125 1654 3144 ,
1667 3091 1845 3153 primis
1861 3089 2172 3153 temporibus,

1164 3169 1263 3217 illis
1279 3169 1563 3218 solummodo
1577 3169 1745 3234 Raptis
1755 3172 1819 3216 mi
1834 3172 2042 3233 qratiam
2067 3170 2178 3217 dari

1165 3251 1351 3299 solitam
1378 3289 1391 3314 ‚
1424 3254 1510 3317 qui
1531 3260 1576 3299 et
1605 3254 1816 3316 corporis
1839 3260 1884 3298 et
1899 3254 2073 3299 mentis
2095 3254 2173 3298 in-

1165 3335 1379 3397 teqritate
1405 3335 1517 3399 jam
1546 3333 1714 3380 adhoc
1740 3342 2086 3398 pervenerant,
2122 3341 2177 3379 ut

1165 3417 1285 3462 scire
1311 3424 1355 3461 et
1383 3414 1638 3478 incelliqere
1672 3423 1884 3479 possent,
1907 3414 2025 3478 quid
2054 3429 2174 3460 emo-

1167 3496 1366 3542 lumenti
1410 3498 1464 3542 in
1482 3494 1726 3560 Bapt‘e‘smo
1760 3493 2136 3559 consequendum
2157 3528 2171 3551 ‚

1166 3577 1284 3641 quid
1329 3577 1642 3639 confitendum
1679 3586 1815 3641 atque
1854 3574 2170 3631 credendum,

1168 3659 1283 3722 quid
1291 3666 1526 3723 postremo
1543 3661 1599 3706 in
1615 3660 1794 3706 renatis
1823 3660 1880 3705 in
1903 3656 2089 3704 Christo
2104 3671 2175 3702 es-

1171 3747 1239 3786 set
1264 3740 1573 3788 servandum.
