2502 4186
327 239 442 300 140
941 262 1262 304 'rusci-Arm
1306 265 1373 301 nn
1416 265 1808 309 Euanms'ru.

397 405 453 463 7.
499 404 600 462 His
648 403 910 463 catholici
951 404 1234 487 dogmatis
1273 406 1772 487 impugnatoribus
1826 430 1931 468 nos
1982 412 2237 473 Ecclesiae
2284 414 2412 473 doc-

284 580 287 583 ·
318 494 546 557 trinam*
562 501 908 579 opponimus
929 544 945 574 7
971 521 1096 581 quae
1111 501 1171 560 in
1195 501 1532 562 Tridentina
1561 503 1814 583 Synodo7
1840 524 1977 563 sess,
2003 506 2134 563 XIII
2156 553 2171 581 7
2200 529 2323 568 can.
2352 511 2409 584 I,

312 591 402 650 his
438 590 629 652 verbis
658 594 875 652 sancita
911 605 996 654 est
1030 617 1043 652 :
1085 597 1158 655 Si
1193 602 1330 676 quis
1359 602 1695 676 neqaverit7
1733 603 1802 657 in
1846 604 2235 659 sanctissimae
2277 608 2411 661 Ea-

313 686 620 751 charistioe
654 688 1037 749 Sacramento
1065 695 1359 750 contineri
1379 713 1537 764 vere,
1567 693 1809 751 realiter
1855 704 1910 751 et
1935 695 2414 755 substantialiter

324 782 556 862 Corpus
577 794 631 842 et
648 785 1020 864 Sanquinem
1047 808 1175 846 una
1193 809 1332 846 cum
1356 790 1569 845 anima
1595 798 1651 845 et
1671 789 1984 847 divinitate
2006 790 2081 848 D.
2107 790 2191 849 Ν.
2222 792 2272 850 J
2273 836 2288 850 .
2317 791 2409 862 C.,

311 898 385 935 ac
416 880 674 958 proinde
730 890 917 938 totum
965 882 1306 954 Christum,
1343 883 1448 941 secl
1476 883 1731 949 dimerit,
1766 870 2176 942 tantummodo
2205 906 2318 943 esse
2341 889 2411 943 in

311 993 374 1030 eo
391 1014 413 1044 ,
460 983 532 1031 ut
565 978 634 1031 in
668 978 834 1054 siqno
853 1018 875 1047 ,
917 977 1004 1034 vel
1029 976 1230 1056 fiqura
1253 1021 1269 1052 7
1311 988 1422 1035 aut
1451 981 1705 1051 virtute,
1743 978 2063 1037 anathema
2097 983 2193 1037 sit.
2226 980 2409 1056 Hujus

311 1078 507 1126 autem
533 1067 667 1127 fidei
704 1067 1009 1129 veritatem
1045 1082 1174 1130 tum
1202 1072 1629 1153 Scripturarum
1657 1083 1784 1130 tum
1821 1084 2112 1154 perpetuae
2139 1086 2405 1133 constan-

310 1162 501 1243 tisque
545 1162 806 1223 Ecclesiae
857 1165 1182 1224 traditionis
1221 1167 1559 1227 auctoritate
1607 1178 1907 1244 constare7
1943 1169 2400 1250 propositione57

312 1278 453 1337 quas
477 1261 603 1334 jam
645 1256 979 1336 subjicimus
1011 1261 1378 1341 patefacient.

1114 1450 1516 1532 PRorosmo
1556 1481 1600 1534 1.
1680 1498 1688 1507 ν

313 1645 614 1719 Christus,
628 1657 817 1726 prout
840 1651 906 1705 in
926 1651 1153 1726 primis
1167 1649 1366 1708 Sacroe
1382 1649 1621 1714 Litteroe
1640 1650 1842 1707 docent
1854 1692 1877 1721 ,
1904 1671 2032 1708 vere
2045 1692 2067 1721 ,
2085 1651 2327 1708 realiter
2352 1662 2408 1709 et

388 1733 866 1801 substantialiter
885 1747 954 1800 in
969 1747 1362 1802 sanctissimae
1382 1744 1797 1803 Eucharistiae
1816 1746 2197 1803 Sacramento
2214 1750 2403 1804 conti-

387 1847 568 1896 netur
586 1881 609 1909 ,
662 1848 720 1895 et
755 1858 876 1896 non
922 1849 994 1896 ut
1032 1843 1102 1896 in
1142 1844 1310 1919 siqno
1354 1849 1598 1898 tantum
1639 1841 1731 1899 vel
1765 1842 1968 1920 fiyura
2016 1851 2126 1898 aut
2163 1844 2399 1898 virtute.

387 2029 448 2087 8.
498 2027 656 2087 Adeo
684 2038 874 2087 arctus
909 2038 995 2087 est
1023 2049 1207 2087 nexus
1226 2073 1241 2103 7
1279 2029 1379 2109 qui
1409 2027 1720 2086 intercedit
1757 2027 1915 2085 inter
1947 2025 2124 2088 verba
2151 2071 2166 2101 7
2197 2027 2404 2107 quibus

306 2123 568 2183 Christus
611 2123 900 2182 Dominus*
934 2144 995 2182 se
1032 2125 1279 2183 Carnem
1308 2145 1469 2181 suam
1499 2121 1775 2180 daturum
1804 2121 1867 2179 in
1891 2119 2085 2179 cibum
2106 2122 2403 2202 promisit,

303 2221 472 2277 Joan.
506 2220 586 2277 VI
608 2263 623 2291 7
650 2230 708 2277 et
737 2240 802 2278 ea
820 2263 837 2293 7
863 2240 969 2299 per
991 2239 1115 2299 quae
1143 2218 1339 2276 datam
1373 2217 1549 2276 fidem
1576 2215 1747 2277 solvit
1769 2261 1785 2289 7
1820 2215 2026 2275 Matth.
2052 2217 2255 2290 XXVI7
2287 2217 2365 2274 26
2383 2262 2399 2291 7

301 2315 478 2372 Marci
509 2315 664 2388 XIV,
689 2314 769 2370 22
794 2357 810 2389 7
834 2315 971 2372 Luc.
1011 2314 1166 2371 XXII
1188 2358 1203 2386 7
1234 2314 1305 2370 19
1328 2358 1343 2388 7
1372 2323 1431 2371 et
1463 2314 1487 2371 Ι
1520 2314 1650 2393 Cor.
1678 2312 1756 2370 XI
1776 2356 1792 2385 7
1821 2310 1900 2369 23
1922 2356 1938 2385 7
1964 2323 2031 2369 ut
2060 2312 2169 2370 alia
2190 2309 2262 2369 ab
2279 2310 2403 2369 aliis

302 2407 502 2469 divelli
529 2428 594 2466 ac
617 2406 861 2489 dispesci
886 2418 1203 2489 nequeant.
1232 2409 1313 2466 Ex
1339 2419 1587 2488 utroque
1616 2418 1922 2489 propterea
1952 2406 2111 2467 fonte
2131 2452 2146 2480 7
2172 2406 2402 2482 majoris

299 2503 723 2586 perspicuitatis
763 2504 943 2583 gratia
985 2502 1269 2562 distinctis
1312 2502 1719 2585 paragraphis7
1769 2502 2072 2563 veritatem
2112 2501 2261 2558 hanc
2295 2499 2401 2557 ad-

300 2599 622 2671 struimus3
666 2619 844 2679 quam
896 2608 1050 2658 recte
1086 2597 1194 2657 hac
1241 2610 1438 2657 nostra
1470 2609 1638 2657 aetate
1670 2595 1925 2678 lapidem
1965 2594 2185 2674 lydium
2229 2614 2399 2655 voca-

299 2694 453 2754 veris
486 2694 776 2754 variarum
801 2693 1224 2752 confessionum
1245 2737 1260 2767 7
1296 2714 1360 2751 ac
1384 2691 1835 2751 controversiam
1858 2690 2209 2771 praecipuam
2229 2733 2244 2762 7
2272 2709 2397 2769 quae

299 2787 455 2846 inter
486 2786 805 2847 Catholicos
836 2788 1025 2867 vigeat
1066 2799 1125 2847 et
1159 2790 1550 2847 Protestantes
1594 2785 1841 2863 cujusvis
1899 2795 2066 2844 sectae
2111 2803 2175 2842 ac
2213 2781 2395 2842 deno-

302 2881 655 2942 minationis

1282 3045 1401 3123 gi.

298 3237 751 3316 Empenduntur
773 3239 982 3309 verba,
1006 3237 1224 3316 quihus
1250 3235 1518 3297 Christus
1537 3235 1791 3296 Carnem
1815 3257 1990 3294 suam
2019 3233 2391 3293 manducan·

380 3335 524 3392 dam
568 3344 623 3391 et
652 3333 1025 3413 Sanyai'nem
1050 3353 1228 3391 suum
1257 3332 1582 3390 hibendum
1594 3335 1884 3411 promisit
1901 3374 1924 3404 ,
1959 3332 2139 3390 Joan.
2196 3328 2301 3389 VI.

380 3525 438 3582 9.
488 3525 613 3583 Duo
653 3535 790 3582 sunt
849 3545 976 3605 quae
1026 3524 1091 3582 in
1134 3523 1510 3604 quaestionem
1547 3523 1793 3583 veniunt
1836 3542 1848 3577 :
1901 3520 1962 3576 1ο
2011 3539 2087 3576 an
2129 3517 2390 3577 Christus

299 3624 466 3680 Joan.
508 3622 613 3694 VI,
653 3619 923 3702 loquatur
944 3618 1018 3679 de
1033 3619 1385 3679 Eucharistia
1411 3646 1425 3694 3
1460 3622 1528 3677 2ο
1550 3665 1565 3694 7
1596 3630 1793 3677 utrum
1827 3626 2105 3698 praeterea
2121 3615 2390 3696 loquatur

299 3715 371 3775 de
410 3715 549 3776 orali
571 3762 587 3792 7
630 3737 702 3776 an
738 3715 927 3797 potius
958 3715 1031 3786 de
1069 3715 1352 3798 spirituali
1377 3713 1821 3776 manducatione
1855 3732 1960 3793 per
1986 3709 2181 3769 fidem.
