2502 4186
291 226 412 287 362
901 245 1216 290 rnAcrArns
1266 250 1335 288 ως
1388 251 1781 294 acerranis-ru.

291 412 475 474 eoque
502 401 713 473 praeter
739 391 994 451 crucifixi
1016 391 1332 472 imaginem
1359 403 1419 452 et
1449 393 1796 455 candelabra
1828 405 2019 456 cetera
2056 410 2400 475 ornamenta

292 485 524 545 exulare
557 484 811 561 debent,
848 506 914 545 ac
945 485 1116 546 flores
1151 486 1213 546 in
1247 488 1484 569 primiS‚
1522 510 1773 570 quorum
1806 511 1944 549 usus
1973 511 2004 549 a
2045 512 2401 573 paganorum

289 582 702 662 superstitione
730 581 1086 664 repetendus
1107 593 1228 656 est,
1257 604 1365 643 nec
1392 605 1601 665 parum
1636 584 1815 644 officit
1850 584 2243 667 simplicitati,
2273 611 2401 671 quae

288 677 351 736 in
383 677 846 739 Christianorum
874 679 1057 738 Sacris
1086 678 1310 739 elucere
1335 679 1532 740 debet.
1567 681 1734 761 Ergo.

373 772 514 833 421.
565 776 736 856 Resp.
783 774 932 854 Ney.
975 784 1105 833 ant.
1151 773 1239 834 Ad
1275 775 1358 833 1¹¹¹
1385 774 1558 857 prob.
1596 778 1754 835 Dice.
1795 779 1881 835 Ita
1911 787 2146 853 tamen,
2190 789 2259 837 ut
2294 778 2403 838 hoc

290 866 623 948 symbolum
659 891 782 929 non
817 868 1152 928 destruatur
1185 891 1293 952 per
1329 869 1882 953 multiplicationem
1920 871 2192 931 altarium
2222 873 2284 932 in
2312 895 2405 933 eo-

290 962 430 1024 dem
477 964 732 1047 templo‚
777 963 1278 1046 quemadmodum
1325 986 1448 1024 non
1493 964 1720 1024 tollitur
1762 964 1873 1024 hoc
1917 965 2249 1047 symbolum
2299 988 2406 1050 per

290 1062 645 1121 erectionem
672 1062 947 1144 plurium
989 1061 1348 1144 templorum
1388 1063 1450 1120 in
1499 1061 1705 1122 eadem
1749 1061 1895 1122 urbe
1920 1108 1936 1137 ,
1986 1084 2171 1132 eonc.‚·
2211 1066 2294 1124 ita
2338 1075 2405 1123 ut

289 1156 539 1238 amplius
586 1157 898 1240 consistere
943 1179 1066 1216 non
1119 1157 1335 1238 possit,
1382 1180 1513 1239 neq.
1569 1157 1865 1236 Ejusmodi
1912 1157 2075 1218 enim
2129 1159 2405 1239 analogiae

290 1252 463 1311 nimis
490 1252 680 1332 urgeri
703 1274 823 1310 non
854 1251 1073 1311 debent
1093 1297 1110 1325 ,
1149 1252 1260 1311 nisi
1289 1251 1534 1313 velimus
1565 1253 1631 1312 in
1665 1251 1915 1312 absurda
1946 1253 2223 1314 incidere.
2253 1257 2404 1315 Nam

290 1348 467 1406 etiam
513 1346 804 1429 templum
843 1357 930 1406 est
962 1346 1177 1406 Christi
1220 1346 1590 1428 symbolum3
1620 1370 1796 1408 nemo
1826 1359 2027 1409 tamen
2061 1349 2401 1424 contendit,

288 1463 412 1500 non
445 1463 614 1525 posse
656 1444 718 1501 in
757 1463 874 1501 una
924 1441 1244 1525 eademque
1276 1442 1423 1503 urbe
1469 1443 1639 1526 plura
1690 1444 1911 1527 templa
1947 1445 2291 1506 exaedificari
2336 1466 2404 1505 eo

290 1536 505 1598 scilicet
529 1548 819 1620 praetextu
840 1583 856 1612 .,
882 1547 949 1596 ut
967 1537 1098 1597 talis
1120 1537 1380 1618 analogia
1399 1551 1799 1601 conservetur.
1832 1542 2038 1623 Itaque
2073 1539 2405 1622 symbolum

291 1631 506 1692 Christi
548 1642 856 1715 permanet
889 1634 951 1691 in
990 1654 1343 1715 unoquoque
1380 1632 1549 1693 altari
1575 1635 1814 1694 seorsim
1847 1646 2084 1718 sumpto
2112 1636 2226 1717 (l).

373 1727 510 1787 422.
558 1728 649 1787 Ad
672 1729 759 1786 21¹²
779 1773 795 1803 ‚
823 1729 978 1788 Dist.
1003 1728 1245 1787 Constat
1271 1749 1341 1787 ex
1371 1728 1470 1787 his·
1493 1729 1758 1789 Patribus
1777 1775 1793 1807 .,
1829 1730 2038 1790 alicubi
2063 1741 2120 1792 et
2154 1731 2230 1790 ad
2262 1741 2407 1791 tem·

292 1843 402 1905 pus
442 1823 677 1883 unicum
714 1834 946 1882 tantum
984 1821 1167 1883 altare
1209 1823 1350 1905 erigi
1383 1825 1782 1901 consuevisse,
1827 1836 2047 1892 trans„-
2085 1824 2300 1907 ubique
2346 1839 2406 1885 et

294 1938 562 1998 semper,
599 1940 729 1998 neq.
776 1919 942 1977 Varia
981 1919 1140 1977 enim
1177 1919 1352 1977 etiam
1386 1919 1449 1977 in
1483 1918 1592 1978 hac
1633 1931 1800 2001 parte
1830 1920 1970 1979 olim
2008 1921 2192 2000 viguit
2230 1920 2404 1979 disci-

293 2011 492 2094 plina3
525 2012 589 2070 in
630 2011 931 2071 nonnullis
969 2013 1284 2095 provinciis
1322 2035 1510 2071 unum
1547 2014 1613 2072 in
1657 2014 1896 2094 singulis
1932 2014 2183 2074 ecclesiis
2224 2014 2405 2075 altare

296 2107 712 2185 collocabatur,
745 2110 810 2167 in
836 2107 960 2167 aliis
992 2107 1161 2190 plura
1193 2107 1582 2188 erigebantur.
1625 2110 1932 2169 Crescente
1960 2108 2220 2168 fidelium
2250 2109 2406 2168 mul-

297 2202 580 2279 titudine,
607 2215 674 2263 ut
699 2202 970 2263 omnibus
1002 2203 1340 2278 satisfieret,
1374 2202 1545 2286 plura
1569 2202 1787 2286 ubique
1820 2204 2081 2265 locorum
2108 2206 2170 2263 in
2199 2203 2406 2265 eodem

300 2298 530 2380 templo
565 2299 767 2358 altaria
798 2300 985 2382 posita
1022 2311 1161 2358 sunt
1187 2300 1304 2379 (2).

379 2395 519 2454 423.
571 2395 659 2455 Ad
685 2395 766 2454 3¹1¹
786 2441 802 2470 ,
831 2396 996 2472 Esto,
1026 2394 1184 2477 quod
1203 2394 1342 2454 olim
1372 2395 1595 2477 passim
1615 2396 1960 2455 Sanctorum
1977 2394 2236 2478 reliquiae
2265 2415 2405 2454 con-

297 2489 580 2551 derentur
613 2490 721 2550 sub
759 2491 964 2565 altari3
1007 2512 1130 2550 non
1159 2502 1358 2550 tamen
1388 2490 1602 2550 desunt
1621 2537 1636 2565 ,
1678 2492 1764 2550 uti
1792 2491 2152 2551 ostendimus
2173 2535 2189 2564 ‚
2227 2489 2408 2548 docu-

296 2599 499 2647 menta
523 2634 538 2663 ,
571 2609 642 2648 ex
674 2586 883 2670 quibus
898 2598 1143 2667 constat,
1159 2587 1335 2647 etiam
1352 2586 1651 2647 interdum
1667 2588 1946 2668 repositas
1967 2586 2142 2645 fuisse
2163 2586 2409 2644 Sancto-

297 2705 432 2743 rum
462 2683 730 2765 reliquias
763 2704 938 2765 super
969 2682 1171 2742 altare.
1200 2684 1276 2742 Ea
1306 2693 1461 2742 certe
1488 2703 1579 2741 res
1603 2681 1988 2764 disciplinaris
2023 2692 2111 2740 est
2133 2726 2148 2755 .,
2189 2692 2255 2738 ut
2284 2681 2407 2739 sive

299 2778 501 2838 subter
528 2780 650 2839 sive
683 2801 858 2861 super
891 2778 1072 2838 altare
1102 2779 1448 2838 Sanctorum
1483 2776 1739 2858 reliquiae
1769 2775 2159 2849 collocentur3
2208 2796 2411 2835 omnes

297 2885 608 2958 propterea
644 2875 1004 2956 acquiescere
1044 2873 1262 2934 debent
1306 2871 1626 2954 disciplinae
1650 2917 1665 2946 ,
1713 2894 1843 2954 quae
1875 2876 1999 2950 jam
2027 2893 2061 2930 a
2088 2881 2178 2930 tot
2206 2869 2411 2930 seculis

297 2972 363 3029 in
392 2971 641 3031 Ecclesia
686 2969 914 3031 obtinet
943 2981 1002 3030 et
1038 2969 1112 3029 ab
1151 2968 1399 3029 Ecclesia
1436 2966 1738 3050 probatur.
1771 2967 2045 3027 Ceterum
2070 3013 2085 3041 7
2114 2966 2411 3025 Christum

304 3066 453 3127 velle
477 3112 494 3144 ,
523 3078 590 3126 ut
627 3068 975 3126 Sanctorum
997 3065 1285 3147 reliquiae,
1323 3062 1463 3122 olim
1493 3062 1931 3149 immortalitate
1954 3062 2247 3122 donandae
2272 3109 2287 3139 7
2318 3082 2414 3142 pe-

372 3258 438 3324 (1)
458 3257 559 3307 Cfr.
579 3257 807 3307 Gerdilius
821 3295 834 3318 ‚
858 3257 911 3306 E
911 3274 1040 3306 sanae
1051 3254 1128 3305 de’
1143 3255 1311 3304 motivi
1394 3254 1600 3304 observat
1617 3272 1726 3303 cum
1745 3254 2083 3315 Thomassinio,
2100 3256 2150 3302 in
2169 3251 2418 3319 op.Vetus

301 3340 715 3407 dell'opposizione
737 3341 863 3405 satta
891 3340 954 3388 da
986 3341 1150 3388 Mons.
1191 3336 1242 3385 V
1241 3355 1314 3385 es·
1397 3346 1441 3387 et
1467 3355 1593 3388 nova
1630 3335 1815 3385 Eccles.
1845 3336 2104 3402 disciplina
2132 3369 2147 3394 ‚
2195 3346 2314 3401 part.
2359 3352 2377 3382 1
2401 3372 2414 3393 ‚

301 3440 414 3474 covo
444 3423 500 3471 di
532 3422 659 3472 Nola
696 3422 792 3471 alla
808 3422 1177 3488 pubblicazione
1195 3420 1317 3469 della
1398 3422 1485 3470 lib.
1520 3436 1580 3480 2,
1613 3437 1718 3484 cap.
1764 3436 1820 3467 21
1846 3457 1860 3479 ‚
1891 3438 1943 3467 n.
1981 3436 2009 3467 2
2058 3437 2072 3467 :
2119 3417 2234 3467 Non
2260 3417 2416 3480 fuisse

304 3505 450 3557 Balla
480 3506 740 3555 Auctorem
759 3504 893 3570 fidei.
934 3515 1021 3553 art.
1042 3522 1165 3564 xwt,
1199 3502 1225 3569 §
1261 3521 1277 3551 1
1300 3540 1317 3565 ‚
1405 3503 1421 3566 (
1446 3505 1606 3568 primis
1656 3502 1866 3550 Ecclesiae
1916 3500 2198 3565 temporibus
2226 3498 2240 3561 )
2295 3496 2418 3544 ullas

303 3600 422 3638 tom.
453 3606 528 3639 xiv
547 3625 562 3650 ‚
584 3607 690 3656 pag.
722 3587 817 3636 213
847 3597 893 3636 et
926 3604 1058 3653 seqq.
1089 3603 1197 3652 opp.
1213 3586 1320 3634 edit.
1397 3586 1512 3632 ruri
1544 3582 1821 3643 Ecclesias,
1859 3599 1915 3630 ac
1935 3598 1994 3630 ne
2016 3583 2072 3628 in
2099 3579 2298 3628 urbibus
2310 3579 2420 3643 qui-

307 3671 451 3721 Rom.
1405 3666 1509 3714 dem
1513 3674 1691 3732 proeter
1703 3663 2018 3713 cathedralem
2034 3683 2052 3719 ;
2069 3661 2193 3728 quod
2223 3661 2422 3710 ostendit

381 3754 448 3817 (2)
481 3753 606 3803 lbid.
625 3770 726 3820 pag.
766 3749 864 3814 324
883 3790 895 3813 ‚
933 3751 1152 3800 ubiintet
1175 3760 1322 3799 cetera
1404 3765 1461 3798 ex
1486 3748 1569 3798 SS.
1601 3748 1783 3814 Ignatio
1801 3783 1815 3809 ‚
1847 3747 2027 3796 Justino
2048 3781 2062 3802 ,
2094 3754 2184 3792 etc.
