<?xml version="1.0" encoding="UTF-8"?>
<!DOCTYPE html PUBLIC "-//W3C//DTD XHTML 1.0 Transitional//EN"
    "http://www.w3.org/TR/xhtml1/DTD/xhtml1-transitional.dtd">
<html xmlns="http://www.w3.org/1999/xhtml" xml:lang="en" lang="en">
 <head>
  <title>
</title>
<meta http-equiv="Content-Type" content="text/html;charset=utf-8" />
  <meta name='ocr-system' content='tesseract 3.04.00' />
  <meta name='ocr-capabilities' content='ocr_page ocr_carea ocr_par ocr_line ocrx_word'/>
</head>
<body>
  <div class='ocr_page' id='page_1' title='image "a603693806perruoft_0327.png"; bbox 0 0 2502 4186; ppageno 0'>
   <div class='ocr_carea' id='block_1_1' title="bbox 566 210 2196 287">
    <p class='ocr_par' dir='ltr' id='par_1_1' title="bbox 566 210 2196 287">
     <span class='ocr_line' id='line_1_1' title="bbox 566 210 2196 287; baseline -0.001 -14"><span class='ocrx_word' id='word_1_1' title='bbox 566 233 686 274; x_wconf 67' lang='lat' dir='ltr'><strong>car·</strong></span> <span class='ocrx_word' id='word_1_2' title='bbox 734 236 824 272; x_wconf 87' lang='lat'>111.</span> <span class='ocrx_word' id='word_1_3' title='bbox 873 237 942 272; x_wconf 71' lang='lat' dir='ltr'><strong>mi</strong></span> <span class='ocrx_word' id='word_1_4' title='bbox 986 235 1279 287; x_wconf 73' lang='grc' dir='ltr'><strong>ΜΑΤΕΜΑ,</strong></span> <span class='ocrx_word' id='word_1_5' title='bbox 1325 233 1513 270; x_wconf 67' lang='lat' dir='ltr'><strong>ronna</strong></span> <span class='ocrx_word' id='word_1_6' title='bbox 1546 255 1563 284; x_wconf 86' lang='lat'>‚</span> <span class='ocrx_word' id='word_1_7' title='bbox 1609 234 1733 271; x_wconf 77' lang='lat' dir='ltr'><strong>mc.</strong></span> <span class='ocrx_word' id='word_1_8' title='bbox 2079 210 2196 272; x_wconf 80' lang='grc'><strong>319</strong></span> 
     </span>
    </p>
   </div>
   <div class='ocr_carea' id='block_1_2' title="bbox 70 374 2233 1886">
    <p class='ocr_par' dir='ltr' id='par_1_2' title="bbox 70 374 2233 1886">
     <span class='ocr_line' id='line_1_2' title="bbox 109 374 2196 460; baseline -0.001 -23"><span class='ocrx_word' id='word_1_9' title='bbox 109 425 112 427; x_wconf 88' lang='grc'>-</span> <span class='ocrx_word' id='word_1_10' title='bbox 163 377 304 437; x_wconf 82' lang='lat'><strong>337.</strong></span> <span class='ocrx_word' id='word_1_11' title='bbox 352 378 583 439; x_wconf 87' lang='lat' dir='ltr'><strong>Juverit</strong></span> <span class='ocrx_word' id='word_1_12' title='bbox 618 388 923 460; x_wconf 88' lang='lat' dir='ltr'><strong>propterea</strong></span> <span class='ocrx_word' id='word_1_13' title='bbox 974 375 1352 449; x_wconf 65' lang='lat' dir='ltr'><strong>concludere,</strong></span> <span class='ocrx_word' id='word_1_14' title='bbox 1397 374 1694 434; x_wconf 86' lang='lat' dir='ltr'><strong>Christum</strong></span> <span class='ocrx_word' id='word_1_15' title='bbox 1731 375 1795 432; x_wconf 91' lang='lat' dir='ltr'><strong>in</strong></span> <span class='ocrx_word' id='word_1_16' title='bbox 1831 397 2031 456; x_wconf 84' lang='lat' dir='ltr'><strong>azymo</strong></span> <span class='ocrx_word' id='word_1_17' title='bbox 2068 397 2196 435; x_wconf 88' lang='lat' dir='ltr'><strong>cer-</strong></span> 
     </span>
     <span class='ocr_line' id='line_1_3' title="bbox 79 469 2192 550; baseline -0.001 -17"><span class='ocrx_word' id='word_1_18' title='bbox 79 476 298 533; x_wconf 80' lang='lat' dir='ltr'><strong>tissime</strong></span> <span class='ocrx_word' id='word_1_19' title='bbox 331 473 752 533; x_wconf 88' lang='lat' dir='ltr'><strong>Eucharistiam</strong></span> <span class='ocrx_word' id='word_1_20' title='bbox 787 472 1096 549; x_wconf 84' lang='lat' dir='ltr'><strong>confecisse</strong></span> <span class='ocrx_word' id='word_1_21' title='bbox 1121 471 1227 530; x_wconf 90' lang='lat' dir='ltr'><strong>etsi</strong></span> <span class='ocrx_word' id='word_1_22' title='bbox 1272 469 1501 528; x_wconf 89' lang='lat' dir='ltr'><strong>nullum</strong></span> <span class='ocrx_word' id='word_1_23' title='bbox 1532 480 1893 550; x_wconf 84' lang='lat' dir='ltr'><strong>praeceptum</strong></span> <span class='ocrx_word' id='word_1_24' title='bbox 1928 470 2192 548; x_wconf 78' lang='lat' dir='ltr'><strong>dederit,</strong></span> 
     </span>
     <span class='ocr_line' id='line_1_4' title="bbox 78 563 2188 648; baseline -0.001 -20"><span class='ocrx_word' id='word_1_25' title='bbox 78 581 145 628; x_wconf 90' lang='lat' dir='ltr'><strong>ut</strong></span> <span class='ocrx_word' id='word_1_26' title='bbox 180 570 242 627; x_wconf 92' lang='lat' dir='ltr'><strong>in</strong></span> <span class='ocrx_word' id='word_1_27' title='bbox 293 568 414 627; x_wconf 89' lang='lat' dir='ltr'><strong>solo</strong></span> <span class='ocrx_word' id='word_1_28' title='bbox 460 586 668 648; x_wconf 87' lang='lat' dir='ltr'><strong>azymo</strong></span> <span class='ocrx_word' id='word_1_29' title='bbox 721 577 1192 637; x_wconf 81' lang='lat' dir='ltr'><strong>consecraretur3</strong></span> <span class='ocrx_word' id='word_1_30' title='bbox 1245 576 1311 622; x_wconf 90' lang='lat' dir='ltr'><strong>ut</strong></span> <span class='ocrx_word' id='word_1_31' title='bbox 1360 564 1518 622; x_wconf 89' lang='lat' dir='ltr'><strong>enim</strong></span> <span class='ocrx_word' id='word_1_32' title='bbox 1575 563 1835 646; x_wconf 85' lang='lat' dir='ltr'><strong>loquitur</strong></span> <span class='ocrx_word' id='word_1_33' title='bbox 1886 566 2121 646; x_wconf 77' lang='lat' dir='ltr'><strong>Algerus</strong></span> <span class='ocrx_word' id='word_1_34' title='bbox 2175 590 2188 626; x_wconf 80' lang='lat' dir='ltr'><strong><em>z</em></strong></span> 
     </span>
     <span class='ocr_line' id='line_1_5' title="bbox 82 659 2196 744; baseline 0 -22"><span class='ocrx_word' id='word_1_35' title='bbox 82 666 374 744; x_wconf 77' lang='lat' dir='ltr'><strong>Quamvis</strong></span> <span class='ocrx_word' id='word_1_36' title='bbox 405 665 672 722; x_wconf 74' lang='lat' dir='ltr'><strong>Christus</strong></span> <span class='ocrx_word' id='word_1_37' title='bbox 698 664 767 721; x_wconf 86' lang='lat' dir='ltr'><strong>de</strong></span> <span class='ocrx_word' id='word_1_38' title='bbox 789 683 996 742; x_wconf 78' lang='lat' dir='ltr'><strong>azymo</strong></span> <span class='ocrx_word' id='word_1_39' title='bbox 1009 681 1173 740; x_wconf 82' lang='lat' dir='ltr'><strong>pane</strong></span> <span class='ocrx_word' id='word_1_40' title='bbox 1203 659 1431 738; x_wconf 77' lang='lat' dir='ltr'><strong>Corpus</strong></span> <span class='ocrx_word' id='word_1_41' title='bbox 1455 681 1638 717; x_wconf 76' lang='lat' dir='ltr'><strong>sumn</strong></span> <span class='ocrx_word' id='word_1_42' title='bbox 1659 664 1906 738; x_wconf 76' lang='lat' dir='ltr'><strong>fecerit,</strong></span> <span class='ocrx_word' id='word_1_43' title='bbox 1932 666 2196 740; x_wconf 77' lang='lat' dir='ltr'><strong>forsitan</strong></span> 
     </span>
     <span class='ocr_line' id='line_1_6' title="bbox 79 755 2199 838; baseline 0 -22"><span class='ocrx_word' id='word_1_44' title='bbox 79 781 201 817; x_wconf 82' lang='lat' dir='ltr'><strong>non</strong></span> <span class='ocrx_word' id='word_1_45' title='bbox 226 761 375 838; x_wconf 80' lang='lat' dir='ltr'><strong>quia</strong></span> <span class='ocrx_word' id='word_1_46' title='bbox 408 779 500 815; x_wconf 78' lang='lat' dir='ltr'><strong>res</strong></span> <span class='ocrx_word' id='word_1_47' title='bbox 514 801 537 829; x_wconf 85' lang='lat'><em>,</em></span> <span class='ocrx_word' id='word_1_48' title='bbox 563 780 696 836; x_wconf 81' lang='lat' dir='ltr'><strong>quoe</strong></span> <span class='ocrx_word' id='word_1_49' title='bbox 718 759 931 835; x_wconf 79' lang='lat' dir='ltr'><strong>fiebat,</strong></span> <span class='ocrx_word' id='word_1_50' title='bbox 959 757 1062 815; x_wconf 73' lang='lat' dir='ltr'><strong>hoc</strong></span> <span class='ocrx_word' id='word_1_51' title='bbox 1092 755 1365 833; x_wconf 66' lang='lat' dir='ltr'><strong>emyehat</strong></span> <span class='ocrx_word' id='word_1_52' title='bbox 1377 798 1397 826; x_wconf 81' lang='lat'><em>,</em></span> <span class='ocrx_word' id='word_1_53' title='bbox 1427 755 1528 812; x_wconf 79' lang='lat' dir='ltr'><strong>sod</strong></span> <span class='ocrx_word' id='word_1_54' title='bbox 1558 759 1707 833; x_wconf 80' lang='lat' dir='ltr'><strong>quia</strong></span> <span class='ocrx_word' id='word_1_55' title='bbox 1734 777 1902 814; x_wconf 84' lang='lat' dir='ltr'><strong>coena</strong></span> <span class='ocrx_word' id='word_1_56' title='bbox 1917 800 1939 828; x_wconf 88' lang='lat'><em>,</em></span> <span class='ocrx_word' id='word_1_57' title='bbox 1979 761 2049 815; x_wconf 84' lang='lat' dir='ltr'><strong>in</strong></span> <span class='ocrx_word' id='word_1_58' title='bbox 2075 780 2199 837; x_wconf 79' lang='lat' dir='ltr'><strong>qna</strong></span> 
     </span>
     <span class='ocr_line' id='line_1_7' title="bbox 79 850 2196 932; baseline 0 -21"><span class='ocrx_word' id='word_1_59' title='bbox 79 855 183 912; x_wconf 75' lang='lat' dir='ltr'><strong>hoc</strong></span> <span class='ocrx_word' id='word_1_60' title='bbox 226 857 463 932; x_wconf 61' lang='lat' dir='ltr'><strong>factum</strong></span> <span class='ocrx_word' id='word_1_61' title='bbox 506 864 613 927; x_wconf 78' lang='lat' dir='ltr'><strong>est,</strong></span> <span class='ocrx_word' id='word_1_62' title='bbox 660 874 888 932; x_wconf 79' lang='lat' dir='ltr'><strong>panem</strong></span> <span class='ocrx_word' id='word_1_63' title='bbox 938 854 1134 910; x_wconf 82' lang='lat' dir='ltr'><strong>alium</strong></span> <span class='ocrx_word' id='word_1_64' title='bbox 1182 871 1300 907; x_wconf 81' lang='lat' dir='ltr'><strong>non</strong></span> <span class='ocrx_word' id='word_1_65' title='bbox 1345 850 1694 920; x_wconf 69' lang='lat' dir='ltr'><strong>exhibebat,</strong></span> <span class='ocrx_word' id='word_1_66' title='bbox 1731 872 1958 929; x_wconf 77' lang='lat' dir='ltr'><strong>panem</strong></span> <span class='ocrx_word' id='word_1_67' title='bbox 1996 863 2196 912; x_wconf 80' lang='lat' dir='ltr'><strong>tamen</strong></span> 
     </span>
     <span class='ocr_line' id='line_1_8' title="bbox 71 944 2197 1027; baseline 0 -21"><span class='ocrx_word' id='word_1_68' title='bbox 71 952 505 1027; x_wconf 73' lang='lat' dir='ltr'><strong>fermentatum</strong></span> <span class='ocrx_word' id='word_1_69' title='bbox 539 969 659 1005; x_wconf 88' lang='lat' dir='ltr'><strong>non</strong></span> <span class='ocrx_word' id='word_1_70' title='bbox 691 948 1013 1026; x_wconf 72' lang='lat' dir='ltr'><strong>prohibuit</strong></span> <span class='ocrx_word' id='word_1_71' title='bbox 1052 945 1162 1024; x_wconf 89' lang='lat' dir='ltr'><strong>(l)</strong></span> <span class='ocrx_word' id='word_1_72' title='bbox 1199 946 1307 1003; x_wconf 87' lang='lat' dir='ltr'><strong>Res</strong></span> <span class='ocrx_word' id='word_1_73' title='bbox 1341 956 1650 1026; x_wconf 87' lang='lat' dir='ltr'><strong>propterea</strong></span> <span class='ocrx_word' id='word_1_74' title='bbox 1685 944 2066 1026; x_wconf 86' lang='lat' dir='ltr'><strong>disciplinaris</strong></span> <span class='ocrx_word' id='word_1_75' title='bbox 2108 958 2197 1006; x_wconf 89' lang='lat' dir='ltr'><strong>est</strong></span> 
     </span>
     <span class='ocr_line' id='line_1_9' title="bbox 77 1038 2233 1124; baseline -0 -23"><span class='ocrx_word' id='word_1_76' title='bbox 77 1063 211 1101; x_wconf 85' lang='lat' dir='ltr'><strong>usus</strong></span> <span class='ocrx_word' id='word_1_77' title='bbox 240 1041 572 1101; x_wconf 82' lang='lat' dir='ltr'><strong>alterutrius</strong></span> <span class='ocrx_word' id='word_1_78' title='bbox 593 1043 759 1124; x_wconf 86' lang='lat' dir='ltr'><strong>panis</strong></span> <span class='ocrx_word' id='word_1_79' title='bbox 787 1087 802 1116; x_wconf 80' lang='grc'><em>,</em></span> <span class='ocrx_word' id='word_1_80' title='bbox 834 1052 1008 1121; x_wconf 87' lang='lat' dir='ltr'><strong>atque</strong></span> <span class='ocrx_word' id='word_1_81' title='bbox 1041 1039 1299 1100; x_wconf 88' lang='lat' dir='ltr'><strong>Ecclesiae</strong></span> <span class='ocrx_word' id='word_1_82' title='bbox 1321 1038 1652 1098; x_wconf 82' lang='lat' dir='ltr'><strong>auctoritati</strong></span> <span class='ocrx_word' id='word_1_83' title='bbox 1683 1039 1988 1118; x_wconf 84' lang='lat' dir='ltr'><strong>subjicitur</strong></span> <span class='ocrx_word' id='word_1_84' title='bbox 2019 1086 2034 1115; x_wconf 64' lang='lat' dir='ltr'>a</span> <span class='ocrx_word' id='word_1_85' title='bbox 2067 1062 2196 1122; x_wconf 81' lang='lat' dir='ltr'><strong>quae</strong></span> <span class='ocrx_word' id='word_1_86' title='bbox 2230 1041 2233 1043; x_wconf 41' lang='lat'><strong><em>‘</em></strong></span> 
     </span>
     <span class='ocr_line' id='line_1_10' title="bbox 75 1135 2197 1219; baseline 0 -24"><span class='ocrx_word' id='word_1_87' title='bbox 75 1159 184 1218; x_wconf 88' lang='lat' dir='ltr'><strong>pro</strong></span> <span class='ocrx_word' id='word_1_88' title='bbox 201 1137 443 1196; x_wconf 88' lang='lat' dir='ltr'><strong>diversis</strong></span> <span class='ocrx_word' id='word_1_89' title='bbox 462 1149 814 1219; x_wconf 86' lang='lat' dir='ltr'><strong>temporum,</strong></span> <span class='ocrx_word' id='word_1_90' title='bbox 831 1136 1091 1195; x_wconf 89' lang='lat' dir='ltr'><strong>locorum</strong></span> <span class='ocrx_word' id='word_1_91' title='bbox 1110 1157 1173 1194; x_wconf 90' lang='lat' dir='ltr'><strong>ac</strong></span> <span class='ocrx_word' id='word_1_92' title='bbox 1191 1158 1387 1195; x_wconf 84' lang='lat' dir='ltr'><strong>rerum</strong></span> <span class='ocrx_word' id='word_1_93' title='bbox 1409 1135 1694 1214; x_wconf 86' lang='lat' dir='ltr'><strong>adjunctis</strong></span> <span class='ocrx_word' id='word_1_94' title='bbox 1711 1136 2010 1196; x_wconf 85' lang='lat' dir='ltr'><strong>diversum</strong></span> <span class='ocrx_word' id='word_1_95' title='bbox 2026 1159 2197 1196; x_wconf 90' lang='lat' dir='ltr'><strong>usum</strong></span> 
     </span>
     <span class='ocr_line' id='line_1_11' title="bbox 71 1230 2195 1313; baseline 0.001 -23"><span class='ocrx_word' id='word_1_96' title='bbox 71 1232 342 1291; x_wconf 81' lang='lat' dir='ltr'><strong>adscivit.</strong></span> <span class='ocrx_word' id='word_1_97' title='bbox 374 1234 425 1290; x_wconf 90' lang='lat' dir='ltr'><strong>Is</strong></span> <span class='ocrx_word' id='word_1_98' title='bbox 447 1233 658 1291; x_wconf 90' lang='lat' dir='ltr'><strong>idcirco</strong></span> <span class='ocrx_word' id='word_1_99' title='bbox 680 1253 816 1290; x_wconf 88' lang='lat' dir='ltr'><strong>usus</strong></span> <span class='ocrx_word' id='word_1_100' title='bbox 843 1242 1041 1290; x_wconf 89' lang='lat' dir='ltr'><strong>sancte</strong></span> <span class='ocrx_word' id='word_1_101' title='bbox 1077 1230 1490 1290; x_wconf 89' lang='lat' dir='ltr'><strong>custodiendus</strong></span> <span class='ocrx_word' id='word_1_102' title='bbox 1513 1277 1529 1305; x_wconf 72' lang='grc'><em>,</em></span> <span class='ocrx_word' id='word_1_103' title='bbox 1572 1232 1675 1313; x_wconf 89' lang='lat' dir='ltr'><strong>qui</strong></span> <span class='ocrx_word' id='word_1_104' title='bbox 1711 1233 1773 1292; x_wconf 92' lang='lat' dir='ltr'><strong>in</strong></span> <span class='ocrx_word' id='word_1_105' title='bbox 1817 1231 2060 1291; x_wconf 83' lang='lat' dir='ltr'><strong>Ecclesia</strong></span> <span class='ocrx_word' id='word_1_106' title='bbox 2082 1277 2098 1307; x_wconf 74' lang='grc'><em>,</em></span> <span class='ocrx_word' id='word_1_107' title='bbox 2132 1233 2195 1292; x_wconf 91' lang='lat' dir='ltr'><strong>in</strong></span> 
     </span>
     <span class='ocr_line' id='line_1_12' title="bbox 75 1326 2193 1410; baseline 0.002 -25"><span class='ocrx_word' id='word_1_108' title='bbox 75 1348 184 1408; x_wconf 86' lang='lat' dir='ltr'><strong>qua</strong></span> <span class='ocrx_word' id='word_1_109' title='bbox 230 1327 582 1386; x_wconf 85' lang='lat' dir='ltr'><strong>Eucharistia</strong></span> <span class='ocrx_word' id='word_1_110' title='bbox 616 1329 957 1402; x_wconf 65' lang='lat' dir='ltr'><strong>conficitur,</strong></span> <span class='ocrx_word' id='word_1_111' title='bbox 1012 1326 1278 1402; x_wconf 68' lang='lat' dir='ltr'><strong>obtinet,</strong></span> <span class='ocrx_word' id='word_1_112' title='bbox 1328 1340 1504 1409; x_wconf 85' lang='lat' dir='ltr'><strong>prout</strong></span> <span class='ocrx_word' id='word_1_113' title='bbox 1547 1329 1954 1410; x_wconf 81' lang='lat' dir='ltr'><strong>praescriptum</strong></span> <span class='ocrx_word' id='word_1_114' title='bbox 2002 1341 2089 1388; x_wconf 88' lang='lat' dir='ltr'><strong>est</strong></span> <span class='ocrx_word' id='word_1_115' title='bbox 2128 1330 2193 1390; x_wconf 89' lang='lat' dir='ltr'><strong>in</strong></span> 
     </span>
     <span class='ocr_line' id='line_1_13' title="bbox 75 1421 2193 1505; baseline 0.001 -24"><span class='ocrx_word' id='word_1_116' title='bbox 75 1421 334 1481; x_wconf 87' lang='lat' dir='ltr'><strong>Concilio</strong></span> <span class='ocrx_word' id='word_1_117' title='bbox 363 1424 697 1482; x_wconf 90' lang='lat' dir='ltr'><strong>Florentino</strong></span> <span class='ocrx_word' id='word_1_118' title='bbox 738 1424 848 1502; x_wconf 77' lang='lat'><strong>(2).</strong></span> <span class='ocrx_word' id='word_1_119' title='bbox 880 1425 998 1483; x_wconf 88' lang='lat' dir='ltr'><strong>Nec</strong></span> <span class='ocrx_word' id='word_1_120' title='bbox 1037 1435 1282 1505; x_wconf 89' lang='lat' dir='ltr'><strong>possunt</strong></span> <span class='ocrx_word' id='word_1_121' title='bbox 1307 1434 1408 1481; x_wconf 90' lang='lat' dir='ltr'><strong>aut</strong></span> <span class='ocrx_word' id='word_1_122' title='bbox 1439 1422 1663 1482; x_wconf 87' lang='lat' dir='ltr'><strong>dehent</strong></span> <span class='ocrx_word' id='word_1_123' title='bbox 1702 1424 1891 1483; x_wconf 89' lang='lat' dir='ltr'><strong>Latini</strong></span> <span class='ocrx_word' id='word_1_124' title='bbox 1927 1425 2193 1501; x_wconf 87' lang='lat' dir='ltr'><strong>incusare</strong></span> 
     </span>
     <span class='ocr_line' id='line_1_14' title="bbox 76 1518 2194 1599; baseline 0.001 -24"><span class='ocrx_word' id='word_1_125' title='bbox 76 1519 332 1593; x_wconf 67' lang='lat' dir='ltr'><strong>Graecos⁷</strong></span> <span class='ocrx_word' id='word_1_126' title='bbox 376 1518 534 1598; x_wconf 90' lang='lat' dir='ltr'><strong>quod.</strong></span> <span class='ocrx_word' id='word_1_127' title='bbox 564 1521 627 1577; x_wconf 90' lang='lat' dir='ltr'><strong>in</strong></span> <span class='ocrx_word' id='word_1_128' title='bbox 654 1519 1006 1578; x_wconf 88' lang='lat' dir='ltr'><strong>fermentato</strong></span> <span class='ocrx_word' id='word_1_129' title='bbox 1041 1529 1385 1578; x_wconf 86' lang='lat' dir='ltr'><strong>consecrent</strong></span> <span class='ocrx_word' id='word_1_130' title='bbox 1401 1543 1421 1584; x_wconf 91' lang='lat'><strong>,·</strong></span> <span class='ocrx_word' id='word_1_131' title='bbox 1460 1539 1570 1577; x_wconf 90' lang='lat' dir='ltr'><strong>nec</strong></span> <span class='ocrx_word' id='word_1_132' title='bbox 1603 1530 1848 1599; x_wconf 87' lang='lat' dir='ltr'><strong>possunt</strong></span> <span class='ocrx_word' id='word_1_133' title='bbox 1881 1521 2063 1578; x_wconf 82' lang='lat' dir='ltr'><strong>Graeci</strong></span> <span class='ocrx_word' id='word_1_134' title='bbox 2093 1521 2194 1578; x_wconf 91' lang='lat' dir='ltr'><strong>La-</strong></span> 
     </span>
     <span class='ocr_line' id='line_1_15' title="bbox 75 1612 2192 1694; baseline 0.001 -25"><span class='ocrx_word' id='word_1_135' title='bbox 75 1613 211 1670; x_wconf 85' lang='lat' dir='ltr'><strong>tinis</strong></span> <span class='ocrx_word' id='word_1_136' title='bbox 254 1613 486 1672; x_wconf 86' lang='lat' dir='ltr'><strong>crimini</strong></span> <span class='ocrx_word' id='word_1_137' title='bbox 530 1625 760 1674; x_wconf 84' lang='lat' dir='ltr'><strong>vertere</strong></span> <span class='ocrx_word' id='word_1_138' title='bbox 789 1612 1002 1694; x_wconf 75' lang='lat' dir='ltr'><strong>‚quod</strong></span> <span class='ocrx_word' id='word_1_139' title='bbox 1050 1614 1362 1671; x_wconf 88' lang='lat' dir='ltr'><strong>conficiant</strong></span> <span class='ocrx_word' id='word_1_140' title='bbox 1406 1613 1468 1670; x_wconf 92' lang='lat' dir='ltr'><strong>in</strong></span> <span class='ocrx_word' id='word_1_141' title='bbox 1522 1614 1769 1693; x_wconf 76' lang='lat' dir='ltr'><strong>azymis3</strong></span> <span class='ocrx_word' id='word_1_142' title='bbox 1827 1612 2016 1672; x_wconf 87' lang='lat' dir='ltr'><strong>multo</strong></span> <span class='ocrx_word' id='word_1_143' title='bbox 2055 1635 2192 1674; x_wconf 91' lang='lat' dir='ltr'><strong>vero</strong></span> 
     </span>
     <span class='ocr_line' id='line_1_16' title="bbox 73 1698 2194 1789; baseline 0.002 -24"><span class='ocrx_word' id='word_1_144' title='bbox 73 1708 267 1765; x_wconf 89' lang='lat' dir='ltr'><strong>minus</strong></span> <span class='ocrx_word' id='word_1_145' title='bbox 304 1719 549 1788; x_wconf 88' lang='lat' dir='ltr'><strong>possunt</strong></span> <span class='ocrx_word' id='word_1_146' title='bbox 590 1710 826 1786; x_wconf 77' lang='lat' dir='ltr'><strong>reJicere</strong></span> <span class='ocrx_word' id='word_1_147' title='bbox 866 1698 1100 1787; x_wconf 71' lang='lat' dir='ltr'><strong>azymos</strong></span> <span class='ocrx_word' id='word_1_148' title='bbox 1149 1719 1433 1789; x_wconf 87' lang='lat' dir='ltr'><strong>tanquam</strong></span> <span class='ocrx_word' id='word_1_149' title='bbox 1476 1709 1785 1768; x_wconf 85' lang='lat' dir='ltr'><strong>materiam</strong></span> <span class='ocrx_word' id='word_1_150' title='bbox 1826 1708 2194 1769; x_wconf 83' lang='lat' dir='ltr'><strong>Eucharistiae</strong></span> 
     </span>
     <span class='ocr_line' id='line_1_17' title="bbox 70 1802 1253 1886; baseline 0 -25"><span class='ocrx_word' id='word_1_151' title='bbox 70 1802 441 1864; x_wconf 87' lang='lat' dir='ltr'><strong>conficiendae</strong></span> <span class='ocrx_word' id='word_1_152' title='bbox 469 1803 735 1886; x_wconf 83' lang='lat' dir='ltr'><strong>ineptam</strong></span> <span class='ocrx_word' id='word_1_153' title='bbox 771 1824 837 1865; x_wconf 84' lang='lat' dir='ltr'><strong>ac</strong></span> <span class='ocrx_word' id='word_1_154' title='bbox 869 1803 1253 1883; x_wconf 83' lang='lat' dir='ltr'><strong>illegitimam.</strong></span> 
     </span>
    </p>
   </div>
   <div class='ocr_carea' id='block_1_3' title="bbox 881 1937 1376 2016">
    <p class='ocr_par' dir='ltr' id='par_1_3' title="bbox 881 1937 1376 2016">
     <span class='ocr_line' id='line_1_18' title="bbox 881 1937 1376 2016; baseline -0.004 -7"><span class='ocrx_word' id='word_1_155' title='bbox 881 1937 1376 2016; x_wconf 79' lang='lat' dir='ltr'><strong>DIFFICULTATEs.</strong></span> 
     </span>
    </p>
   </div>
   <div class='ocr_carea' id='block_1_4' title="bbox 70 2104 2194 2859">
    <p class='ocr_par' dir='ltr' id='par_1_4' title="bbox 70 2104 2194 2859">
     <span class='ocr_line' id='line_1_19' title="bbox 156 2104 2191 2192; baseline 0.003 -28"><span class='ocrx_word' id='word_1_156' title='bbox 156 2105 292 2164; x_wconf 82' lang='grc'><strong>338.</strong></span> <span class='ocrx_word' id='word_1_157' title='bbox 338 2104 471 2184; x_wconf 82' lang='lat' dir='ltr'><strong>Obj.</strong></span> <span class='ocrx_word' id='word_1_158' title='bbox 517 2107 727 2187; x_wconf 88' lang='lat' dir='ltr'><strong>prima.</strong></span> <span class='ocrx_word' id='word_1_159' title='bbox 769 2108 832 2165; x_wconf 86' lang='lat'><strong>10</strong></span> <span class='ocrx_word' id='word_1_160' title='bbox 868 2107 1086 2166; x_wconf 88' lang='lat' dir='ltr'><strong>Christi</strong></span> <span class='ocrx_word' id='word_1_161' title='bbox 1121 2107 1464 2190; x_wconf 83' lang='lat' dir='ltr'><strong>exemplum</strong></span> <span class='ocrx_word' id='word_1_162' title='bbox 1494 2108 1885 2168; x_wconf 84' lang='lat' dir='ltr'><strong>consecrantis</strong></span> <span class='ocrx_word' id='word_1_163' title='bbox 1933 2109 1993 2167; x_wconf 88' lang='lat' dir='ltr'><strong>in</strong></span> <span class='ocrx_word' id='word_1_164' title='bbox 2039 2131 2191 2192; x_wconf 89' lang='lat' dir='ltr'><strong>pane</strong></span> 
     </span>
     <span class='ocr_line' id='line_1_20' title="bbox 75 2204 2190 2286; baseline 0.003 -29"><span class='ocrx_word' id='word_1_165' title='bbox 75 2220 274 2279; x_wconf 82' lang='lat' dir='ltr'><strong>azymo</strong></span> <span class='ocrx_word' id='word_1_166' title='bbox 304 2222 426 2258; x_wconf 89' lang='lat' dir='ltr'><strong>non</strong></span> <span class='ocrx_word' id='word_1_167' title='bbox 457 2205 626 2279; x_wconf 85' lang='lat' dir='ltr'><strong>juvat</strong></span> <span class='ocrx_word' id='word_1_168' title='bbox 660 2224 892 2261; x_wconf 88' lang='lat' dir='ltr'><strong>causam</strong></span> <span class='ocrx_word' id='word_1_169' title='bbox 927 2204 1296 2280; x_wconf 81' lang='lat' dir='ltr'><strong>Latinorum3</strong></span> <span class='ocrx_word' id='word_1_170' title='bbox 1320 2225 1453 2263; x_wconf 90' lang='lat' dir='ltr'><strong>cum</strong></span> <span class='ocrx_word' id='word_1_171' title='bbox 1491 2204 1663 2284; x_wconf 83' lang='lat' dir='ltr'><strong>longe</strong></span> <span class='ocrx_word' id='word_1_172' title='bbox 1695 2204 2052 2286; x_wconf 87' lang='lat' dir='ltr'><strong>probabilius</strong></span> <span class='ocrx_word' id='word_1_173' title='bbox 2080 2207 2190 2283; x_wconf 85' lang='lat' dir='ltr'><strong>sit,</strong></span> 
     </span>
     <span class='ocr_line' id='line_1_21' title="bbox 74 2294 2188 2381; baseline 0.004 -29"><span class='ocrx_word' id='word_1_174' title='bbox 74 2294 372 2354; x_wconf 87' lang='lat' dir='ltr'><strong>Christum</strong></span> <span class='ocrx_word' id='word_1_175' title='bbox 401 2318 468 2355; x_wconf 90' lang='lat' dir='ltr'><strong>eo</strong></span> <span class='ocrx_word' id='word_1_176' title='bbox 490 2319 644 2356; x_wconf 90' lang='lat' dir='ltr'><strong>anno</strong></span> <span class='ocrx_word' id='word_1_177' title='bbox 668 2298 878 2380; x_wconf 88' lang='lat' dir='ltr'><strong>pascha</strong></span> <span class='ocrx_word' id='word_1_178' title='bbox 909 2298 1093 2378; x_wconf 84' lang='lat' dir='ltr'><strong>legale</strong></span> <span class='ocrx_word' id='word_1_179' title='bbox 1118 2322 1239 2358; x_wconf 89' lang='lat' dir='ltr'><strong>non</strong></span> <span class='ocrx_word' id='word_1_180' title='bbox 1267 2299 1582 2359; x_wconf 82' lang='lat' dir='ltr'><strong>celebrasse</strong></span> <span class='ocrx_word' id='word_1_181' title='bbox 1602 2346 1618 2375; x_wconf 60' lang='lat'>7</span> <span class='ocrx_word' id='word_1_182' title='bbox 1645 2302 1739 2361; x_wconf 66' lang='lat' dir='ltr'><strong>,uti</strong></span> <span class='ocrx_word' id='word_1_183' title='bbox 1766 2323 1836 2360; x_wconf 79' lang='lat' dir='ltr'><strong>ex</strong></span> <span class='ocrx_word' id='word_1_184' title='bbox 1873 2302 2188 2381; x_wconf 80' lang='lat' dir='ltr'><strong>Evangelio</strong></span> 
     </span>
     <span class='ocr_line' id='line_1_22' title="bbox 74 2391 2192 2477; baseline 0.003 -28"><span class='ocrx_word' id='word_1_185' title='bbox 74 2391 131 2450; x_wconf 89' lang='lat' dir='ltr'><strong>S.</strong></span> <span class='ocrx_word' id='word_1_186' title='bbox 168 2393 409 2450; x_wconf 87' lang='lat' dir='ltr'><strong>Joannis</strong></span> <span class='ocrx_word' id='word_1_187' title='bbox 434 2415 556 2451; x_wconf 92' lang='lat' dir='ltr'><strong>non</strong></span> <span class='ocrx_word' id='word_1_188' title='bbox 586 2392 827 2453; x_wconf 90' lang='lat' dir='ltr'><strong>obscure</strong></span> <span class='ocrx_word' id='word_1_189' title='bbox 856 2394 1160 2473; x_wconf 83' lang='lat' dir='ltr'><strong>colligitur.</strong></span> <span class='ocrx_word' id='word_1_190' title='bbox 1186 2397 1360 2471; x_wconf 69' lang='lat' dir='ltr'><strong>Nam,</strong></span> <span class='ocrx_word' id='word_1_191' title='bbox 1386 2417 1511 2477; x_wconf 88' lang='lat' dir='ltr'><strong>cap.</strong></span> <span class='ocrx_word' id='word_1_192' title='bbox 1544 2398 1710 2472; x_wconf 79' lang='lat' dir='ltr'><strong>xm,</strong></span> <span class='ocrx_word' id='word_1_193' title='bbox 1748 2397 1776 2455; x_wconf 95' lang='grc'>1</span> <span class='ocrx_word' id='word_1_194' title='bbox 1808 2407 1867 2455; x_wconf 90' lang='lat' dir='ltr'><strong>et</strong></span> <span class='ocrx_word' id='word_1_195' title='bbox 1891 2418 2010 2477; x_wconf 90' lang='lat' dir='ltr'><strong>seq.</strong></span> <span class='ocrx_word' id='word_1_196' title='bbox 2041 2397 2192 2477; x_wconf 83' lang='lat' dir='ltr'><strong>legi-</strong></span> 
     </span>
     <span class='ocr_line' id='line_1_23' title="bbox 70 2489 2192 2572; baseline 0.004 -29"><span class='ocrx_word' id='word_1_197' title='bbox 70 2495 169 2543; x_wconf 88' lang='lat' dir='ltr'><strong>tur</strong></span> <span class='ocrx_word' id='word_1_198' title='bbox 205 2508 218 2543; x_wconf 90' lang='lat'><strong>:</strong></span> <span class='ocrx_word' id='word_1_199' title='bbox 258 2489 412 2546; x_wconf 81' lang='lat' dir='ltr'><strong>Ante</strong></span> <span class='ocrx_word' id='word_1_200' title='bbox 453 2490 610 2546; x_wconf 79' lang='lat' dir='ltr'><strong>diem</strong></span> <span class='ocrx_word' id='word_1_201' title='bbox 635 2493 859 2568; x_wconf 80' lang='lat' dir='ltr'><strong>festum</strong></span> <span class='ocrx_word' id='word_1_202' title='bbox 877 2492 1150 2568; x_wconf 72' lang='lat' dir='ltr'><strong>paschae,</strong></span> <span class='ocrx_word' id='word_1_203' title='bbox 1189 2496 1378 2550; x_wconf 82' lang='lat' dir='ltr'><strong>sciens</strong></span> <span class='ocrx_word' id='word_1_204' title='bbox 1401 2492 1611 2565; x_wconf 66' lang='lat' dir='ltr'><strong>leswe,</strong></span> <span class='ocrx_word' id='word_1_205' title='bbox 1654 2498 1804 2572; x_wconf 78' lang='lat' dir='ltr'><strong>qnia</strong></span> <span class='ocrx_word' id='word_1_206' title='bbox 1844 2498 2004 2551; x_wconf 74' lang='lat' dir='ltr'><strong>venit</strong></span> <span class='ocrx_word' id='word_1_207' title='bbox 2044 2494 2192 2552; x_wconf 80' lang='lat' dir='ltr'><strong>hora</strong></span> 
     </span>
     <span class='ocr_line' id='line_1_24' title="bbox 72 2585 2190 2670; baseline 0.005 -32"><span class='ocrx_word' id='word_1_208' title='bbox 72 2585 264 2657; x_wconf 70' lang='lat' dir='ltr'><strong>ejus...</strong></span> <span class='ocrx_word' id='word_1_209' title='bbox 291 2587 658 2661; x_wconf 59' lang='lat' dir='ltr'><strong>manasticam,</strong></span> <span class='ocrx_word' id='word_1_210' title='bbox 687 2596 796 2643; x_wconf 91' lang='lat' dir='ltr'><strong>etc.</strong></span> <span class='ocrx_word' id='word_1_211' title='bbox 825 2586 1184 2667; x_wconf 78' lang='lat' dir='ltr'><strong>Cap.XV111‚</strong></span> <span class='ocrx_word' id='word_1_212' title='bbox 1209 2587 1315 2661; x_wconf 82' lang='lat'><strong>28,</strong></span> <span class='ocrx_word' id='word_1_213' title='bbox 1341 2587 1518 2647; x_wconf 89' lang='lat' dir='ltr'><strong>refert</strong></span> <span class='ocrx_word' id='word_1_214' title='bbox 1542 2588 1932 2670; x_wconf 68' lang='lat' dir='ltr'><strong>Evangelista,</strong></span> <span class='ocrx_word' id='word_1_215' title='bbox 1959 2590 1992 2647; x_wconf 89' lang='lat' dir='ltr'>J</span> <span class='ocrx_word' id='word_1_216' title='bbox 2000 2587 2190 2649; x_wconf 86' lang='lat' dir='ltr'><strong>udaeos</strong></span> 
     </span>
     <span class='ocr_line' id='line_1_25' title="bbox 76 2676 2193 2760; baseline 0.006 -30"><span class='ocrx_word' id='word_1_217' title='bbox 76 2694 196 2732; x_wconf 90' lang='lat' dir='ltr'><strong>non</strong></span> <span class='ocrx_word' id='word_1_218' title='bbox 221 2676 489 2738; x_wconf 91' lang='lat' dir='ltr'><strong>introisse</strong></span> <span class='ocrx_word' id='word_1_219' title='bbox 525 2679 587 2736; x_wconf 91' lang='lat' dir='ltr'><strong>in</strong></span> <span class='ocrx_word' id='word_1_220' title='bbox 613 2681 980 2760; x_wconf 86' lang='lat' dir='ltr'><strong>praetorium‚</strong></span> <span class='ocrx_word' id='word_1_221' title='bbox 1016 2703 1088 2740; x_wconf 87' lang='lat' dir='ltr'><strong>ne</strong></span> <span class='ocrx_word' id='word_1_222' title='bbox 1127 2687 1731 2755; x_wconf 73' lang='lat' dir='ltr'><strong>contaminarentur,</strong></span> <span class='ocrx_word' id='word_1_223' title='bbox 1767 2685 1870 2742; x_wconf 76' lang='lat' dir='ltr'><strong>sed</strong></span> <span class='ocrx_word' id='word_1_224' title='bbox 1911 2695 1982 2742; x_wconf 77' lang='lat' dir='ltr'><strong>ut</strong></span> <span class='ocrx_word' id='word_1_225' title='bbox 2009 2705 2193 2742; x_wconf 84' lang='lat' dir='ltr'><strong>man-</strong></span> 
     </span>
     <span class='ocr_line' id='line_1_26' title="bbox 76 2768 2194 2859; baseline 0.006 -34"><span class='ocrx_word' id='word_1_226' title='bbox 76 2768 629 2852; x_wconf 65' lang='lat' dir='ltr'><strong>ducarentpasclta3</strong></span> <span class='ocrx_word' id='word_1_227' title='bbox 657 2786 736 2850; x_wconf 74' lang='lat' dir='ltr'><strong>et,</strong></span> <span class='ocrx_word' id='word_1_228' title='bbox 757 2797 881 2858; x_wconf 88' lang='lat' dir='ltr'><strong>cap.</strong></span> <span class='ocrx_word' id='word_1_229' title='bbox 901 2777 1034 2835; x_wconf 86' lang='lat' dir='ltr'><strong>XIX</strong></span> <span class='ocrx_word' id='word_1_230' title='bbox 1050 2823 1065 2852; x_wconf 67' lang='lat' dir='ltr'>a</span> <span class='ocrx_word' id='word_1_231' title='bbox 1090 2777 1188 2852; x_wconf 78' lang='lat'><strong>14,</strong></span> <span class='ocrx_word' id='word_1_232' title='bbox 1207 2776 1404 2836; x_wconf 89' lang='lat' dir='ltr'><strong>subdit</strong></span> <span class='ocrx_word' id='word_1_233' title='bbox 1428 2800 1440 2836; x_wconf 90' lang='lat'>:</span> <span class='ocrx_word' id='word_1_234' title='bbox 1464 2779 1631 2838; x_wconf 77' lang='lat' dir='ltr'><strong>Erat</strong></span> <span class='ocrx_word' id='word_1_235' title='bbox 1649 2790 1852 2838; x_wconf 79' lang='lat' dir='ltr'><strong>autem</strong></span> <span class='ocrx_word' id='word_1_236' title='bbox 1867 2801 2194 2859; x_wconf 81' lang='lat' dir='ltr'><strong>parasceve</strong></span> 
     </span>
    </p>
   </div>
   <div class='ocr_carea' id='block_1_5' title="bbox 76 2964 2194 3283">
    <p class='ocr_par' dir='ltr' id='par_1_5' title="bbox 76 2964 2194 3283">
     <span class='ocr_line' id='line_1_27' title="bbox 76 2964 2194 3035; baseline 0.004 -25"><span class='ocrx_word' id='word_1_237' title='bbox 76 2964 241 3026; x_wconf 74' lang='lat' dir='ltr'><strong>saqqio</strong></span> <span class='ocrx_word' id='word_1_238' title='bbox 253 2967 613 3017; x_wconf 59' lang='lat' dir='ltr'><strong>norico-critico</strong></span> <span class='ocrx_word' id='word_1_239' title='bbox 626 2969 703 3018; x_wconf 81' lang='lat' dir='ltr'><strong>del</strong></span> <span class='ocrx_word' id='word_1_240' title='bbox 714 2971 1089 3021; x_wconf 74' lang='lat' dir='ltr'><strong>ritoAmbrosia-</strong></span> <span class='ocrx_word' id='word_1_241' title='bbox 1240 2970 1307 3033; x_wconf 73' lang='lat'><strong>(2)</strong></span> <span class='ocrx_word' id='word_1_242' title='bbox 1343 2969 1477 3035; x_wconf 82' lang='lat' dir='ltr'><strong>Apud</strong></span> <span class='ocrx_word' id='word_1_243' title='bbox 1495 2970 1724 3020; x_wconf 83' lang='lat' dir='ltr'><strong>Harduin.</strong></span> <span class='ocrx_word' id='word_1_244' title='bbox 1746 2971 1834 3020; x_wconf 86' lang='lat' dir='ltr'><strong>loc.</strong></span> <span class='ocrx_word' id='word_1_245' title='bbox 1853 2974 1930 3020; x_wconf 87' lang='lat' dir='ltr'><strong>cit.</strong></span> <span class='ocrx_word' id='word_1_246' title='bbox 1951 2971 2055 3034; x_wconf 85' lang='lat' dir='ltr'><strong>ubi,</strong></span> <span class='ocrx_word' id='word_1_247' title='bbox 2071 2980 2194 3035; x_wconf 84' lang='lat' dir='ltr'><strong>post-</strong></span> 
     </span>
     <span class='ocr_line' id='line_1_28' title="bbox 77 3043 2192 3121; baseline 0.005 -31"><span class='ocrx_word' id='word_1_248' title='bbox 77 3061 138 3092; x_wconf 59' lang='grc' dir='ltr'><strong>ἰο</strong></span> <span class='ocrx_word' id='word_1_249' title='bbox 153 3044 231 3092; x_wconf 84' lang='lat' dir='ltr'><strong>del</strong></span> <span class='ocrx_word' id='word_1_250' title='bbox 242 3043 303 3095; x_wconf 89' lang='lat' dir='ltr'><strong>P.</strong></span> <span class='ocrx_word' id='word_1_251' title='bbox 320 3047 374 3094; x_wconf 87' lang='lat' dir='ltr'><em>F</em></span> <span class='ocrx_word' id='word_1_252' title='bbox 370 3050 605 3113; x_wconf 73' lang='lat' dir='ltr'><strong>umoqalli</strong></span> <span class='ocrx_word' id='word_1_253' title='bbox 628 3053 923 3102; x_wconf 72' lang='lat' dir='ltr'><strong>cisterciense</strong></span> <span class='ocrx_word' id='word_1_254' title='bbox 936 3090 952 3117; x_wconf 86' lang='lat'><em>,</em></span> <span class='ocrx_word' id='word_1_255' title='bbox 970 3055 1090 3119; x_wconf 75' lang='lat' dir='ltr'><strong>fatte</strong></span> <span class='ocrx_word' id='word_1_256' title='bbox 1173 3071 1315 3121; x_wconf 89' lang='lat' dir='ltr'><strong>quam</strong></span> <span class='ocrx_word' id='word_1_257' title='bbox 1332 3052 1576 3102; x_wconf 84' lang='lat' dir='ltr'><strong>definitum</strong></span> <span class='ocrx_word' id='word_1_258' title='bbox 1596 3064 1662 3102; x_wconf 87' lang='lat' dir='ltr'><strong>est</strong></span> <span class='ocrx_word' id='word_1_259' title='bbox 1675 3072 1699 3101; x_wconf 87' lang='lat' dir='ltr'><strong>a</strong></span> <span class='ocrx_word' id='word_1_260' title='bbox 1725 3054 1955 3108; x_wconf 85' lang='lat' dir='ltr'><strong>Concilio,</strong></span> <span class='ocrx_word' id='word_1_261' title='bbox 1974 3056 2192 3102; x_wconf 82' lang='lat' dir='ltr'><strong>veraciter</strong></span> 
     </span>
     <span class='ocr_line' id='line_1_29' title="bbox 76 3126 2190 3203; baseline 0.005 -30"><span class='ocrx_word' id='word_1_262' title='bbox 76 3126 139 3174; x_wconf 82' lang='lat' dir='ltr'><strong>da</strong></span> <span class='ocrx_word' id='word_1_263' title='bbox 167 3128 332 3177; x_wconf 83' lang='lat' dir='ltr'><strong>Pietro</strong></span> <span class='ocrx_word' id='word_1_264' title='bbox 374 3130 710 3189; x_wconf 66' lang='lat' dir='ltr'><strong>Illazzuchelli</strong></span> <span class='ocrx_word' id='word_1_265' title='bbox 738 3135 938 3200; x_wconf 75' lang='lat' dir='ltr'><strong>prefecto</strong></span> <span class='ocrx_word' id='word_1_266' title='bbox 968 3136 1090 3185; x_wconf 84' lang='lat' dir='ltr'><strong>della</strong></span> <span class='ocrx_word' id='word_1_267' title='bbox 1172 3137 1338 3189; x_wconf 82' lang='lat' dir='ltr'><strong>confici</strong></span> <span class='ocrx_word' id='word_1_268' title='bbox 1358 3134 1692 3186; x_wconf 79' lang='lat' dir='ltr'><strong>Eucharistiam</strong></span> <span class='ocrx_word' id='word_1_269' title='bbox 1714 3139 1763 3184; x_wconf 88' lang='lat' dir='ltr'><strong>in</strong></span> <span class='ocrx_word' id='word_1_270' title='bbox 1793 3154 1956 3203; x_wconf 83' lang='lat' dir='ltr'><strong>azymo</strong></span> <span class='ocrx_word' id='word_1_271' title='bbox 1979 3139 2073 3185; x_wconf 84' lang='lat' dir='ltr'><strong>sive</strong></span> <span class='ocrx_word' id='word_1_272' title='bbox 2099 3137 2190 3184; x_wconf 83' lang='lat' dir='ltr'><strong>fer-</strong></span> 
     </span>
     <span class='ocr_line' id='line_1_30' title="bbox 76 3208 2189 3283; baseline 0.005 -28"><span class='ocrx_word' id='word_1_273' title='bbox 76 3208 323 3258; x_wconf 79' lang='lat' dir='ltr'><strong>biblioteca</strong></span> <span class='ocrx_word' id='word_1_274' title='bbox 351 3211 678 3262; x_wconf 80' lang='lat' dir='ltr'><strong>Ambrosiana</strong></span> <span class='ocrx_word' id='word_1_275' title='bbox 695 3250 711 3274; x_wconf 88' lang='lat'><strong><em>,</em></strong></span> <span class='ocrx_word' id='word_1_276' title='bbox 734 3216 908 3266; x_wconf 86' lang='lat' dir='ltr'><strong>Milano</strong></span> <span class='ocrx_word' id='word_1_277' title='bbox 931 3216 1087 3280; x_wconf 82' lang='lat'>18283</span> <span class='ocrx_word' id='word_1_278' title='bbox 1175 3230 1375 3267; x_wconf 82' lang='lat' dir='ltr'><strong>mentato</strong></span> <span class='ocrx_word' id='word_1_279' title='bbox 1400 3237 1516 3283; x_wconf 85' lang='lat' dir='ltr'><strong>pane</strong></span> <span class='ocrx_word' id='word_1_280' title='bbox 1537 3221 1711 3266; x_wconf 81' lang='lat' dir='ltr'><strong>triticeo</strong></span> <span class='ocrx_word' id='word_1_281' title='bbox 1731 3256 1743 3278; x_wconf 89' lang='lat'>‚</span> <span class='ocrx_word' id='word_1_282' title='bbox 1775 3220 1960 3267; x_wconf 84' lang='lat' dir='ltr'><strong>additur</strong></span> <span class='ocrx_word' id='word_1_283' title='bbox 1980 3236 1993 3266; x_wconf 90' lang='lat'><strong>:</strong></span> <span class='ocrx_word' id='word_1_284' title='bbox 2018 3217 2189 3267; x_wconf 86' lang='lat' dir='ltr'><strong>Sacer-</strong></span> 
     </span>
    </p>
   </div>
   <div class='ocr_carea' id='block_1_6' title="bbox 76 3290 2283 3367">
    <p class='ocr_par' dir='ltr' id='par_1_6' title="bbox 76 3290 2283 3367">
     <span class='ocr_line' id='line_1_31' title="bbox 76 3290 2283 3367; baseline 0.005 -30"><span class='ocrx_word' id='word_1_285' title='bbox 76 3290 158 3338; x_wconf 92' lang='lat' dir='ltr'><strong>ubi</strong></span> <span class='ocrx_word' id='word_1_286' title='bbox 173 3293 371 3341; x_wconf 83' lang='lat' dir='ltr'><strong>ostendit</strong></span> <span class='ocrx_word' id='word_1_287' title='bbox 392 3331 405 3353; x_wconf 87' lang='lat'>‚</span> <span class='ocrx_word' id='word_1_288' title='bbox 435 3293 484 3342; x_wconf 92' lang='lat' dir='ltr'><strong>S.</strong></span> <span class='ocrx_word' id='word_1_289' title='bbox 511 3294 803 3344; x_wconf 81' lang='lat' dir='ltr'><strong>Ambrosium</strong></span> <span class='ocrx_word' id='word_1_290' title='bbox 821 3299 1082 3363; x_wconf 76' lang='lat' dir='ltr'><strong>liturgiam,</strong></span> <span class='ocrx_word' id='word_1_291' title='bbox 1167 3301 1383 3367; x_wconf 76' lang='lat' dir='ltr'><strong>dotesque</strong></span> <span class='ocrx_word' id='word_1_292' title='bbox 1412 3303 1467 3348; x_wconf 85' lang='lat' dir='ltr'><strong>in</strong></span> <span class='ocrx_word' id='word_1_293' title='bbox 1490 3299 1635 3349; x_wconf 83' lang='lat' dir='ltr'><strong>altero</strong></span> <span class='ocrx_word' id='word_1_294' title='bbox 1653 3302 1812 3366; x_wconf 76' lang='lat' dir='ltr'><strong>ipsum</strong></span> <span class='ocrx_word' id='word_1_295' title='bbox 1840 3300 2055 3349; x_wconf 81' lang='lat' dir='ltr'><strong>Domini</strong></span> <span class='ocrx_word' id='word_1_296' title='bbox 2076 3300 2191 3349; x_wconf 87' lang='lat' dir='ltr'><strong>Cor·</strong></span> <span class='ocrx_word' id='word_1_297' title='bbox 2278 3359 2283 3365; x_wconf 86' lang='lat'>.</span> 
     </span>
    </p>
   </div>
   <div class='ocr_carea' id='block_1_7' title="bbox 75 3379 2190 3774">
    <p class='ocr_par' dir='ltr' id='par_1_7' title="bbox 76 3379 2189 3449">
     <span class='ocr_line' id='line_1_32' title="bbox 76 3379 2189 3449; baseline 0.004 -28"><span class='ocrx_word' id='word_1_298' title='bbox 76 3391 179 3441; x_wconf 85' lang='lat' dir='ltr'><strong>quae</strong></span> <span class='ocrx_word' id='word_1_299' title='bbox 198 3385 305 3423; x_wconf 84' lang='lat' dir='ltr'><strong>ante</strong></span> <span class='ocrx_word' id='word_1_300' title='bbox 321 3379 471 3443; x_wconf 90' lang='lat' dir='ltr'><strong>ipsum</strong></span> <span class='ocrx_word' id='word_1_301' title='bbox 491 3381 694 3443; x_wconf 82' lang='lat' dir='ltr'><strong>viguerat</strong></span> <span class='ocrx_word' id='word_1_302' title='bbox 708 3382 758 3427; x_wconf 92' lang='lat' dir='ltr'><strong>in</strong></span> <span class='ocrx_word' id='word_1_303' title='bbox 771 3379 971 3429; x_wconf 86' lang='lat' dir='ltr'><strong>Ecclesia</strong></span> <span class='ocrx_word' id='word_1_304' title='bbox 989 3382 1088 3431; x_wconf 84' lang='lat' dir='ltr'><strong>Me·</strong></span> <span class='ocrx_word' id='word_1_305' title='bbox 1160 3401 1258 3449; x_wconf 76' lang='lat' dir='ltr'><strong>pue</strong></span> <span class='ocrx_word' id='word_1_306' title='bbox 1293 3385 1523 3448; x_wconf 84' lang='lat' dir='ltr'><strong>conficere</strong></span> <span class='ocrx_word' id='word_1_307' title='bbox 1552 3383 1716 3432; x_wconf 85' lang='lat' dir='ltr'><strong>debere</strong></span> <span class='ocrx_word' id='word_1_308' title='bbox 1736 3421 1748 3442; x_wconf 76' lang='lat'>,</span> <span class='ocrx_word' id='word_1_309' title='bbox 1791 3398 2189 3447; x_wconf 79' lang='lat' dir='ltr'><strong>unumquemque</strong></span> 
     </span>
    </p>

    <p class='ocr_par' dir='ltr' id='par_1_8' title="bbox 75 3456 2190 3533">
     <span class='ocr_line' id='line_1_33' title="bbox 75 3456 2190 3533; baseline 0.003 -30"><span class='ocrx_word' id='word_1_310' title='bbox 75 3456 330 3504; x_wconf 87' lang='lat' dir='ltr'><strong>diolanensi</strong></span> <span class='ocrx_word' id='word_1_311' title='bbox 358 3495 370 3518; x_wconf 92' lang='lat'>,</span> <span class='ocrx_word' id='word_1_312' title='bbox 402 3460 550 3508; x_wconf 90' lang='lat' dir='ltr'><strong>solum</strong></span> <span class='ocrx_word' id='word_1_313' title='bbox 580 3463 760 3510; x_wconf 83' lang='lat' dir='ltr'><strong>auxisse</strong></span> <span class='ocrx_word' id='word_1_314' title='bbox 775 3458 1086 3527; x_wconf 64' lang='lat' dir='ltr'><strong>praefationi·</strong></span> <span class='ocrx_word' id='word_1_315' title='bbox 1168 3465 1346 3515; x_wconf 73' lang='lat' dir='ltr'><strong>scilicet</strong></span> <span class='ocrx_word' id='word_1_316' title='bbox 1357 3469 1510 3533; x_wconf 68' lang='lat' dir='ltr'><strong>juxta</strong></span> <span class='ocrx_word' id='word_1_317' title='bbox 1529 3483 1630 3514; x_wconf 76' lang='lat' dir='ltr'><strong>succ</strong></span> <span class='ocrx_word' id='word_1_318' title='bbox 1648 3466 1697 3514; x_wconf 84' lang='lat' dir='ltr'><em>E</em></span> <span class='ocrx_word' id='word_1_319' title='bbox 1697 3465 1880 3514; x_wconf 72' lang='lat' dir='ltr'><strong>cclesioe</strong></span> <span class='ocrx_word' id='word_1_320' title='bbox 1902 3501 1916 3527; x_wconf 90' lang='lat'>‚</span> <span class='ocrx_word' id='word_1_321' title='bbox 1945 3466 2044 3512; x_wconf 75' lang='lat' dir='ltr'><strong>sive</strong></span> <span class='ocrx_word' id='word_1_322' title='bbox 2065 3464 2190 3510; x_wconf 86' lang='lat' dir='ltr'><strong>occi-</strong></span> 
     </span>
    </p>

    <p class='ocr_par' dir='ltr' id='par_1_9' title="bbox 75 3537 2185 3693">
     <span class='ocr_line' id='line_1_34' title="bbox 75 3537 2185 3609; baseline 0.004 -25"><span class='ocrx_word' id='word_1_323' title='bbox 75 3537 159 3584; x_wconf 77' lang='lat' dir='ltr'><strong>bus</strong></span> <span class='ocrx_word' id='word_1_324' title='bbox 177 3580 194 3602; x_wconf 85' lang='lat'><em>,</em></span> <span class='ocrx_word' id='word_1_325' title='bbox 230 3539 430 3590; x_wconf 77' lang='lat' dir='ltr'><strong>collectis</strong></span> <span class='ocrx_word' id='word_1_326' title='bbox 447 3579 459 3601; x_wconf 87' lang='lat'>‚</span> <span class='ocrx_word' id='word_1_327' title='bbox 499 3552 589 3590; x_wconf 84' lang='lat' dir='ltr'><strong>etc.</strong></span> <span class='ocrx_word' id='word_1_328' title='bbox 1170 3547 1756 3609; x_wconf 72' lang='lat' dir='ltr'><strong>dentalisoiveorientalio‚</strong></span> <span class='ocrx_word' id='word_1_329' title='bbox 1775 3545 2185 3595; x_wconf 79' lang='lat' dir='ltr'><strong>consuetudinem.</strong></span> 
     </span>
     <span class='ocr_line' id='line_1_35' title="bbox 144 3623 1088 3693; baseline 0.008 -25"><span class='ocrx_word' id='word_1_330' title='bbox 144 3623 204 3684; x_wconf 85' lang='grc' dir='ltr'><strong>(Ι)</strong></span> <span class='ocrx_word' id='word_1_331' title='bbox 236 3623 318 3682; x_wconf 65' lang='lat' dir='ltr'><strong>&gt;De</strong></span> <span class='ocrx_word' id='word_1_332' title='bbox 338 3634 629 3674; x_wconf 81' lang='lat' dir='ltr'><strong>sacramento</strong></span> <span class='ocrx_word' id='word_1_333' title='bbox 654 3625 878 3693; x_wconf 77' lang='lat' dir='ltr'><strong>Corporis</strong></span> <span class='ocrx_word' id='word_1_334' title='bbox 899 3635 942 3675; x_wconf 72' lang='lat' dir='ltr'><strong>et</strong></span> <span class='ocrx_word' id='word_1_335' title='bbox 960 3625 1088 3679; x_wconf 82' lang='lat' dir='ltr'><strong>San-</strong></span> 
     </span>
    </p>

    <p class='ocr_par' dir='ltr' id='par_1_10' title="bbox 77 3702 961 3774">
     <span class='ocr_line' id='line_1_36' title="bbox 77 3702 961 3774; baseline 0.01 -26"><span class='ocrx_word' id='word_1_336' title='bbox 77 3702 241 3764; x_wconf 74' lang='lat' dir='ltr'><strong>quinis</strong></span> <span class='ocrx_word' id='word_1_337' title='bbox 270 3704 506 3767; x_wconf 80' lang='lat' dir='ltr'><strong>Domini,</strong></span> <span class='ocrx_word' id='word_1_338' title='bbox 536 3707 622 3757; x_wconf 89' lang='lat' dir='ltr'><strong>lib.</strong></span> <span class='ocrx_word' id='word_1_339' title='bbox 658 3724 724 3767; x_wconf 89' lang='lat'><strong>11,</strong></span> <span class='ocrx_word' id='word_1_340' title='bbox 753 3725 851 3774; x_wconf 84' lang='lat' dir='ltr'><strong>cap.</strong></span> <span class='ocrx_word' id='word_1_341' title='bbox 886 3725 961 3758; x_wconf 87' lang='lat'><strong>10.</strong></span> 
     </span>
    </p>
   </div>
  </div>
 </body>
</html>
