2502 4186
281 228 400 288 456
907 243 1233 285 ’macru-us
1278 247 1348 283 nn
1390 247 1781 289 rosm‘rnu'ns.

277 390 463 451 Estius
489 387 578 470 (1)
598 431 614 461 ,
651 385 893 447 Materia
915 385 1090 465 hujus
1123 387 1482 450 Sacramenti
1521 410 1643 448 non
1680 398 1768 447 est
1806 387 2029 470 aliquid
2053 411 2396 473 corporeum

277 496 380 545 aut
421 483 812 557 elementum,
850 481 1174 560 cujusmodi
1222 495 1360 543 sunt
1395 503 1546 565 aqua
1571 528 1588 559 ,
1626 482 1822 542 oleum
1844 528 1860 558 .,
1901 485 2105 566 paniS,
2133 498 2244 546 etc.
2293 485 2396 546 sed

276 579 529 639 actiones
550 622 567 654 .,
612 598 742 659 quse
787 576 1002 637 idcirco
1045 599 1169 636 non
1201 578 1284 637 ita
1317 583 1570 658 proprie
1609 578 1850 638 Materia
1897 579 2092 638 vocari
2128 591 2398 658 possunt.

279 673 595 733 Thomistae
619 673 794 753 igitur
817 672 1209 748 contendunt,
1241 673 1512 755 praefatos
1540 672 1646 731 hos
1672 684 1792 732 tres
1821 684 1981 732 actus
2009 694 2132 733 esse
2153 679 2402 753 proprie

278 770 508 829 dictam
552 769 856 829 Materiam
901 767 1266 851 proximam,
1314 789 1386 827 ex
1423 790 1547 847 qua
1582 768 1885 827 conficitur
1923 769 2392 828 Sacramentum.

282 864 541 924 Scotistae
575 874 849 940 censent,
874 862 1300 923 absolutionem
1325 884 1358 922 a
1383 862 1690 923 Sacerdote
1706 863 2020 945 poenitenti
2037 864 2402 945 impertitam

277 980 483 1020 veram
514 980 637 1019 esse
693 958 997 1018 materiam
1033 958 1361 1039 proximam
1382 1002 1398 1033 ,
1443 969 1731 1040 quatenus
1768 968 1857 1017 est
1890 958 2035 1017 ritus
2075 957 2364 1018 sensibilis
2385 1002 2401 1033 ,

281 1065 345 1116 et
364 1052 580 1113 habere
611 1065 896 1136 praeterea
924 1053 1212 1112 rationem
1234 1055 1277 1113 F
1280 1073 1456 1112 ormae
1478 1097 1495 1129 ,
1521 1065 1810 1135 quatenus
1829 1053 2110 1133 significat
2129 1052 2403 1112 effectum

280 1150 662 1210 Sacramenti.
697 1148 1065 1208 Maldonatus
1091 1159 1262 1210 vocat
1291 1149 1649 1208 sententiam
1675 1148 2112 1207 Thomistarum
2135 1169 2404 1211 commu-

282 1267 454 1321 nem,
495 1243 854 1304 sententiam
900 1265 1039 1303 vero
1076 1244 1457 1302 Scotistarum
1504 1246 1793 1322 veriorem
1844 1243 1951 1322 (2).
1993 1244 2169 1301 Recte
2205 1263 2281 1301 ne
2328 1264 2405 1301 an

285 1360 448 1399 secus
489 1338 599 1398 hoc
635 1338 923 1417 judicium
956 1337 1160 1397 tulerit
1201 1337 1405 1398 doctus
1442 1338 1536 1398 hic
1581 1349 1814 1415 auctor,
1858 1348 2126 1397 nostrum
2154 1359 2277 1396 non
2320 1348 2407 1397 est

287 1433 712 1518 pronunciare3
744 1432 1001 1516 expendi
1033 1443 1313 1515 poterunt
1344 1434 1640 1493 rationum
1664 1445 1962 1494 momenta
1999 1432 2157 1514 apud
2190 1433 2407 1492 utrius-

288 1550 403 1612 que
442 1527 656 1588 scholae
683 1528 1024 1609 TheologoS.
1068 1529 1140 1587 Et
1181 1527 1306 1589 haec
1345 1528 1418 1588 de
1459 1529 1699 1589 Materia
1725 1528 2031 1588 sufficiant.

374 1624 523 1682 226.
573 1622 744 1696 Quod
784 1624 999 1683 attinet
1021 1623 1098 1682 ad
1119 1625 1422 1698 Formam,
1463 1626 1859 1683 protestantes
1883 1633 2198 1682 autumant
2217 1665 2237 1698 ‚
2278 1643 2409 1682 eam

292 1739 416 1776 non
451 1738 573 1777 esse
617 1718 730 1775 nisi
759 1717 1173 1779 declarativam
1210 1718 1564 1778 remissionis
1605 1730 1977 1800 peccatorum
2000 1762 2016 1793 ,
2060 1739 2182 1776 non
2212 1728 2409 1777 autem

292 1811 555 1892 ejusdem
577 1812 905 1874 effectivam
927 1838 943 1887 3
967 1834 1174 1892 verum
1195 1812 1299 1871 hos
1325 1812 1656 1872 refellemus
1681 1813 1958 1894 peculiari
1978 1813 2412 1895 propositione.

296 1907 568 1966 Ceterum
607 1928 811 1965 omnes
855 1906 1127 1987 Theologi
1154 1909 1217 1965 in
1259 1928 1328 1966 eo
1357 1909 1758 1982 conveniunt,
1797 1919 1865 1966 ut
1902 1907 2199 1966 affirment
2222 1951 2239 1979 ‚
2287 1928 2418 1966 eam

295 2002 610 2061 consistere
638 2002 700 2059 in
735 2001 929 2062 verbis
955 2001 1068 2060 illis
1098 2023 1111 2059 z
1143 2002 1271 2079 qu
1305 2003 1665 2060 te‘absolvoa
1677 2005 1941 2081 peccatis
1970 2006 2093 2059 tuis
2118 2001 2227 2082 (3).
2255 2003 2414 2061 Prae-

293 2095 616 2157 scindendo
668 2118 701 2155 a
748 2097 998 2178 positivo
1046 2095 1313 2157 Ecclesiae
1343 2106 1674 2178 praecept0‚
1731 2095 1977 2178 perinde
2025 2116 2147 2154 esse
2187 2094 2419 2156 videtur

305 2192 502 2274 quoad
532 2197 653 2270 ejus
685 2191 1074 2251 substantiam
1096 2237 1112 2267 .,
1146 2203 1351 2252 utrum
1379 2213 1452 2251 ex
1487 2192 1747 2251 oratione
1780 2192 2116 2251 indicativa
2138 2235 2162 2264 ,
2208 2213 2284 2250 an
2321 2192 2423 2250 de-

298 2292 614 2367 precativa
647 2288 1031 2368 exprimatur.
1076 2286 1456 2368 Exploratum
1487 2287 1648 2346 enim
1691 2298 1781 2347 est
1814 2307 1885 2346 ex
1917 2286 2247 2346 certissimis
2279 2287 2426 2345 anti·

309 2382 548 2463 quitatis
565 2381 958 2457 documentiS.¹
987 2403 1095 2464 per
1113 2382 1283 2464 plura
1307 2382 1498 2442 secula
1515 2403 1637 2442 non
1661 2381 1836 2441 aliam
1862 2381 2182 2441 obtinuisse
2231 2382 2292 2439 in
2320 2382 2427 2441 Ec-

308 2475 480 2536 clesia
528 2477 732 2536 Latina
786 2477 900 2537 nisi
933 2478 1184 2538 formam
1236 2477 1688 2560 deprecatoriam
1710 2521 1727 2552 ‚
1763 2477 1856 2536 cui
1878 2477 2073 2559 paucis
2107 2477 2274 2534 annis
2291 2485 2427 2534 ante

304 2571 363 2629 S.
409 2569 698 2630 Thomam
736 2572 1009 2632 successit
1043 2572 1231 2632 forma
1271 2571 1586 2634 indicativa
1632 2571 1757 2652 (4);
1795 2570 1986 2631 adhuc
2023 2589 2161 2631 vero
2196 2571 2258 2628 in
2305 2571 2414 2628 Ec-

307 2663 480 2723 clesia
517 2667 710 2725 Graeca
734 2667 985 2726 formam
1009 2666 1469 2748 deprecatoriam
1499 2667 1807 2742 obtinere,
1847 2666 2166 2726 certissime
2206 2665 2427 2746 pariter

307 2749 537 2819 constat
565 2781 637 2819 ex
675 2782 880 2821 eorum
923 2760 1281 2842 Euchologiis
1326 2762 1486 2845 apud
1520 2763 1797 2823 Goarium
1822 2771 1881 2821 et
1903 2762 2011 2820 Arc
2023 2759 2227 2819 udium
2252 2758 2426 2818 alios-

314 2872 428 2939 que
470 2855 686 2936 passim
710 2853 824 2936 (5).

375 3075 438 3141 (1)
475 3077 592 3128 Inlv
622 3076 830 3128 Sem-d.
866 3077 958 3140 15,
990 3077 1103 3146 §2‚
1139 3082 1190 3128 in
1205 3094 1325 3145 resp.
1412 3080 1653 3144 pertinere.
1689 3076 1810 3126 Sunt
1839 3077 1963 3125 enim
1981 3076 2063 3140 qui
2081 3083 2300 3134 censent,
2331 3091 2427 3121 non

310 3160 372 3209 ad
405 3161 496 3210 ult.
1410 3163 1641 3227 pertinere
1681 3161 1741 3208 ad
1799 3160 2043 3208 essentiam
2094 3172 2255 3205 vocem
2294 3170 2375 3220 eqo
2409 3191 2423 3214 ‚

378 3241 453 3305 (2)
487 3242 543 3290 In
574 3251 706 3291 tract.
742 3242 823 3292 De
850 3243 1037 3294 Paenit.
1084 3253 1201 3310 part.
1235 3258 1323 3305 111,
1409 3243 1487 3292 alii
1546 3242 1686 3292 verba
1737 3240 2066 3306 subsequentia
2117 3253 2148 3283 a
2205 3237 2419 3303 peccatis

313 3321 437 3372 thes.
468 3339 537 3372 vu
566 3359 580 3384 ‚
602 3324 685 3372 ubi
719 3325 821 3375 fuse
854 3327 912 3376 de
936 3328 1025 3376 hoc
1052 3336 1321 3393 argumento
1407 3326 1527 3374 tuis.
1572 3323 1642 3373 De
1692 3324 1764 3372 his
1818 3321 1997 3370 consuli
2036 3328 2256 3385 poterunt
2291 3318 2424 3367 scho-

309 3403 509 3454 disserit.
655 3410 659 3413 '
1116 3426 1123 3430 ’
1402 3403 1570 3456 lastici.

380 3485 452 3549 (8)
485 3485 610 3534 Dum
632 3485 861 3547 dicimus,
903 3489 1101 3538 formam
1134 3491 1185 3537 in
1231 3489 1318 3536 ad·
1473 3489 1538 3552 (4)
1579 3487 1675 3535 Cfr.
1697 3485 1749 3535 S.
1770 3486 1960 3534 Thomae
1978 3480 2281 3550 opusculum
2302 3497 2421 3539 xxn,

306 3567 457 3616 ductis
493 3568 644 3619 verbis
681 3571 925 3618 consistere
946 3605 962 3631 ,
993 3571 1231 3637 loquimur
1259 3571 1318 3619 de
1399 3585 1510 3634 cap.
1551 3567 1602 3629 5,
1650 3584 1704 3616 ex
1742 3585 1836 3634 quo
1880 3567 1929 3615 id
1962 3583 2059 3614 non
2098 3564 2290 3612 obscure
2320 3561 2420 3610 col-

306 3649 562 3700 substantia
597 3653 695 3716 ipsa
737 3669 818 3701 seu
858 3669 1016 3701 sensu.
1060 3651 1156 3701 Nec
1189 3653 1314 3701 enim
1396 3651 1575 3716 ligitur.

304 3732 641 3793 contendimus,
657 3734 836 3798 singula
849 3733 986 3785 verba
1001 3734 1059 3783 ad
1071 3735 1311 3783 essentiam
1463 3731 1539 3795 (ὃ)1
1560 3730 1665 3781 Cfr.
1699 3729 1841 3779 Goar.
1883 3728 1930 3777 E
1932 3725 2145 3791 ucholoq.
2175 3743 2281 3791 pag.
2302 3722 2422 3790 676.
