<?xml version="1.0" encoding="UTF-8"?>
<!DOCTYPE html PUBLIC "-//W3C//DTD XHTML 1.0 Transitional//EN"
    "http://www.w3.org/TR/xhtml1/DTD/xhtml1-transitional.dtd">
<html xmlns="http://www.w3.org/1999/xhtml" xml:lang="en" lang="en">
 <head>
  <title>
</title>
<meta http-equiv="Content-Type" content="text/html;charset=utf-8" />
  <meta name='ocr-system' content='tesseract 3.04.00' />
  <meta name='ocr-capabilities' content='ocr_page ocr_carea ocr_par ocr_line ocrx_word'/>
</head>
<body>
  <div class='ocr_page' id='page_1' title='image "a603693806perruoft_0052.png"; bbox 0 0 2502 4186; ppageno 0'>
   <div class='ocr_carea' id='block_1_1' title="bbox 327 245 405 304">
    <p class='ocr_par' dir='ltr' id='par_1_1' title="bbox 327 245 405 304">
     <span class='ocr_line' id='line_1_1' title="bbox 327 245 405 304; baseline 0.013 -1"><span class='ocrx_word' id='word_1_1' title='bbox 327 245 405 304; x_wconf 77' lang='lat'><strong>44</strong></span> 
     </span>
    </p>
   </div>
   <div class='ocr_carea' id='block_1_2' title="bbox 995 269 1764 313">
    <p class='ocr_par' dir='ltr' id='par_1_2' title="bbox 995 269 1764 313">
     <span class='ocr_line' id='line_1_2' title="bbox 995 269 1764 313; baseline 0.008 -6"><span class='ocrx_word' id='word_1_2' title='bbox 995 269 1319 307; x_wconf 75' lang='lat' dir='ltr'>TRACTATUS</span> <span class='ocrx_word' id='word_1_3' title='bbox 1363 269 1432 308; x_wconf 78' lang='lat' dir='ltr'><strong>DE</strong></span> <span class='ocrx_word' id='word_1_4' title='bbox 1473 272 1742 313; x_wconf 75' lang='lat' dir='ltr'><strong>BAP&#39;rlsMO</strong></span> <span class='ocrx_word' id='word_1_5' title='bbox 1751 300 1764 312; x_wconf 82' lang='lat'><strong>·</strong></span> 
     </span>
    </p>
   </div>
   <div class='ocr_carea' id='block_1_3' title="bbox 308 419 2428 1837">
    <p class='ocr_par' dir='ltr' id='par_1_3' title="bbox 319 419 2426 789">
     <span class='ocr_line' id='line_1_3' title="bbox 324 419 2426 514; baseline 0.007 -35"><span class='ocrx_word' id='word_1_6' title='bbox 324 419 574 497; x_wconf 55' lang='lat' dir='ltr'><strong>abusus.</strong></span> <span class='ocrx_word' id='word_1_7' title='bbox 618 423 691 480; x_wconf 83' lang='lat' dir='ltr'><strong>Vo</strong></span> <span class='ocrx_word' id='word_1_8' title='bbox 716 421 1039 503; x_wconf 72' lang='lat' dir='ltr'><strong>praesertim</strong></span> <span class='ocrx_word' id='word_1_9' title='bbox 1069 422 1260 482; x_wconf 89' lang='lat' dir='ltr'><strong>seculo</strong></span> <span class='ocrx_word' id='word_1_10' title='bbox 1290 468 1305 498; x_wconf 79' lang='grc'><em>,</em></span> <span class='ocrx_word' id='word_1_11' title='bbox 1334 423 1716 504; x_wconf 81' lang='lat' dir='ltr'><strong>protrahendi</strong></span> <span class='ocrx_word' id='word_1_12' title='bbox 1749 428 2108 508; x_wconf 88' lang='lat' dir='ltr'><strong>Baptismum</strong></span> <span class='ocrx_word' id='word_1_13' title='bbox 2145 454 2324 514; x_wconf 86' lang='lat' dir='ltr'><strong>usque</strong></span> <span class='ocrx_word' id='word_1_14' title='bbox 2351 433 2426 492; x_wconf 87' lang='lat' dir='ltr'><strong>ad</strong></span> 
     </span>
     <span class='ocr_line' id='line_1_4' title="bbox 323 513 2424 608; baseline 0.007 -36"><span class='ocrx_word' id='word_1_15' title='bbox 323 513 584 573; x_wconf 85' lang='lat' dir='ltr'><strong>adultam</strong></span> <span class='ocrx_word' id='word_1_16' title='bbox 614 525 715 572; x_wconf 87' lang='lat' dir='ltr'><strong>aut</strong></span> <span class='ocrx_word' id='word_1_17' title='bbox 731 535 920 573; x_wconf 87' lang='lat' dir='ltr'><strong>seram</strong></span> <span class='ocrx_word' id='word_1_18' title='bbox 946 525 1203 590; x_wconf 69' lang='lat' dir='ltr'><strong>aetatem,</strong></span> <span class='ocrx_word' id='word_1_19' title='bbox 1233 518 1582 600; x_wconf 87' lang='lat' dir='ltr'><strong>quandoque</strong></span> <span class='ocrx_word' id='word_1_20' title='bbox 1612 520 1787 578; x_wconf 90' lang='lat' dir='ltr'><strong>etiam</strong></span> <span class='ocrx_word' id='word_1_21' title='bbox 1808 521 1879 578; x_wconf 91' lang='lat' dir='ltr'><strong>ad</strong></span> <span class='ocrx_word' id='word_1_22' title='bbox 1907 534 2227 586; x_wconf 79' lang='lat' dir='ltr'><strong>extremam</strong></span> <span class='ocrx_word' id='word_1_23' title='bbox 2242 547 2424 608; x_wconf 89' lang='lat' dir='ltr'><strong>usque</strong></span> 
     </span>
     <span class='ocr_line' id='line_1_5' title="bbox 319 609 2423 702; baseline 0.006 -34"><span class='ocrx_word' id='word_1_24' title='bbox 319 610 453 668; x_wconf 88' lang='lat' dir='ltr'><strong>vitae</strong></span> <span class='ocrx_word' id='word_1_25' title='bbox 479 609 807 688; x_wconf 71' lang='lat' dir='ltr'><strong>periodum,</strong></span> <span class='ocrx_word' id='word_1_26' title='bbox 840 609 914 668; x_wconf 89' lang='lat' dir='ltr'><strong>ob</strong></span> <span class='ocrx_word' id='word_1_27' title='bbox 948 613 1258 671; x_wconf 90' lang='lat' dir='ltr'><strong>recensitas</strong></span> <span class='ocrx_word' id='word_1_28' title='bbox 1283 634 1498 672; x_wconf 80' lang='lat' dir='ltr'>causas,</span> <span class='ocrx_word' id='word_1_29' title='bbox 1529 615 1978 696; x_wconf 72' lang='lat' dir='ltr'><strong>Quem&#39;quidem</strong></span> <span class='ocrx_word' id='word_1_30' title='bbox 2004 617 2249 678; x_wconf 89' lang='lat' dir='ltr'><strong>abusum</strong></span> <span class='ocrx_word' id='word_1_31' title='bbox 2279 641 2423 702; x_wconf 80' lang='lat' dir='ltr'><strong>aegre</strong></span> 
     </span>
     <span class='ocr_line' id='line_1_6' title="bbox 319 704 2335 789; baseline 0.006 -29"><span class='ocrx_word' id='word_1_32' title='bbox 319 724 551 784; x_wconf 84' lang='lat' dir='ltr'><strong>semper</strong></span> <span class='ocrx_word' id='word_1_33' title='bbox 580 704 725 762; x_wconf 81' lang='lat' dir='ltr'><strong>tulit·</strong></span> <span class='ocrx_word' id='word_1_34' title='bbox 748 705 984 764; x_wconf 85' lang='lat' dir='ltr'><strong>Ecclesia</strong></span> <span class='ocrx_word' id='word_1_35' title='bbox 1005 751 1021 780; x_wconf 70' lang='lat'>‚</span> <span class='ocrx_word' id='word_1_36' title='bbox 1059 727 1123 765; x_wconf 89' lang='lat' dir='ltr'><strong>ac</strong></span> <span class='ocrx_word' id='word_1_37' title='bbox 1153 710 1351 766; x_wconf 83' lang='lat' dir='ltr'><strong>Patres</strong></span> <span class='ocrx_word' id='word_1_38' title='bbox 1373 708 1590 789; x_wconf 90' lang='lat' dir='ltr'><strong>passim</strong></span> <span class='ocrx_word' id='word_1_39' title='bbox 1617 710 1679 766; x_wconf 91' lang='lat' dir='ltr'><strong>in</strong></span> <span class='ocrx_word' id='word_1_40' title='bbox 1712 731 1845 769; x_wconf 89' lang='lat' dir='ltr'><strong>eum</strong></span> <span class='ocrx_word' id='word_1_41' title='bbox 1873 713 2335 772; x_wconf 84' lang='lat' dir='ltr'><strong>insurrexerunt.</strong></span> 
     </span>
    </p>

    <p class='ocr_par' dir='ltr' id='par_1_4' title="bbox 313 798 2428 1262">
     <span class='ocr_line' id='line_1_7' title="bbox 414 798 2420 890; baseline 0.006 -35"><span class='ocrx_word' id='word_1_42' title='bbox 414 798 553 857; x_wconf 89' lang='grc'><strong>100.</strong></span> <span class='ocrx_word' id='word_1_43' title='bbox 602 799 690 858; x_wconf 69' lang='grc' dir='ltr'><strong>Λᾶ</strong></span> <span class='ocrx_word' id='word_1_44' title='bbox 720 801 825 873; x_wconf 80' lang='lat'>2¹¹²,</span> <span class='ocrx_word' id='word_1_45' title='bbox 854 803 1011 861; x_wconf 68' lang='lat' dir='ltr'><strong>Dist.</strong></span> <span class='ocrx_word' id='word_1_46' title='bbox 1046 803 1122 859; x_wconf 90' lang='lat' dir='ltr'><strong>Ut</strong></span> <span class='ocrx_word' id='word_1_47' title='bbox 1150 803 1390 862; x_wconf 87' lang='lat' dir='ltr'><strong>suadeat</strong></span> <span class='ocrx_word' id='word_1_48' title='bbox 1421 804 1708 882; x_wconf 83' lang='lat' dir='ltr'><strong>genitricis</strong></span> <span class='ocrx_word' id='word_1_49' title='bbox 1733 805 1906 864; x_wconf 89' lang='lat' dir='ltr'><strong>fidem</strong></span> <span class='ocrx_word' id='word_1_50' title='bbox 1938 819 1996 866; x_wconf 85' lang='lat' dir='ltr'><strong>et</strong></span> <span class='ocrx_word' id='word_1_51' title='bbox 2017 810 2306 890; x_wconf 86' lang='lat' dir='ltr'><strong>Baptisma</strong></span> <span class='ocrx_word' id='word_1_52' title='bbox 2325 809 2420 866; x_wconf 81' lang='lat' dir='ltr'><strong>in·-</strong></span> 
     </span>
     <span class='ocr_line' id='line_1_8' title="bbox 316 891 2420 979; baseline 0.007 -30"><span class='ocrx_word' id='word_1_53' title='bbox 316 891 656 952; x_wconf 88' lang='lat' dir='ltr'><strong>fantibus-in</strong></span> <span class='ocrx_word' id='word_1_54' title='bbox 690 906 856 952; x_wconf 86' lang='lat' dir='ltr'><strong>utero</strong></span> <span class='ocrx_word' id='word_1_55' title='bbox 897 895 1366 955; x_wconf 82' lang='lat' dir='ltr'><strong>delitescentibus</strong></span> <span class='ocrx_word' id='word_1_56' title='bbox 1404 920 1524 956; x_wconf 89' lang='lat' dir='ltr'><strong>non</strong></span> <span class='ocrx_word' id='word_1_57' title='bbox 1559 899 1829 979; x_wconf 82' lang='lat' dir='ltr'><strong>prodesse</strong></span> <span class='ocrx_word' id='word_1_58' title='bbox 1851 946 1866 974; x_wconf 66' lang='lat'>‚</span> <span class='ocrx_word' id='word_1_59' title='bbox 1895 923 2099 970; x_wconf 83' lang='lat' dir='ltr'><strong>conc.,·</strong></span> <span class='ocrx_word' id='word_1_60' title='bbox 2135 905 2195 962; x_wconf 91' lang='lat' dir='ltr'><strong>in</strong></span> <span class='ocrx_word' id='word_1_61' title='bbox 2229 903 2420 963; x_wconf 88' lang='lat' dir='ltr'><strong>lucem</strong></span> 
     </span>
     <span class='ocr_line' id='line_1_9' title="bbox 315 987 2425 1079; baseline 0.005 -33"><span class='ocrx_word' id='word_1_62' title='bbox 315 987 483 1046; x_wconf 83' lang='lat' dir='ltr'><strong>editis</strong></span> <span class='ocrx_word' id='word_1_63' title='bbox 511 1010 615 1070; x_wconf 92' lang='lat' dir='ltr'><strong>per</strong></span> <span class='ocrx_word' id='word_1_64' title='bbox 645 989 1012 1048; x_wconf 86' lang='lat' dir='ltr'><strong>collationem</strong></span> <span class='ocrx_word' id='word_1_65' title='bbox 1042 993 1352 1072; x_wconf 66' lang='lat' dir='ltr'><strong>Baptismi‚</strong></span> <span class='ocrx_word' id='word_1_66' title='bbox 1379 1015 1505 1073; x_wconf 69' lang='lat' dir='ltr'><strong>neq.</strong></span> <span class='ocrx_word' id='word_1_67' title='bbox 1542 995 1814 1053; x_wconf 90' lang='lat' dir='ltr'><strong>Ceterum</strong></span> <span class='ocrx_word' id='word_1_68' title='bbox 1845 997 2107 1074; x_wconf 90' lang='lat' dir='ltr'><strong>ejusdem</strong></span> <span class='ocrx_word' id='word_1_69' title='bbox 2150 999 2425 1079; x_wconf 89' lang='lat' dir='ltr'><strong>ponderis</strong></span> 
     </span>
     <span class='ocr_line' id='line_1_10' title="bbox 313 1085 2428 1175; baseline 0.005 -35"><span class='ocrx_word' id='word_1_70' title='bbox 313 1102 435 1140; x_wconf 90' lang='lat' dir='ltr'><strong>non</strong></span> <span class='ocrx_word' id='word_1_71' title='bbox 478 1095 616 1147; x_wconf 83' lang='lat' dir='ltr'><strong>sunt</strong></span> <span class='ocrx_word' id='word_1_72' title='bbox 646 1086 923 1144; x_wconf 37' lang='lat' dir='ltr'><strong>*rationes</strong></span> <span class='ocrx_word' id='word_1_73' title='bbox 965 1085 1026 1142; x_wconf 91' lang='lat' dir='ltr'><strong>in</strong></span> <span class='ocrx_word' id='word_1_74' title='bbox 1070 1086 1387 1146; x_wconf 88' lang='lat' dir='ltr'><strong>canonibus</strong></span> <span class='ocrx_word' id='word_1_75' title='bbox 1426 1100 1717 1170; x_wconf 79' lang='lat' dir='ltr'><strong>usurpatae</strong></span> <span class='ocrx_word' id='word_1_76' title='bbox 1766 1111 1830 1148; x_wconf 89' lang='lat' dir='ltr'><strong>ac</strong></span> <span class='ocrx_word' id='word_1_77' title='bbox 1868 1111 2115 1152; x_wconf 91' lang='lat' dir='ltr'><strong>canones</strong></span> <span class='ocrx_word' id='word_1_78' title='bbox 2151 1095 2261 1175; x_wconf 91' lang='lat' dir='ltr'><strong>ipsi</strong></span> <span class='ocrx_word' id='word_1_79' title='bbox 2295 1139 2309 1169; x_wconf 61' lang='lat'><em>7</em></span> <span class='ocrx_word' id='word_1_80' title='bbox 2361 1104 2428 1151; x_wconf 86' lang='lat' dir='ltr'><strong>ut:</strong></span> 
     </span>
     <span class='ocr_line' id='line_1_11' title="bbox 315 1177 1354 1262; baseline 0.004 -25"><span class='ocrx_word' id='word_1_81' title='bbox 315 1177 572 1259; x_wconf 77' lang='lat' dir='ltr'><strong>theologi</strong></span> <span class='ocrx_word' id='word_1_82' title='bbox 601 1202 703 1238; x_wconf 89' lang='lat' dir='ltr'><strong>suo</strong></span> <span class='ocrx_word' id='word_1_83' title='bbox 730 1179 856 1239; x_wconf 95' lang='lat' dir='ltr'><strong>loco</strong></span> <span class='ocrx_word' id='word_1_84' title='bbox 891 1181 1212 1241; x_wconf 85' lang='lat' dir='ltr'><strong>ostendunt</strong></span> <span class='ocrx_word' id='word_1_85' title='bbox 1245 1184 1354 1262; x_wconf 89' lang='lat' dir='ltr'><strong>(l).</strong></span> 
     </span>
    </p>

    <p class='ocr_par' dir='ltr' id='par_1_5' title="bbox 308 1274 2427 1837">
     <span class='ocr_line' id='line_1_12' title="bbox 402 1274 2427 1356; baseline 0.005 -24"><span class='ocrx_word' id='word_1_86' title='bbox 402 1274 538 1332; x_wconf 89' lang='grc'><strong>101.</strong></span> <span class='ocrx_word' id='word_1_87' title='bbox 591 1274 679 1333; x_wconf 87' lang='lat' dir='ltr'><strong>Ad</strong></span> <span class='ocrx_word' id='word_1_88' title='bbox 725 1274 831 1347; x_wconf 68' lang='lat'>3¹¹¹,</span> <span class='ocrx_word' id='word_1_89' title='bbox 876 1277 1035 1334; x_wconf 75' lang='lat' dir='ltr'><strong>Disc.</strong></span> <span class='ocrx_word' id='word_1_90' title='bbox 1084 1278 1166 1334; x_wconf 78' lang='lat' dir='ltr'><strong>Ex</strong></span> <span class='ocrx_word' id='word_1_91' title='bbox 1202 1278 1478 1356; x_wconf 79' lang='lat' dir='ltr'><strong>singulari</strong></span> <span class='ocrx_word' id='word_1_92' title='bbox 1509 1280 1748 1340; x_wconf 91' lang='lat' dir='ltr'><strong>istorum</strong></span> <span class='ocrx_word' id='word_1_93' title='bbox 1774 1283 2012 1340; x_wconf 90' lang='lat' dir='ltr'><strong>Patrum</strong></span> <span class='ocrx_word' id='word_1_94' title='bbox 2047 1285 2335 1342; x_wconf 90' lang='lat' dir='ltr'><strong>sententia</strong></span> <span class='ocrx_word' id='word_1_95' title='bbox 2368 1295 2427 1342; x_wconf 82' lang='lat' dir='ltr'><strong>et</strong></span> 
     </span>
     <span class='ocr_line' id='line_1_13' title="bbox 312 1359 2425 1458; baseline 0.005 -31"><span class='ocrx_word' id='word_1_96' title='bbox 312 1369 450 1427; x_wconf 89' lang='lat' dir='ltr'><strong>citra</strong></span> <span class='ocrx_word' id='word_1_97' title='bbox 486 1359 688 1425; x_wconf 85' lang='lat' dir='ltr'><strong>mortis</strong></span> <span class='ocrx_word' id='word_1_98' title='bbox 729 1367 1098 1448; x_wconf 60' lang='lat' dir='ltr'><strong>periculum5</strong></span> <span class='ocrx_word' id='word_1_99' title='bbox 1135 1391 1325 1438; x_wconf 74' lang='lat' dir='ltr'><strong>cono.,·</strong></span> <span class='ocrx_word' id='word_1_100' title='bbox 1359 1393 1556 1445; x_wconf 87' lang='lat' dir='ltr'><strong>secus,</strong></span> <span class='ocrx_word' id='word_1_101' title='bbox 1598 1397 1726 1454; x_wconf 70' lang='lat' dir='ltr'><strong>neq.</strong></span> <span class='ocrx_word' id='word_1_102' title='bbox 1769 1376 1950 1434; x_wconf 89' lang='lat' dir='ltr'><strong>Unius</strong></span> <span class='ocrx_word' id='word_1_103' title='bbox 1991 1399 2163 1458; x_wconf 91' lang='lat' dir='ltr'><strong>porro</strong></span> <span class='ocrx_word' id='word_1_104' title='bbox 2201 1390 2299 1436; x_wconf 86' lang='lat' dir='ltr'><strong>aut</strong></span> <span class='ocrx_word' id='word_1_105' title='bbox 2336 1378 2425 1437; x_wconf 89' lang='lat' dir='ltr'><strong>al-</strong></span> 
     </span>
     <span class='ocr_line' id='line_1_14' title="bbox 310 1463 2425 1544; baseline 0.006 -24"><span class='ocrx_word' id='word_1_106' title='bbox 310 1463 489 1522; x_wconf 87' lang='lat' dir='ltr'><strong>terius</strong></span> <span class='ocrx_word' id='word_1_107' title='bbox 533 1464 794 1522; x_wconf 89' lang='lat' dir='ltr'><strong>Doctoris</strong></span> <span class='ocrx_word' id='word_1_108' title='bbox 833 1474 892 1522; x_wconf 89' lang='lat' dir='ltr'><strong>et</strong></span> <span class='ocrx_word' id='word_1_109' title='bbox 932 1465 1115 1522; x_wconf 91' lang='lat' dir='ltr'><strong>Patris</strong></span> <span class='ocrx_word' id='word_1_110' title='bbox 1159 1466 1472 1544; x_wconf 83' lang='lat' dir='ltr'><strong>cogitatum</strong></span> <span class='ocrx_word' id='word_1_111' title='bbox 1511 1490 1633 1527; x_wconf 90' lang='lat' dir='ltr'><strong>non</strong></span> <span class='ocrx_word' id='word_1_112' title='bbox 1673 1491 1794 1529; x_wconf 90' lang='lat' dir='ltr'><strong>esse</strong></span> <span class='ocrx_word' id='word_1_113' title='bbox 1833 1471 2065 1531; x_wconf 88' lang='lat' dir='ltr'><strong>decreto</strong></span> <span class='ocrx_word' id='word_1_114' title='bbox 2105 1475 2281 1532; x_wconf 87' lang='lat' dir='ltr'><strong>totius</strong></span> <span class='ocrx_word' id='word_1_115' title='bbox 2319 1474 2425 1532; x_wconf 87' lang='lat' dir='ltr'><strong>Ec-</strong></span> 
     </span>
     <span class='ocr_line' id='line_1_15' title="bbox 310 1549 2425 1637; baseline 0.005 -22"><span class='ocrx_word' id='word_1_116' title='bbox 310 1555 497 1616; x_wconf 89' lang='lat' dir='ltr'><strong>clesiae</strong></span> <span class='ocrx_word' id='word_1_117' title='bbox 542 1549 1009 1637; x_wconf 73' lang='lat' dir='ltr'><strong>praeferendum,</strong></span> <span class='ocrx_word' id='word_1_118' title='bbox 1059 1561 1290 1618; x_wconf 82' lang='lat' dir='ltr'><strong>monuit</strong></span> <span class='ocrx_word' id='word_1_119' title='bbox 1329 1560 1437 1620; x_wconf 90' lang='lat' dir='ltr'><strong>hac</strong></span> <span class='ocrx_word' id='word_1_120' title='bbox 1468 1562 1527 1619; x_wconf 91' lang='lat' dir='ltr'><strong>in</strong></span> <span class='ocrx_word' id='word_1_121' title='bbox 1565 1585 1627 1622; x_wconf 90' lang='lat' dir='ltr'><strong>re</strong></span> <span class='ocrx_word' id='word_1_122' title='bbox 1665 1585 1735 1623; x_wconf 85' lang='lat' dir='ltr'><strong>ex</strong></span> <span class='ocrx_word' id='word_1_123' title='bbox 1778 1566 2064 1625; x_wconf 85' lang='lat' dir='ltr'><strong>Vincentii</strong></span> <span class='ocrx_word' id='word_1_124' title='bbox 2115 1568 2425 1627; x_wconf 84' lang='lat' dir='ltr'><strong>Lirinensis</strong></span> 
     </span>
     <span class='ocr_line' id='line_1_16' title="bbox 310 1652 2421 1741; baseline 0.003 -29"><span class='ocrx_word' id='word_1_125' title='bbox 310 1652 483 1712; x_wconf 86' lang='lat' dir='ltr'><strong>effato</strong></span> <span class='ocrx_word' id='word_1_126' title='bbox 534 1654 656 1731; x_wconf 89' lang='lat' dir='ltr'><strong>ipse</strong></span> <span class='ocrx_word' id='word_1_127' title='bbox 700 1653 989 1713; x_wconf 89' lang='lat' dir='ltr'><strong>Gerardus</strong></span> <span class='ocrx_word' id='word_1_128' title='bbox 1040 1656 1265 1713; x_wconf 90' lang='lat' dir='ltr'><strong>Vossius</strong></span> <span class='ocrx_word' id='word_1_129' title='bbox 1294 1701 1310 1731; x_wconf 64' lang='lat'>7</span> <span class='ocrx_word' id='word_1_130' title='bbox 1381 1661 1644 1738; x_wconf 91' lang='lat' dir='ltr'><strong>quamvis</strong></span> <span class='ocrx_word' id='word_1_131' title='bbox 1693 1658 2115 1736; x_wconf 75' lang='lat' dir='ltr'><strong>heterodoqu</strong></span> <span class='ocrx_word' id='word_1_132' title='bbox 2164 1662 2421 1741; x_wconf 83' lang='lat' dir='ltr'><strong>allegatis</strong></span> 
     </span>
     <span class='ocr_line' id='line_1_17' title="bbox 308 1752 2424 1837; baseline 0.004 -29"><span class='ocrx_word' id='word_1_133' title='bbox 308 1753 468 1832; x_wconf 89' lang='lat' dir='ltr'><strong>prius</strong></span> <span class='ocrx_word' id='word_1_134' title='bbox 519 1753 757 1810; x_wconf 89' lang='lat' dir='ltr'><strong>Patrum</strong></span> <span class='ocrx_word' id='word_1_135' title='bbox 806 1752 1071 1811; x_wconf 87' lang='lat' dir='ltr'><strong>omnium</strong></span> <span class='ocrx_word' id='word_1_136' title='bbox 1117 1753 1768 1837; x_wconf 81' lang='lat' dir='ltr'><strong>antiquissimorumque</strong></span> <span class='ocrx_word' id='word_1_137' title='bbox 1821 1757 2210 1816; x_wconf 88' lang='lat' dir='ltr'><strong>Conciliorum</strong></span> <span class='ocrx_word' id='word_1_138' title='bbox 2256 1758 2424 1817; x_wconf 84' lang='lat' dir='ltr'><strong>testi-</strong></span> 
     </span>
    </p>
   </div>
   <div class='ocr_carea' id='block_1_4' title="bbox 293 2025 1324 3789">
    <p class='ocr_par' dir='ltr' id='par_1_6' title="bbox 293 2025 1324 3789">
     <span class='ocr_line' id='line_1_18' title="bbox 305 2025 1324 2090; baseline 0.004 -17"><span class='ocrx_word' id='word_1_139' title='bbox 305 2027 443 2090; x_wconf 77' lang='lat' dir='ltr'><strong>rique</strong></span> <span class='ocrx_word' id='word_1_140' title='bbox 455 2025 514 2074; x_wconf 85' lang='lat' dir='ltr'><strong>ab</strong></span> <span class='ocrx_word' id='word_1_141' title='bbox 531 2028 665 2075; x_wconf 78' lang='lat' dir='ltr'><strong>omni</strong></span> <span class='ocrx_word' id='word_1_142' title='bbox 679 2043 775 2076; x_wconf 84' lang='lat' dir='ltr'><strong>oevo</strong></span> <span class='ocrx_word' id='word_1_143' title='bbox 790 2028 854 2075; x_wconf 86' lang='lat' dir='ltr'><strong>ad</strong></span> <span class='ocrx_word' id='word_1_144' title='bbox 865 2027 994 2076; x_wconf 77' lang='lat' dir='ltr'><strong>hunc</strong></span> <span class='ocrx_word' id='word_1_145' title='bbox 1009 2029 1135 2076; x_wconf 81' lang='lat' dir='ltr'><strong>diem</strong></span> <span class='ocrx_word' id='word_1_146' title='bbox 1149 2046 1324 2077; x_wconf 84' lang='lat' dir='ltr'><strong>morem</strong></span> 
     </span>
     <span class='ocr_line' id='line_1_19' title="bbox 306 2109 1324 2177; baseline 0.003 -21"><span class='ocrx_word' id='word_1_147' title='bbox 306 2117 499 2156; x_wconf 74' lang='lat' dir='ltr'><strong>servant</strong></span> <span class='ocrx_word' id='word_1_148' title='bbox 538 2110 792 2175; x_wconf 79' lang='lat' dir='ltr'><strong>differendi</strong></span> <span class='ocrx_word' id='word_1_149' title='bbox 827 2111 1143 2175; x_wconf 79' lang='lat' dir='ltr'><strong>parvulorum</strong></span> <span class='ocrx_word' id='word_1_150' title='bbox 1190 2109 1324 2177; x_wconf 83' lang='lat' dir='ltr'><strong>Bap-</strong></span> 
     </span>
     <span class='ocr_line' id='line_1_20' title="bbox 304 2191 1318 2256; baseline 0.004 -20"><span class='ocrx_word' id='word_1_151' title='bbox 304 2191 501 2238; x_wconf 81' lang='lat' dir='ltr'><strong>tismum</strong></span> <span class='ocrx_word' id='word_1_152' title='bbox 519 2228 533 2253; x_wconf 92' lang='lat'>‚</span> <span class='ocrx_word' id='word_1_153' title='bbox 552 2191 711 2239; x_wconf 74' lang='lat' dir='ltr'><strong>&#39;donec</strong></span> <span class='ocrx_word' id='word_1_154' title='bbox 741 2193 838 2256; x_wconf 77' lang='lat' dir='ltr'><strong>ipsi</strong></span> <span class='ocrx_word' id='word_1_155' title='bbox 855 2193 970 2256; x_wconf 81' lang='lat' dir='ltr'><strong>fidei</strong></span> <span class='ocrx_word' id='word_1_156' title='bbox 1000 2210 1100 2241; x_wconf 78' lang='lat' dir='ltr'><strong>suae</strong></span> <span class='ocrx_word' id='word_1_157' title='bbox 1134 2193 1318 2256; x_wconf 78' lang='lat' dir='ltr'><strong>coufes-</strong></span> 
     </span>
     <span class='ocr_line' id='line_1_21' title="bbox 302 2273 1319 2339; baseline 0.005 -22"><span class='ocrx_word' id='word_1_158' title='bbox 302 2273 483 2318; x_wconf 79' lang='lat' dir='ltr'><strong>sionem</strong></span> <span class='ocrx_word' id='word_1_159' title='bbox 491 2273 839 2337; x_wconf 80' lang='lat' dir='ltr'><strong>possintedere.</strong></span> <span class='ocrx_word' id='word_1_160' title='bbox 852 2274 1033 2322; x_wconf 83' lang='lat' dir='ltr'><strong>Etenim</strong></span> <span class='ocrx_word' id='word_1_161' title='bbox 1054 2278 1150 2339; x_wconf 89' lang='lat' dir='ltr'><strong>ipso</strong></span> <span class='ocrx_word' id='word_1_162' title='bbox 1166 2273 1319 2322; x_wconf 85' lang='lat' dir='ltr'><strong>Grotio</strong></span> 
     </span>
     <span class='ocr_line' id='line_1_22' title="bbox 304 2353 1318 2419; baseline 0.002 -20"><span class='ocrx_word' id='word_1_163' title='bbox 304 2370 401 2400; x_wconf 82' lang='lat' dir='ltr'><strong>non</strong></span> <span class='ocrx_word' id='word_1_164' title='bbox 425 2353 666 2412; x_wconf 82' lang='lat' dir='ltr'><strong>diffitente,</strong></span> <span class='ocrx_word' id='word_1_165' title='bbox 690 2354 1064 2401; x_wconf 75' lang='lat' dir='ltr'><strong>Constitutiones</strong></span> <span class='ocrx_word' id='word_1_166' title='bbox 1091 2357 1318 2419; x_wconf 89' lang='lat' dir='ltr'><strong>antiquis-</strong></span> 
     </span>
     <span class='ocr_line' id='line_1_23' title="bbox 303 2434 1318 2499; baseline 0.002 -18"><span class='ocrx_word' id='word_1_167' title='bbox 303 2436 438 2481; x_wconf 84' lang='lat' dir='ltr'><strong>simae</strong></span> <span class='ocrx_word' id='word_1_168' title='bbox 460 2434 742 2499; x_wconf 80' lang='lat' dir='ltr'><strong>Apostolicae</strong></span> <span class='ocrx_word' id='word_1_169' title='bbox 757 2438 816 2483; x_wconf 89' lang='lat' dir='ltr'><strong>ita</strong></span> <span class='ocrx_word' id='word_1_170' title='bbox 835 2435 1133 2499; x_wconf 83' lang='lat' dir='ltr'><strong>praescribunt</strong></span> <span class='ocrx_word' id='word_1_171' title='bbox 1158 2453 1171 2482; x_wconf 74' lang='grc' dir='ltr'>ε</span> <span class='ocrx_word' id='word_1_172' title='bbox 1191 2447 1318 2483; x_wconf 72' lang='lat' dir='ltr'><strong>Bom-</strong></span> 
     </span>
     <span class='ocr_line' id='line_1_24' title="bbox 301 2513 1317 2579; baseline 0.002 -16"><span class='ocrx_word' id='word_1_173' title='bbox 301 2513 454 2579; x_wconf 67' lang='grc' dir='ltr'><strong>τῖζηε</strong></span> <span class='ocrx_word' id='word_1_174' title='bbox 507 2514 562 2564; x_wconf 56' lang='grc' dir='ltr'><strong>δὲ</strong></span> <span class='ocrx_word' id='word_1_175' title='bbox 606 2518 719 2579; x_wconf 70' lang='grc' dir='ltr'><strong>ὁμὸν</strong></span> <span class='ocrx_word' id='word_1_176' title='bbox 766 2513 842 2564; x_wconf 63' lang='grc' dir='ltr'><strong>καὶ</strong></span> <span class='ocrx_word' id='word_1_177' title='bbox 891 2514 952 2565; x_wconf 72' lang='grc' dir='ltr'><strong>τοὶ</strong></span> <span class='ocrx_word' id='word_1_178' title='bbox 994 2516 1125 2571; x_wconf 69' lang='grc' dir='ltr'><strong>νήπιοι</strong></span> <span class='ocrx_word' id='word_1_179' title='bbox 1165 2556 1179 2579; x_wconf 84' lang='lat'>‚</span> <span class='ocrx_word' id='word_1_180' title='bbox 1239 2514 1317 2565; x_wconf 63' lang='lat' dir='ltr'><strong>xa)</strong></span> 
     </span>
     <span class='ocr_line' id='line_1_25' title="bbox 305 2594 1318 2665; baseline 0.002 -20"><span class='ocrx_word' id='word_1_181' title='bbox 305 2594 538 2663; x_wconf 70' lang='grc' dir='ltr'>ἐκτρέφετε</span> <span class='ocrx_word' id='word_1_182' title='bbox 570 2595 686 2646; x_wconf 61' lang='grc' dir='ltr'><strong>«εὖτ-οὶ</strong></span> <span class='ocrx_word' id='word_1_183' title='bbox 722 2600 756 2647; x_wconf 74' lang='grc' dir='ltr'><strong>ἔν</strong></span> <span class='ocrx_word' id='word_1_184' title='bbox 782 2596 973 2665; x_wconf 58' lang='grc' dir='ltr'><strong>παιδείᾳ</strong></span> <span class='ocrx_word' id='word_1_185' title='bbox 1001 2597 1083 2647; x_wconf 67' lang='grc' dir='ltr'><strong>καί</strong></span> <span class='ocrx_word' id='word_1_186' title='bbox 1108 2602 1318 2663; x_wconf 59' lang='lat' dir='ltr'><strong>mosea-{52</strong></span> 
     </span>
     <span class='ocr_line' id='line_1_26' title="bbox 302 2678 1314 2745; baseline -0.001 -17"><span class='ocrx_word' id='word_1_187' title='bbox 302 2684 417 2728; x_wconf 79' lang='grc' dir='ltr'>Θεοῦ·</span> <span class='ocrx_word' id='word_1_188' title='bbox 422 2717 430 2726; x_wconf 91' lang='grc'><strong>.</strong></span> <span class='ocrx_word' id='word_1_189' title='bbox 447 2678 700 2744; x_wconf 83' lang='lat' dir='ltr'><strong>Baptizate</strong></span> <span class='ocrx_word' id='word_1_190' title='bbox 715 2683 859 2727; x_wconf 74' lang='lat' dir='ltr'><strong>etlam</strong></span> <span class='ocrx_word' id='word_1_191' title='bbox 884 2679 1107 2745; x_wconf 76' lang='lat' dir='ltr'><strong>parvulos</strong></span> <span class='ocrx_word' id='word_1_192' title='bbox 1125 2690 1314 2742; x_wconf 74' lang='lat' dir='ltr'><strong>vestros,</strong></span> 
     </span>
     <span class='ocr_line' id='line_1_27' title="bbox 300 2761 1318 2826; baseline 0.002 -18"><span class='ocrx_word' id='word_1_193' title='bbox 300 2769 345 2808; x_wconf 82' lang='lat' dir='ltr'><strong>et</strong></span> <span class='ocrx_word' id='word_1_194' title='bbox 382 2777 457 2808; x_wconf 79' lang='lat' dir='ltr'><strong>eos</strong></span> <span class='ocrx_word' id='word_1_195' title='bbox 488 2761 683 2808; x_wconf 79' lang='lat' dir='ltr'><strong>educate</strong></span> <span class='ocrx_word' id='word_1_196' title='bbox 730 2763 787 2808; x_wconf 81' lang='lat' dir='ltr'><strong>in</strong></span> <span class='ocrx_word' id='word_1_197' title='bbox 814 2761 937 2808; x_wconf 84' lang='lat' dir='ltr'><strong>bona</strong></span> <span class='ocrx_word' id='word_1_198' title='bbox 973 2761 1234 2826; x_wconf 75' lang='lat' dir='ltr'><strong>disciplina</strong></span> <span class='ocrx_word' id='word_1_199' title='bbox 1273 2771 1318 2810; x_wconf 84' lang='lat' dir='ltr'><strong>et</strong></span> 
     </span>
     <span class='ocr_line' id='line_1_28' title="bbox 293 2841 1315 2907; baseline 0.003 -19"><span class='ocrx_word' id='word_1_200' title='bbox 293 2842 546 2907; x_wconf 77' lang='lat' dir='ltr'><strong>praeceptis</strong></span> <span class='ocrx_word' id='word_1_201' title='bbox 585 2841 706 2890; x_wconf 75' lang='lat' dir='ltr'><strong>Dei.</strong></span> <span class='ocrx_word' id='word_1_202' title='bbox 745 2842 845 2890; x_wconf 88' lang='lat' dir='ltr'><strong>Lib.</strong></span> <span class='ocrx_word' id='word_1_203' title='bbox 879 2859 958 2901; x_wconf 78' lang='lat' dir='ltr'><strong>vl,</strong></span> <span class='ocrx_word' id='word_1_204' title='bbox 1004 2860 1102 2907; x_wconf 89' lang='lat' dir='ltr'><strong>cap.</strong></span> <span class='ocrx_word' id='word_1_205' title='bbox 1142 2842 1219 2891; x_wconf 89' lang='lat'><strong>15.</strong></span> <span class='ocrx_word' id='word_1_206' title='bbox 1260 2844 1315 2892; x_wconf 89' lang='lat' dir='ltr'><strong>In</strong></span> 
     </span>
     <span class='ocr_line' id='line_1_29' title="bbox 300 2923 1314 2988; baseline 0.003 -18"><span class='ocrx_word' id='word_1_207' title='bbox 300 2940 439 2988; x_wconf 88' lang='lat' dir='ltr'><strong>quem</strong></span> <span class='ocrx_word' id='word_1_208' title='bbox 479 2923 634 2970; x_wconf 88' lang='lat' dir='ltr'><strong>locum</strong></span> <span class='ocrx_word' id='word_1_209' title='bbox 668 2923 751 2971; x_wconf 86' lang='lat' dir='ltr'><strong>cfr.</strong></span> <span class='ocrx_word' id='word_1_210' title='bbox 779 2924 941 2973; x_wconf 85' lang='lat' dir='ltr'><strong>adnot.</strong></span> <span class='ocrx_word' id='word_1_211' title='bbox 972 2924 1204 2974; x_wconf 87' lang='lat' dir='ltr'><strong>Cotelerii.</strong></span> <span class='ocrx_word' id='word_1_212' title='bbox 1245 2925 1314 2973; x_wconf 86' lang='lat' dir='ltr'><strong>De</strong></span> 
     </span>
     <span class='ocr_line' id='line_1_30' title="bbox 298 3005 1310 3070; baseline 0.004 -19"><span class='ocrx_word' id='word_1_213' title='bbox 298 3005 660 3069; x_wconf 85' lang='lat' dir='ltr'><strong>paedobaptismo</strong></span> <span class='ocrx_word' id='word_1_214' title='bbox 717 3017 955 3070; x_wconf 83' lang='lat' dir='ltr'><strong>praeterea‚</strong></span> <span class='ocrx_word' id='word_1_215' title='bbox 996 3016 1048 3053; x_wconf 84' lang='lat' dir='ltr'><strong>ut</strong></span> <span class='ocrx_word' id='word_1_216' title='bbox 1078 3008 1310 3067; x_wconf 85' lang='lat' dir='ltr'><strong>vidimus,</strong></span> 
     </span>
     <span class='ocr_line' id='line_1_31' title="bbox 299 3085 1314 3154; baseline 0.002 -20"><span class='ocrx_word' id='word_1_217' title='bbox 299 3102 355 3134; x_wconf 86' lang='lat' dir='ltr'><strong>ex</strong></span> <span class='ocrx_word' id='word_1_218' title='bbox 387 3085 556 3135; x_wconf 79' lang='lat' dir='ltr'><strong>Graecis</strong></span> <span class='ocrx_word' id='word_1_219' title='bbox 581 3088 787 3154; x_wconf 88' lang='lat' dir='ltr'><strong>loquitur</strong></span> <span class='ocrx_word' id='word_1_220' title='bbox 817 3087 1040 3154; x_wconf 83' lang='lat' dir='ltr'><strong>Origenes</strong></span> <span class='ocrx_word' id='word_1_221' title='bbox 1061 3125 1074 3148; x_wconf 88' lang='lat'>‚</span> <span class='ocrx_word' id='word_1_222' title='bbox 1106 3088 1314 3153; x_wconf 85' lang='lat' dir='ltr'><strong>loquitur</strong></span> 
     </span>
     <span class='ocr_line' id='line_1_32' title="bbox 298 3167 1312 3235; baseline 0.001 -19"><span class='ocrx_word' id='word_1_223' title='bbox 298 3178 427 3216; x_wconf 85' lang='lat' dir='ltr'><strong>vetus</strong></span> <span class='ocrx_word' id='word_1_224' title='bbox 455 3180 613 3217; x_wconf 81' lang='lat' dir='ltr'><strong>auctor</strong></span> <span class='ocrx_word' id='word_1_225' title='bbox 656 3167 990 3232; x_wconf 79' lang='lat' dir='ltr'><strong>Quaestionum</strong></span> <span class='ocrx_word' id='word_1_226' title='bbox 1023 3178 1068 3218; x_wconf 76' lang='lat' dir='ltr'><strong>et</strong></span> <span class='ocrx_word' id='word_1_227' title='bbox 1098 3170 1312 3235; x_wconf 78' lang='lat' dir='ltr'><strong>Respon-</strong></span> 
     </span>
     <span class='ocr_line' id='line_1_33' title="bbox 298 3249 1310 3317; baseline 0.003 -21"><span class='ocrx_word' id='word_1_228' title='bbox 298 3251 491 3297; x_wconf 72' lang='lat' dir='ltr'><strong>sionum</strong></span> <span class='ocrx_word' id='word_1_229' title='bbox 529 3251 593 3297; x_wconf 82' lang='lat' dir='ltr'><strong>ad</strong></span> <span class='ocrx_word' id='word_1_230' title='bbox 634 3249 970 3312; x_wconf 74' lang='lat' dir='ltr'><strong>orthodoxos,</strong></span> <span class='ocrx_word' id='word_1_231' title='bbox 1013 3262 1176 3317; x_wconf 86' lang='lat' dir='ltr'><strong>quaest.</strong></span> <span class='ocrx_word' id='word_1_232' title='bbox 1218 3266 1310 3299; x_wconf 65' lang='lat' dir='ltr'><strong>ivr.</strong></span> 
     </span>
     <span class='ocr_line' id='line_1_34' title="bbox 301 3331 1312 3400; baseline 0.002 -21"><span class='ocrx_word' id='word_1_233' title='bbox 301 3332 444 3379; x_wconf 87' lang='lat' dir='ltr'><strong>Porro</strong></span> <span class='ocrx_word' id='word_1_234' title='bbox 476 3333 791 3381; x_wconf 86' lang='lat' dir='ltr'><strong>Renaudotius</strong></span> <span class='ocrx_word' id='word_1_235' title='bbox 823 3337 873 3381; x_wconf 86' lang='lat' dir='ltr'><strong>in</strong></span> <span class='ocrx_word' id='word_1_236' title='bbox 916 3351 994 3399; x_wconf 82' lang='lat' dir='ltr'><strong>op.</strong></span> <span class='ocrx_word' id='word_1_237' title='bbox 1038 3331 1312 3400; x_wconf 54' lang='lat' dir='ltr'><strong>Perpetui&amp;</strong></span> 
     </span>
     <span class='ocr_line' id='line_1_35' title="bbox 298 3413 1310 3481; baseline 0.004 -21"><span class='ocrx_word' id='word_1_238' title='bbox 298 3413 355 3461; x_wconf 84' lang='lat' dir='ltr'><strong>de</strong></span> <span class='ocrx_word' id='word_1_239' title='bbox 394 3414 440 3460; x_wconf 86' lang='lat' dir='ltr'><strong>Ia</strong></span> <span class='ocrx_word' id='word_1_240' title='bbox 467 3414 570 3478; x_wconf 84' lang='lat' dir='ltr'><strong>foi,</strong></span> <span class='ocrx_word' id='word_1_241' title='bbox 594 3425 706 3462; x_wconf 87' lang='lat' dir='ltr'><strong>tom.</strong></span> <span class='ocrx_word' id='word_1_242' title='bbox 743 3433 788 3476; x_wconf 85' lang='lat' dir='ltr'><strong>v,</strong></span> <span class='ocrx_word' id='word_1_243' title='bbox 827 3416 914 3467; x_wconf 81' lang='lat' dir='ltr'><strong>lib.</strong></span> <span class='ocrx_word' id='word_1_244' title='bbox 947 3433 1009 3476; x_wconf 73' lang='grc' dir='ltr'><strong>ιι,</strong></span> <span class='ocrx_word' id='word_1_245' title='bbox 1039 3417 1175 3481; x_wconf 84' lang='lat' dir='ltr'><strong>chap.</strong></span> <span class='ocrx_word' id='word_1_246' title='bbox 1204 3434 1239 3463; x_wconf 85' lang='lat'><strong>11</strong></span> <span class='ocrx_word' id='word_1_247' title='bbox 1265 3427 1310 3464; x_wconf 90' lang='lat' dir='ltr'><strong>et</strong></span> 
     </span>
     <span class='ocr_line' id='line_1_36' title="bbox 299 3496 1307 3561; baseline 0.003 -19"><span class='ocrx_word' id='word_1_248' title='bbox 299 3497 413 3544; x_wconf 87' lang='lat' dir='ltr'><strong>suiv.</strong></span> <span class='ocrx_word' id='word_1_249' title='bbox 463 3496 672 3544; x_wconf 84' lang='lat' dir='ltr'><strong>falsitatis</strong></span> <span class='ocrx_word' id='word_1_250' title='bbox 702 3500 852 3561; x_wconf 83' lang='lat' dir='ltr'><strong>arguit</strong></span> <span class='ocrx_word' id='word_1_251' title='bbox 884 3500 1129 3561; x_wconf 74' lang='lat' dir='ltr'><strong>gratuitam</strong></span> <span class='ocrx_word' id='word_1_252' title='bbox 1163 3497 1307 3545; x_wconf 87' lang='lat' dir='ltr'><strong>Grotii</strong></span> 
     </span>
     <span class='ocr_line' id='line_1_37' title="bbox 303 3579 1307 3645; baseline 0.005 -23"><span class='ocrx_word' id='word_1_253' title='bbox 303 3579 605 3625; x_wconf 82' lang='lat' dir='ltr'><strong>assertionem</strong></span> <span class='ocrx_word' id='word_1_254' title='bbox 626 3579 682 3626; x_wconf 91' lang='lat' dir='ltr'><strong>de</strong></span> <span class='ocrx_word' id='word_1_255' title='bbox 710 3579 926 3627; x_wconf 82' lang='lat' dir='ltr'><strong>dilatione</strong></span> <span class='ocrx_word' id='word_1_256' title='bbox 943 3579 1162 3645; x_wconf 84' lang='lat' dir='ltr'><strong>Baptismi</strong></span> <span class='ocrx_word' id='word_1_257' title='bbox 1185 3580 1307 3644; x_wconf 86' lang='lat' dir='ltr'><strong>apud</strong></span> 
     </span>
     <span class='ocr_line' id='line_1_38' title="bbox 300 3654 1310 3727; baseline 0.009 -26"><span class='ocrx_word' id='word_1_258' title='bbox 300 3654 481 3705; x_wconf 83' lang='lat' dir='ltr'><strong>Graecos</strong></span> <span class='ocrx_word' id='word_1_259' title='bbox 511 3669 554 3707; x_wconf 88' lang='lat' dir='ltr'><strong>et</strong></span> <span class='ocrx_word' id='word_1_260' title='bbox 585 3658 840 3709; x_wconf 77' lang='lat' dir='ltr'><strong>orientales</strong></span> <span class='ocrx_word' id='word_1_261' title='bbox 887 3676 1034 3727; x_wconf 86' lang='lat' dir='ltr'><strong>usque</strong></span> <span class='ocrx_word' id='word_1_262' title='bbox 1062 3662 1119 3709; x_wconf 90' lang='lat' dir='ltr'><strong>ad</strong></span> <span class='ocrx_word' id='word_1_263' title='bbox 1163 3676 1310 3710; x_wconf 85' lang='lat' dir='ltr'><strong>anuos</strong></span> 
     </span>
     <span class='ocr_line' id='line_1_39' title="bbox 299 3735 602 3789; baseline 0.02 -6"><span class='ocrx_word' id='word_1_264' title='bbox 299 3735 602 3789; x_wconf 83' lang='lat' dir='ltr'><strong>discretionis.</strong></span> 
     </span>
    </p>
   </div>
   <div class='ocr_carea' id='block_1_5' title="bbox 1391 2030 2423 3810">
    <p class='ocr_par' dir='ltr' id='par_1_7' title="bbox 1391 2030 2423 3810">
     <span class='ocr_line' id='line_1_40' title="bbox 1478 2030 2419 2097; baseline 0.001 -20"><span class='ocrx_word' id='word_1_265' title='bbox 1478 2030 1549 2094; x_wconf 87' lang='lat' dir='ltr'><strong>(l)</strong></span> <span class='ocrx_word' id='word_1_266' title='bbox 1584 2030 1715 2079; x_wconf 88' lang='lat' dir='ltr'><strong>Circa</strong></span> <span class='ocrx_word' id='word_1_267' title='bbox 1750 2048 1934 2080; x_wconf 84' lang='lat' dir='ltr'><strong>sensum</strong></span> <span class='ocrx_word' id='word_1_268' title='bbox 1965 2032 2103 2097; x_wconf 85' lang='lat' dir='ltr'><strong>hujus</strong></span> <span class='ocrx_word' id='word_1_269' title='bbox 2131 2032 2321 2079; x_wconf 88' lang='lat' dir='ltr'><strong>canonis</strong></span> <span class='ocrx_word' id='word_1_270' title='bbox 2344 2033 2419 2078; x_wconf 88' lang='lat' dir='ltr'><strong>in-</strong></span> 
     </span>
     <span class='ocr_line' id='line_1_41' title="bbox 1410 2112 2420 2177; baseline -0.002 -17"><span class='ocrx_word' id='word_1_271' title='bbox 1410 2122 1627 2177; x_wconf 84' lang='lat' dir='ltr'><strong>terpretes</strong></span> <span class='ocrx_word' id='word_1_272' title='bbox 1658 2113 1791 2161; x_wconf 88' lang='lat' dir='ltr'><strong>divisi</strong></span> <span class='ocrx_word' id='word_1_273' title='bbox 1839 2124 1964 2161; x_wconf 89' lang='lat' dir='ltr'><strong>sunt.</strong></span> <span class='ocrx_word' id='word_1_274' title='bbox 2006 2113 2178 2160; x_wconf 82' lang='lat' dir='ltr'><strong>Doctus</strong></span> <span class='ocrx_word' id='word_1_275' title='bbox 2207 2112 2420 2176; x_wconf 83' lang='lat' dir='ltr'><strong>Albaspi-</strong></span> 
     </span>
     <span class='ocr_line' id='line_1_42' title="bbox 1408 2194 2422 2242; baseline 0 -1"><span class='ocrx_word' id='word_1_276' title='bbox 1408 2210 1534 2242; x_wconf 86' lang='lat' dir='ltr'><strong>naeus</strong></span> <span class='ocrx_word' id='word_1_277' title='bbox 1572 2211 1679 2242; x_wconf 91' lang='lat' dir='ltr'><strong>cum</strong></span> <span class='ocrx_word' id='word_1_278' title='bbox 1738 2194 1937 2241; x_wconf 85' lang='lat' dir='ltr'><strong>Martino</strong></span> <span class='ocrx_word' id='word_1_279' title='bbox 1982 2194 2248 2240; x_wconf 86' lang='lat' dir='ltr'><strong>Bracarensi</strong></span> <span class='ocrx_word' id='word_1_280' title='bbox 2293 2194 2422 2241; x_wconf 85' lang='lat' dir='ltr'><strong>hunc</strong></span> 
     </span>
     <span class='ocr_line' id='line_1_43' title="bbox 1407 2273 2423 2338; baseline -0.002 -16"><span class='ocrx_word' id='word_1_281' title='bbox 1407 2293 1630 2323; x_wconf 85' lang='lat' dir='ltr'><strong>canonem</strong></span> <span class='ocrx_word' id='word_1_282' title='bbox 1663 2277 1728 2322; x_wconf 86' lang='lat' dir='ltr'><strong>sic</strong></span> <span class='ocrx_word' id='word_1_283' title='bbox 1755 2277 2076 2338; x_wconf 88' lang='lat' dir='ltr'><strong>interpretatur</strong></span> <span class='ocrx_word' id='word_1_284' title='bbox 2104 2291 2118 2321; x_wconf 73' lang='lat' dir='ltr'><strong><em>z</em></strong></span> <span class='ocrx_word' id='word_1_285' title='bbox 2140 2273 2271 2322; x_wconf 84' lang='lat' dir='ltr'><strong>Nam</strong></span> <span class='ocrx_word' id='word_1_286' title='bbox 2288 2273 2423 2322; x_wconf 76' lang='lat' dir='ltr'><strong>nihil</strong></span> 
     </span>
     <span class='ocr_line' id='line_1_44' title="bbox 1405 2355 2422 2422; baseline -0.002 -18"><span class='ocrx_word' id='word_1_287' title='bbox 1405 2359 1460 2404; x_wconf 81' lang='lat' dir='ltr'><strong>in</strong></span> <span class='ocrx_word' id='word_1_288' title='bbox 1491 2356 1575 2403; x_wconf 81' lang='lat' dir='ltr'><strong>hoc</strong></span> <span class='ocrx_word' id='word_1_289' title='bbox 1606 2357 1876 2422; x_wconf 65' lang='lat' dir='ltr'><strong>part-imfpat</strong></span> <span class='ocrx_word' id='word_1_290' title='bbox 1915 2364 2067 2403; x_wconf 76' lang='lat' dir='ltr'><strong>mater</strong></span> <span class='ocrx_word' id='word_1_291' title='bbox 2112 2355 2298 2419; x_wconf 69' lang='lat' dir='ltr'><strong>‘infami</strong></span> <span class='ocrx_word' id='word_1_292' title='bbox 2334 2356 2422 2418; x_wconf 82' lang='lat' dir='ltr'><strong>qui</strong></span> 
     </span>
     <span class='ocr_line' id='line_1_45' title="bbox 1406 2435 2417 2502; baseline -0.001 -18"><span class='ocrx_word' id='word_1_293' title='bbox 1406 2439 1656 2495; x_wconf 74' lang='lat' dir='ltr'><strong>nascitur‚·</strong></span> <span class='ocrx_word' id='word_1_294' title='bbox 1697 2446 1948 2502; x_wconf 81' lang='lat' dir='ltr'><strong>propterea</strong></span> <span class='ocrx_word' id='word_1_295' title='bbox 1987 2435 2113 2500; x_wconf 83' lang='lat' dir='ltr'><strong>quod</strong></span> <span class='ocrx_word' id='word_1_296' title='bbox 2152 2438 2417 2499; x_wconf 77' lang='lat' dir='ltr'><strong>unicuique</strong></span> 
     </span>
     <span class='ocr_line' id='line_1_46' title="bbox 1399 2517 2413 2584; baseline -0.003 -18"><span class='ocrx_word' id='word_1_297' title='bbox 1399 2521 1602 2584; x_wconf 79' lang='lat' dir='ltr'><strong>propria</strong></span> <span class='ocrx_word' id='word_1_298' title='bbox 1633 2519 1850 2566; x_wconf 71' lang='lat' dir='ltr'><strong>voluntas</strong></span> <span class='ocrx_word' id='word_1_299' title='bbox 1876 2521 1933 2565; x_wconf 81' lang='lat' dir='ltr'><strong>in</strong></span> <span class='ocrx_word' id='word_1_300' title='bbox 1965 2517 2254 2581; x_wconf 79' lang='lat' dir='ltr'><strong>confessione</strong></span> <span class='ocrx_word' id='word_1_301' title='bbox 2280 2534 2413 2564; x_wconf 84' lang='lat' dir='ltr'><strong>mon-</strong></span> 
     </span>
     <span class='ocr_line' id='line_1_47' title="bbox 1402 2599 2411 2662; baseline -0.002 -14"><span class='ocrx_word' id='word_1_302' title='bbox 1402 2608 1592 2648; x_wconf 74' lang='lat' dir='ltr'><strong>stretur.</strong></span> <span class='ocrx_word' id='word_1_303' title='bbox 1629 2599 1820 2647; x_wconf 88' lang='lat' dir='ltr'><strong>Videtur</strong></span> <span class='ocrx_word' id='word_1_304' title='bbox 1842 2610 1952 2647; x_wconf 88' lang='lat' dir='ltr'><strong>tunc</strong></span> <span class='ocrx_word' id='word_1_305' title='bbox 1979 2602 2196 2662; x_wconf 87' lang='lat' dir='ltr'><strong>temporis</strong></span> <span class='ocrx_word' id='word_1_306' title='bbox 2216 2599 2411 2646; x_wconf 90' lang='lat' dir='ltr'><strong>dubium</strong></span> 
     </span>
     <span class='ocr_line' id='line_1_48' title="bbox 1403 2682 2410 2744; baseline -0.002 -14"><span class='ocrx_word' id='word_1_307' title='bbox 1403 2685 1649 2730; x_wconf 86' lang='lat' dir='ltr'><strong>excitatum</strong></span> <span class='ocrx_word' id='word_1_308' title='bbox 1677 2682 1814 2729; x_wconf 81' lang='lat' dir='ltr'><strong>fuisse</strong></span> <span class='ocrx_word' id='word_1_309' title='bbox 1832 2716 1845 2740; x_wconf 92' lang='lat'>,</span> <span class='ocrx_word' id='word_1_310' title='bbox 1875 2698 1932 2727; x_wconf 88' lang='lat' dir='ltr'><strong>an</strong></span> <span class='ocrx_word' id='word_1_311' title='bbox 1951 2682 2145 2744; x_wconf 82' lang='lat' dir='ltr'><strong>potuerit</strong></span> <span class='ocrx_word' id='word_1_312' title='bbox 2178 2683 2288 2744; x_wconf 79' lang='lat' dir='ltr'><strong>tingi</strong></span> <span class='ocrx_word' id='word_1_313' title='bbox 2304 2699 2410 2728; x_wconf 89' lang='lat' dir='ltr'><strong>mu··</strong></span> 
     </span>
     <span class='ocr_line' id='line_1_49' title="bbox 1403 2762 2405 2828; baseline -0.001 -18"><span class='ocrx_word' id='word_1_314' title='bbox 1403 2762 1486 2812; x_wconf 88' lang='lat' dir='ltr'><strong>lier</strong></span> <span class='ocrx_word' id='word_1_315' title='bbox 1502 2781 1603 2828; x_wconf 85' lang='lat' dir='ltr'><strong>quae</strong></span> <span class='ocrx_word' id='word_1_316' title='bbox 1630 2773 1812 2810; x_wconf 86' lang='lat' dir='ltr'><strong>uterum</strong></span> <span class='ocrx_word' id='word_1_317' title='bbox 1844 2772 2038 2825; x_wconf 87' lang='lat' dir='ltr'><strong>gestaret</strong></span> <span class='ocrx_word' id='word_1_318' title='bbox 2061 2798 2074 2819; x_wconf 92' lang='lat'>,</span> <span class='ocrx_word' id='word_1_319' title='bbox 2099 2779 2158 2809; x_wconf 92' lang='lat' dir='ltr'><strong>ne</strong></span> <span class='ocrx_word' id='word_1_320' title='bbox 2184 2779 2275 2809; x_wconf 85' lang='lat' dir='ltr'><strong>una</strong></span> <span class='ocrx_word' id='word_1_321' title='bbox 2297 2778 2405 2809; x_wconf 89' lang='lat' dir='ltr'><strong>cum</strong></span> 
     </span>
     <span class='ocr_line' id='line_1_50' title="bbox 1402 2830 2407 2907; baseline -0.001 -15"><span class='ocrx_word' id='word_1_322' title='bbox 1402 2830 1552 2892; x_wconf 74' lang='lat' dir='ltr'><strong>matrev</strong></span> <span class='ocrx_word' id='word_1_323' title='bbox 1566 2845 1698 2891; x_wconf 85' lang='lat' dir='ltr'><strong>foetus</strong></span> <span class='ocrx_word' id='word_1_324' title='bbox 1720 2844 1978 2907; x_wconf 84' lang='lat' dir='ltr'><strong>baptizatus</strong></span> <span class='ocrx_word' id='word_1_325' title='bbox 2000 2853 2115 2891; x_wconf 85' lang='lat' dir='ltr'><strong>esset</strong></span> <span class='ocrx_word' id='word_1_326' title='bbox 2133 2844 2407 2891; x_wconf 85' lang='lat' dir='ltr'><strong>censendus.</strong></span> 
     </span>
     <span class='ocr_line' id='line_1_51' title="bbox 1400 2923 2408 2983; baseline -0.001 -10"><span class='ocrx_word' id='word_1_327' title='bbox 1400 2926 1667 2974; x_wconf 89' lang='lat' dir='ltr'><strong>Concilium</strong></span> <span class='ocrx_word' id='word_1_328' title='bbox 1684 2942 1792 2973; x_wconf 85' lang='lat' dir='ltr'><strong>vero</strong></span> <span class='ocrx_word' id='word_1_329' title='bbox 1813 2925 2173 2973; x_wconf 86' lang='lat' dir='ltr'><strong>Neocaesariense</strong></span> <span class='ocrx_word' id='word_1_330' title='bbox 2193 2923 2408 2983; x_wconf 85' lang='lat' dir='ltr'><strong>declarat,</strong></span> 
     </span>
     <span class='ocr_line' id='line_1_52' title="bbox 1399 3007 2408 3072; baseline -0.002 -16"><span class='ocrx_word' id='word_1_331' title='bbox 1399 3025 1530 3072; x_wconf 86' lang='lat' dir='ltr'><strong>posse</strong></span> <span class='ocrx_word' id='word_1_332' title='bbox 1573 3008 1814 3055; x_wconf 86' lang='lat' dir='ltr'><strong>mulierem</strong></span> <span class='ocrx_word' id='word_1_333' title='bbox 1862 3008 2091 3072; x_wconf 85' lang='lat' dir='ltr'><strong>gravidam</strong></span> <span class='ocrx_word' id='word_1_334' title='bbox 2148 3007 2408 3071; x_wconf 87' lang='lat' dir='ltr'><strong>baptizari,</strong></span> 
     </span>
     <span class='ocr_line' id='line_1_53' title="bbox 1401 3080 2409 3155; baseline -0.004 -17"><span class='ocrx_word' id='word_1_335' title='bbox 1401 3093 1508 3155; x_wconf 89' lang='lat' dir='ltr'><strong>quia</strong></span> <span class='ocrx_word' id='word_1_336' title='bbox 1531 3093 1630 3154; x_wconf 90' lang='lat' dir='ltr'><strong>ejus</strong></span> <span class='ocrx_word' id='word_1_337' title='bbox 1664 3080 1892 3153; x_wconf 79' lang='lat' dir='ltr'><strong>baptisma</strong></span> <span class='ocrx_word' id='word_1_338' title='bbox 1916 3090 2033 3136; x_wconf 87' lang='lat' dir='ltr'><strong>nihil</strong></span> <span class='ocrx_word' id='word_1_339' title='bbox 2063 3106 2310 3136; x_wconf 85' lang='lat' dir='ltr'><strong>commune</strong></span> <span class='ocrx_word' id='word_1_340' title='bbox 2325 3089 2409 3134; x_wconf 84' lang='lat' dir='ltr'><strong>ba-</strong></span> 
     </span>
     <span class='ocr_line' id='line_1_54' title="bbox 1399 3169 2408 3235; baseline -0.005 -15"><span class='ocrx_word' id='word_1_341' title='bbox 1399 3172 1476 3220; x_wconf 83' lang='lat' dir='ltr'><strong>bet</strong></span> <span class='ocrx_word' id='word_1_342' title='bbox 1499 3189 1606 3219; x_wconf 81' lang='lat' dir='ltr'><strong>curn</strong></span> <span class='ocrx_word' id='word_1_343' title='bbox 1638 3172 1751 3218; x_wconf 83' lang='lat' dir='ltr'><strong>foetu</strong></span> <span class='ocrx_word' id='word_1_344' title='bbox 1776 3208 1789 3231; x_wconf 86' lang='lat'>,</span> <span class='ocrx_word' id='word_1_345' title='bbox 1830 3174 1910 3235; x_wconf 90' lang='lat' dir='ltr'><strong>qui</strong></span> <span class='ocrx_word' id='word_1_346' title='bbox 1944 3172 2152 3218; x_wconf 85' lang='lat' dir='ltr'><strong>noudum</strong></span> <span class='ocrx_word' id='word_1_347' title='bbox 2180 3172 2229 3216; x_wconf 90' lang='lat' dir='ltr'><strong>in</strong></span> <span class='ocrx_word' id='word_1_348' title='bbox 2257 3169 2408 3216; x_wconf 84' lang='lat' dir='ltr'><strong>lucem</strong></span> 
     </span>
     <span class='ocr_line' id='line_1_55' title="bbox 1401 3250 2411 3316; baseline -0.005 -15"><span class='ocrx_word' id='word_1_349' title='bbox 1401 3254 1550 3302; x_wconf 85' lang='lat' dir='ltr'><strong>editus</strong></span> <span class='ocrx_word' id='word_1_350' title='bbox 1582 3256 1654 3300; x_wconf 85' lang='lat' dir='ltr'><strong>sit.</strong></span> <span class='ocrx_word' id='word_1_351' title='bbox 1693 3251 1840 3316; x_wconf 84' lang='lat' dir='ltr'><strong>Quare</strong></span> <span class='ocrx_word' id='word_1_352' title='bbox 1880 3253 1994 3299; x_wconf 85' lang='lat' dir='ltr'><strong>mihi</strong></span> <span class='ocrx_word' id='word_1_353' title='bbox 2027 3250 2317 3299; x_wconf 84' lang='lat' dir='ltr'><strong>verisimilius</strong></span> <span class='ocrx_word' id='word_1_354' title='bbox 2345 3251 2411 3297; x_wconf 85' lang='lat' dir='ltr'><strong>vi-</strong></span> 
     </span>
     <span class='ocr_line' id='line_1_56' title="bbox 1404 3335 2406 3394; baseline -0.002 -12"><span class='ocrx_word' id='word_1_355' title='bbox 1404 3336 1569 3394; x_wconf 86' lang='lat' dir='ltr'><strong>detur,</strong></span> <span class='ocrx_word' id='word_1_356' title='bbox 1615 3335 1741 3382; x_wconf 89' lang='lat' dir='ltr'><strong>hunc</strong></span> <span class='ocrx_word' id='word_1_357' title='bbox 1801 3337 1990 3382; x_wconf 84' lang='lat' dir='ltr'><strong>canonis</strong></span> <span class='ocrx_word' id='word_1_358' title='bbox 2035 3349 2229 3382; x_wconf 62' lang='lat' dir='ltr'><strong>sensum1</strong></span> <span class='ocrx_word' id='word_1_359' title='bbox 2269 3349 2366 3380; x_wconf 80' lang='lat' dir='ltr'><strong>esse</strong></span> <span class='ocrx_word' id='word_1_360' title='bbox 2391 3368 2406 3390; x_wconf 87' lang='lat'>‚</span> 
     </span>
     <span class='ocr_line' id='line_1_57' title="bbox 1404 3413 2407 3481; baseline -0.004 -17"><span class='ocrx_word' id='word_1_361' title='bbox 1404 3434 1786 3481; x_wconf 87' lang='lat' dir='ltr'><strong>unumquemque</strong></span> <span class='ocrx_word' id='word_1_362' title='bbox 1837 3418 2026 3464; x_wconf 85' lang='lat' dir='ltr'><strong>seorsim</strong></span> <span class='ocrx_word' id='word_1_363' title='bbox 2065 3413 2230 3461; x_wconf 86' lang='lat' dir='ltr'><strong>debere</strong></span> <span class='ocrx_word' id='word_1_364' title='bbox 2274 3416 2407 3478; x_wconf 87' lang='lat' dir='ltr'><strong>aquis</strong></span> 
     </span>
     <span class='ocr_line' id='line_1_58' title="bbox 1400 3497 2408 3562; baseline -0.004 -18"><span class='ocrx_word' id='word_1_365' title='bbox 1400 3498 1692 3562; x_wconf 83' lang='lat' dir='ltr'><strong>Baptismatis</strong></span> <span class='ocrx_word' id='word_1_366' title='bbox 1720 3497 1901 3546; x_wconf 81' lang='lat' dir='ltr'><strong>lustrari</strong></span> <span class='ocrx_word' id='word_1_367' title='bbox 1938 3512 2019 3560; x_wconf 86' lang='lat' dir='ltr'><strong>per</strong></span> <span class='ocrx_word' id='word_1_368' title='bbox 2039 3499 2268 3560; x_wconf 80' lang='lat' dir='ltr'><strong>propriam</strong></span> <span class='ocrx_word' id='word_1_369' title='bbox 2292 3512 2408 3542; x_wconf 75' lang='lat' dir='ltr'><strong>con·-</strong></span> 
     </span>
     <span class='ocr_line' id='line_1_59' title="bbox 1398 3577 2407 3645; baseline -0.005 -18"><span class='ocrx_word' id='word_1_370' title='bbox 1398 3581 1676 3640; x_wconf 78' lang='lat' dir='ltr'><strong>sessionem,</strong></span> <span class='ocrx_word' id='word_1_371' title='bbox 1717 3597 1855 3645; x_wconf 88' lang='lat' dir='ltr'><strong>quam</strong></span> <span class='ocrx_word' id='word_1_372' title='bbox 1888 3578 1960 3626; x_wconf 76' lang='lat' dir='ltr'><strong>vel</strong></span> <span class='ocrx_word' id='word_1_373' title='bbox 2008 3577 2191 3624; x_wconf 85' lang='lat' dir='ltr'><strong>adultus</strong></span> <span class='ocrx_word' id='word_1_374' title='bbox 2238 3593 2317 3640; x_wconf 87' lang='lat' dir='ltr'><strong>per</strong></span> <span class='ocrx_word' id='word_1_375' title='bbox 2359 3592 2407 3623; x_wconf 85' lang='lat' dir='ltr'><strong>se</strong></span> 
     </span>
     <span class='ocr_line' id='line_1_60' title="bbox 1391 3656 2407 3715; baseline -0.007 -5"><span class='ocrx_word' id='word_1_376' title='bbox 1391 3663 1464 3710; x_wconf 83' lang='lat' dir='ltr'><strong>vel</strong></span> <span class='ocrx_word' id='word_1_377' title='bbox 1503 3663 1656 3710; x_wconf 82' lang='lat' dir='ltr'><strong>infans</strong></span> <span class='ocrx_word' id='word_1_378' title='bbox 1686 3662 1882 3709; x_wconf 89' lang='lat' dir='ltr'><strong>aliorum</strong></span> <span class='ocrx_word' id='word_1_379' title='bbox 1910 3675 1988 3706; x_wconf 88' lang='lat' dir='ltr'><strong>ore</strong></span> <span class='ocrx_word' id='word_1_380' title='bbox 2033 3660 2295 3715; x_wconf 82' lang='lat' dir='ltr'><strong>emitteret,</strong></span> <span class='ocrx_word' id='word_1_381' title='bbox 2336 3656 2407 3703; x_wconf 91' lang='lat' dir='ltr'><strong>id-</strong></span> 
     </span>
     <span class='ocr_line' id='line_1_61' title="bbox 1395 3740 2408 3810; baseline -0.009 -17"><span class='ocrx_word' id='word_1_382' title='bbox 1395 3760 1486 3809; x_wconf 83' lang='lat' dir='ltr'><strong>que</strong></span> <span class='ocrx_word' id='word_1_383' title='bbox 1505 3746 1637 3810; x_wconf 82' lang='lat' dir='ltr'><strong>juxta</strong></span> <span class='ocrx_word' id='word_1_384' title='bbox 1659 3741 1971 3807; x_wconf 86' lang='lat' dir='ltr'><strong>disciplinam,</strong></span> <span class='ocrx_word' id='word_1_385' title='bbox 2012 3756 2112 3805; x_wconf 81' lang='lat' dir='ltr'><strong>quae</strong></span> <span class='ocrx_word' id='word_1_386' title='bbox 2141 3740 2408 3787; x_wconf 83' lang='lat' dir='ltr'><strong>etiamtunc</strong></span> 
     </span>
    </p>
   </div>
  </div>
 </body>
</html>
