2502 4186
295 243 413 304 278

919 260 1245 302 TRACTATUS
1290 267 1358 303 DE
1401 267 1797 308 EUCHARISTIA.

295 407 521 478 altaris,
551 416 619 463 ut
651 403 930 464 Catholici
966 405 1208 479 docent3
1248 406 1411 466 nulla
1446 409 1705 489 profecto
1732 410 1882 480 ratio
1907 414 2166 494 suppetit
2192 416 2416 474 Protes-

295 499 585 573 mutibus,
632 519 811 580 quare
851 521 919 559 eo
947 511 1237 582 praetextu
1258 547 1274 577 .‚
1307 502 1467 584 quod
1514 501 1859 564 detrahatur
1887 507 2110 566 meritis
2149 509 2367 569 Christi
2396 554 2413 585 ,

291 594 438 654 illud
466 605 746 677 respuant
780 593 877 656 vel
907 594 1121 655 derisui
1156 594 1415 657 habeant
1439 642 1456 673 ‚
1486 598 1601 657 nisi
1629 599 1848 681 pariter
1878 601 2117 683 proprio
2157 624 2260 663 suo
2297 626 2423 686 sys-

295 690 500 750 temati
538 689 864 751 valedicam:
904 690 1016 771 (1).

374 785 515 846 262.
561 785 651 846 Ad
680 787 801 861 2¹¹¹,
838 779 994 846 Disc.
1027 788 1207 846 Docet
1233 786 1575 868 ApostoluS,
1623 784 1815 849 nullos
1844 811 1967 850 esse
2004 801 2217 873 praeter
2260 792 2423 852 Chri-

299 899 458 948 stum
479 881 814 944 Sacerdotes
839 927 854 956 ,
900 881 1000 963 qui
1043 873 1274 942 Christo
1302 881 1613 942 succedant
1633 928 1650 958 ,
1690 894 1750 943 et
1783 885 2034 946 offerant
2073 887 2426 949 Sacrificium

299 991 610 1044 cruentum
637 976 1061 1059 redemptionis
1083 1014 1100 1046 s
1139 990 1331 1063 σφεας
1371 976 1564 1036 nullos
1601 999 1726 1038 esse
1746 980 2084 1041 Sacerdotes
2107 1027 2123 1056 .‚
2173 983 2272 1063 qui
2299 993 2427 1042 tan-

298 1091 478 1161 quam
513 1073 729 1134 Christi
759 1071 1010 1131 ministri
1043 1075 1166 1150 ejus
1200 1073 1440 1131 nomine
1469 1084 1529 1131 et
1553 1073 1678 1134 vice
1708 1074 1887 1154 ipsius
1915 1075 2164 1136 offerant
2196 1078 2425 1137 Sacrifi-

300 1175 455 1234 cium
493 1172 906 1245 incruentum,
951 1189 1068 1250 quo
1097 1169 1369 1228 Sacrificii
1406 1174 1526 1248 ejus
1570 1172 1798 1230 cruenti
1844 1173 2054 1232 merita
2099 1173 2267 1232 nobis
2312 1190 2429 1255 ap·-

301 1268 629 1352 ‘plicentur‚
673 1285 806 1345 neq.
854 1264 934 1322 Eo
967 1264 1128 1323 enim
1151 1263 1380 1338 ‘mod0‚
1428 1284 1543 1347 quo
1578 1287 1848 1347 proreges
1890 1278 1949 1326 et
1994 1268 2420 1350 Episcoporum

300 1361 501 1426 vicarii
547 1369 728 1440 agunt
762 1379 834 1418 ex
868 1379 1154 1439 persona.¹
1198 1359 1438 1419 nomine
1482 1371 1550 1419 etv
1586 1361 1927 1422 auctoritate
1971 1373 2072 1422 aut
2110 1364 2275 1442 Regis
2328 1373 2430 1421 aut

305 1457 593 1541 Episcopi⁷
620 1455 729 1516 etsi
752 1476 875 1513 non
889 1453 1159 1514 dicantur
1171 1454 1239 1514 iis
1260 1454 1590 1530 succedere7
1616 1457 1696 1516 ita
1720 1456 2056 1518 Sacerdotes
2078 1469 2146 1518 ut
2175 1457 2431 1517 ministri

303 1553 548 1630 Christi,
579 1572 652 1612 ex
673 1550 913 1612 'nomine
932 1596 949 1626 ,
974 1563 1226 1633 persona
1257 1558 1316 1609 et
1345 1550 1690 1611 auctoritate
1714 1551 1966 1628 Christi,
1995 1558 2166 1632 juxta
2193 1558 2316 1631 ejus
2342 1554 2431 1611 in-

307 1649 672 1710 stitutionem
693 1658 760 1707 et
772 1646 1144 1720 mandatum,
1171 1645 1427 1705 offerunt
1442 1647 1792 1706 Sacrificium
1815 1660 1874 1708 et
1896 1648 2133 1731 reliquis
2158 1648 2433 1708 Sacerdo-

306 1744 520 1805 talibus
546 1742 880 1802 ministeriis
903 1740 1228 1821 funguntur
1247 1786 1262 1815 7
1295 1741 1401 1799 etsi
1430 1753 1739 1822 propterea
1761 1764 1871 1804 nec
1898 1744 2166 1803 dicantur
2187 1765 2296 1803 nec
2318 1744 2436 1802 sint

307 1844 428 1919 ejus
463 1853 816 1899 successores
843 1837 953 1917 (2).
990 1835 1260 1895 Offerunt
1288 1847 1569 1918 praeterea
1592 1837 1948 1898 Sacrificium
1974 1818 2358 1899 incruentum
2374 1849 2434 1898 et

375 2029 442 2091 (1)
480 2027 533 2075 Id
560 2030 712 2092 ipsum
742 2025 975 2074 evidenter
1001 2025 1250 2072 adstruitur
1267 2040 1321 2072 ex
1410 2024 1678 2091 demption.
1713 2026 1784 2074 Le
1813 2026 2044 2076 Sauveur
2078 2027 2168 2077 n’a
2198 2046 2294 2095 pas
2329 2046 2436 2078 seu-

308 2110 667 2160 Protestantium
694 2109 901 2157 doctrina
922 2144 935 2167 ,
955 2124 1098 2173 quam
1116 2108 1324 2171 superius
1410 2105 1582 2155 Iement
1616 2110 1736 2156 υόσιι
1778 2107 1822 2156 il
1850 2125 1884 2173 y
1931 2125 1962 2157 a
2005 2110 2221 2159 dix-huit
2250 2110 2436 2161 siecles.

309 2194 688 2258 impugnavimus
705 2227 720 2253 ,
738 2206 906 2254 nempe
918 2187 1226 2237 Eucharistiae
1243 2186 1324 2236 Sa·
1413 2187 1530 2237 Non
1545 2226 1558 2249 ‚
1587 2187 1628 2236 il
1648 2190 1767 2237 n’est
1777 2192 1925 2255 point
1950 2191 2155 2259 disparia
2172 2193 2239 2241 du
2266 2193 2438 2242 milieu

313 2284 601 2323 eramentum
630 2271 943 2322 administrari
982 2288 1036 2320 ac
1074 2272 1245 2334 suscipi
1277 2272 1328 2317 in
1416 2270 1472 2318 de
1501 2287 1623 2320 ‘nous
1646 2290 1666 2333 ,⁸
1687 2274 1813 2320 mais
1834 2275 2048 2339 toujours
2074 2277 2241 2323 vivant
2268 2292 2436 2324 enson

315 2358 632 2405 remissionem
675 2364 984 2419 peccatorum.
1033 2352 1082 2400 Si
1125 2355 1211 2417 ipsi
1241 2352 1330 2398 hac
1417 2352 1618 2418 Este,
1652 2353 1699 2402 il
1730 2372 1762 2419 y
1803 2355 1952 2404 revele
1991 2374 2045 2404 aa
2066 2362 2293 2424 presence
2326 2373 2437 2405 sous

314 2442 494 2487 ratione
530 2439 746 2503 derogare
774 2455 871 2486 non
894 2444 1062 2502 putant
1084 2435 1227 2483 valoti
1245 2432 1330 2481 Sa·
1422 2435 1503 2483 des
1523 2437 1703 2501 formes
1744 2438 1985 2488 sensibleS.
2015 2439 2166 2488 Dans
2199 2439 2248 2488 la
2269 2438 2436 2505 predi-

312 2522 472 2570 crificii
490 2522 638 2569 crucis
659 2528 705 2568 et
735 2521 911 2568 meritis
939 2519 1050 2567 inde
1076 2534 1157 2582 per
1193 2515 1330 2564 Chri·
1389 2563 1395 2567 ,
1419 2519 1580 2565 cation
1605 2517 1661 2565 de
1692 2534 1747 2565 sa
1768 2519 1939 2584 parole
1958 2557 1971 2580 ,
2002 2520 2045 2568 il
2079 2529 2149 2568 est
2190 2520 2435 2568 lui-meme

313 2612 435 2651 'stum
462 2604 735 2666 comparatis
757 2638 770 2661 ‚
807 2613 948 2667 quare
964 2601 1041 2649 hic
1070 2598 1333 2659 abominari

314 2702 361 2734 se
402 2686 675 2749 profitentur
723 2683 1013 2732 Sacrificium
1055 2682 1236 2744 Missae,
1279 2699 1332 2729 eo

318 2766 443 2831 quod
459 2783 538 2830 per
554 2768 707 2830 ipsum
727 2765 967 2830 derogetur
981 2763 1214 2813 Sacrificio
1228 2781 1331 2812 cru-

320 2848 384 2895 cis
421 2856 465 2895 et
520 2846 693 2895 Christi
737 2846 954 2895 meritis?
1007 2847 1090 2894 Ast
1127 2862 1331 2912 quaerere

318 2930 544 2977 rationem
572 2928 742 2990 abiis,
767 2930 847 2994 qui
873 2927 959 2976 sibi
986 2930 1171 2994 proprio
1186 2937 1331 2976 marte

327 3005 542 3059 articulos
593 3006 704 3060 fidei
759 3011 938 3059 cudunt
968 3048 981 3070 ‚
1030 3020 1096 3059 est
1143 3027 1330 3075 operam

324 3092 530 3158 perdere.

390 3174 468 3235 (2)
504 3174 693 3239 Egregie
724 3174 808 3223 Dr.
839 3174 1045 3223 Motihler
1073 3174 1328 3223 clarissimo

318 3255 373 3302 in
406 3255 586 3304 lumine
605 3257 653 3304 id
685 3259 843 3321 ponit,
873 3257 1076 3305 scribens
1110 3273 1123 3304 ε
1157 3254 1330 3304 Consi-

317 3335 455 3383 deree
489 3352 599 3385 sous
636 3353 706 3384 un
724 3348 922 3403 rapport
946 3336 1148 3401 l’Eylise
1169 3326 1332 3402 rep‘re-

314 3427 446 3469 sente
462 3456 476 3480 ,
506 3418 648 3467 d’wne
675 3421 888 3468 maniere
917 3422 1106 3468 vivame
1123 3455 1137 3477 ‚
1165 3417 1331 3467 Jesus-

323 3501 486 3552 Christ
528 3517 577 3549 se
619 3501 932 3565 manifestant
970 3509 1016 3548 et
1054 3502 1272 3564 ayissant
1303 3501 1334 3549 ὰ

319 3590 503 3632 travers
533 3593 639 3631 tous
661 3581 726 3631 les
753 3579 916 3632 siecles
936 3605 956 3642 ;
989 3582 1337 3633 &ternellement

319 3664 404 3713 elle
438 3659 663 3714 continue
712 3679 800 3715 so'n
836 3676 1041 3731 ouvrage
1066 3688 1085 3726 ,·
1127 3676 1230 3715 tous
1270 3667 1335 3715 les

282 3771 285 3772 ⁷
302 3748 451 3812 Jours
478 3746 563 3797 elle
592 3747 854 3798 renouvelle
891 3748 1079 3798 l’oeuvre
1107 3749 1166 3797 de
1192 3748 1239 3797 la
1258 3754 1334 3797 re-

1421 2599 1463 2646 le
1493 2599 1684 2647 docteur
1700 2601 1876 2649 eterne!
1886 2622 1906 2659 ;
1926 2601 2205 2650 s’associant
2220 2601 2437 2650 l‘homme

1412 2698 1514 2746 par
1549 2682 1614 2729 les
1650 2696 1776 2730 caux
1807 2682 1874 2731 du
1916 2684 2178 2753 Bapffime,
2221 2684 2436 2750 pardon-

1420 2771 1544 2810 nant
1567 2781 1634 2812 au
1663 2763 1875 2831 pec-henr
1891 2799 1909 2825 ,
1951 2765 2195 2829 fortifiant
2223 2764 2437 2813 l'adoles-

1421 2854 1561 2906 cent,
1586 2847 1834 2895 benissant
1863 2845 2050 2894 l‘um'on
2076 2847 2157 2894 des
2189 2851 2344 2913 epona:
2361 2883 2375 2910 ‚
2398 2847 2440 2895 il

1420 2925 1576 2975 s'unit
1599 2929 1719 2976 dans
1744 2928 2093 2977 l’Eucharistie
2124 2930 2155 2977 ὰ
2183 2937 2288 2977 tous
2316 2946 2436 2977 ceux

1420 3010 1509 3072 qui
1526 3013 1775 3075 soupire‘nt
1799 3027 1904 3059 vers
1917 3010 1964 3059 la
1977 3012 2055 3059 vie
2066 3011 2436 3072 bienheureuse5

1419 3089 1529 3138 c’est
1565 3091 1639 3140 lui
1691 3094 1776 3158 qui
1814 3092 1997 3141 console
2023 3131 2034 3153 ‚
2084 3110 2347 3158 encouraqe
2396 3092 2437 3140 le

1421 3183 1648 3223 moverant
1662 3195 1681 3233 ,·
1731 3174 1844 3224 c’est
1878 3175 1952 3223 lui
1998 3178 2086 3240 qui
2125 3192 2347 3225 con-sacre
2372 3176 2436 3224 les

1424 3275 1622 3322 orqanes
1657 3275 1755 3324 par
1794 3258 1987 3324 lesquels
2023 3276 2109 3307 son
2153 3258 2436 3326 infatigable

1421 3342 1557 3390 home
1592 3341 1777 3408 repand
1811 3349 1917 3390 tous
1938 3358 2013 3390 ces
2045 3342 2299 3406 h1'enfaz'ts,
2329 3349 2435 3389 tou-

1423 3433 1488 3472 tes
1513 3441 1587 3472 ces
1600 3425 1814 3489 faveurs.
1839 3423 1977 3471 Mais
1998 3425 2044 3471 si
2063 3422 2399 3472 Jews-Christ
2417 3460 2431 3483 ‚

1425 3507 1576 3555 cache
1615 3523 1724 3555 sous
1762 3522 1834 3554 un
1875 3505 1995 3553 voile
2041 3513 2285 3563 ter,restre
2334 3504 2436 3552 doit

1424 3591 1678 3637 continuer
1708 3587 1909 3655 jusqu’ci
1969 3586 2016 3633 la
2059 3587 2135 3650 fin
2194 3584 2435 3652 l'ouvraqe

1424 3687 1487 3735 qu
1491 3668 1551 3717 ’il
1577 3687 1607 3718 a
1656 3671 1920 3717 commemo&
1974 3683 2060 3715 sur
2087 3665 2134 3714 Ia
2179 3675 2299 3714 terre
2326 3703 2339 3726 ‚
2395 3667 2437 3714 il

1428 3749 1633 3801 s’ensuit
1658 3769 1779 3816 que,
1814 3750 1936 3800 dans
1962 3758 2068 3798 tous
2096 3747 2159 3797 les
2195 3758 2373 3814 temps,
2398 3747 2440 3796 it
