2502 4186
297 245 418 304 268
938 262 1259 302 ruci-Avus
1301 264 1370 302 nn
1413 265 1815 305 mmmmm-m.

299 406 448 467 ritur
492 406 578 465 rei
620 403 980 477 immutatiO,
1037 414 1105 462 ut
1142 403 1299 464 idem
1346 406 1760 488 prosequitur,
1818 427 1942 465 non
1982 407 2127 469 item
2178 411 2420 474 vero-‘in

300 501 588 561 Sacrificio
635 498 880 559 relativo
915 519 1016 557 seu
1051 502 1591 562 commemorativo.
1626 501 1716 559 Ad
1755 500 1931 581 hujus
1969 503 2127 562 enim
2159 526 2417 565 comme-

297 595 571 654 morativi
605 594 874 653 Sacrificii
910 594 1203 655 rationem
1238 595 1449 654 sufficit
1479 596 1846 671 immutatiO,
1888 618 2020 678 quae
2056 598 2119 656 in
2152 598 2418 660 absoluto

299 691 584 750 Sacrificio
620 689 959 771 praecessit3
1015 712 1156 750 nam
1192 693 1779 752 commemorativum
1817 694 2170 753 Sacrificium
2215 695 2291 754 ad
2322 697 2420 756 ab·

298 785 558 845 solutum
577 786 830 846 refertur
847 831 863 860 ,
887 784 1151 868 illudque
1172 785 1411 846 exhibet
1434 798 1610 869 atque
1633 801 2073 848 commemorat.
2096 790 2418 871 Siquidem,

299 902 433 940 cum
477 883 624 940 ratio
668 881 937 940 Sacrificii
973 882 1033 939 in
1081 881 1500 962 significatione
1540 883 1984 964 omnipotentiae
2020 885 2126 944 Dei
2175 887 2420 945 auctoris

297 977 448 1044 vitaey
472 988 532 1036 et
563 977 767 1036 mortis
791 977 1116 1037 formaliter
1138 978 1325 1060 posita
1367 978 1442 1036 sit
1461 1022 1476 1052 ,
1518 978 1566 1036 si
1601 977 1774 1037 detur
1808 977 2024 1039 oblatio
2053 980 2245 1062 aliqua
2269 1027 2284 1056 ,
2315 1002 2421 1062 per

300 1095 480 1156 quam
504 1072 735 1154 vabsque
773 1073 861 1132 rei
891 1071 1101 1133 oblatae
1130 1074 1540 1133 immutatione
1580 1095 1718 1133 vera
1756 1085 1815 1134 et
1855 1075 1999 1134 reali
2025 1079 2177 1136 Deus
2215 1088 2421 1135 auctor

299 1170 432 1230 vitae
460 1180 519 1228 e't
544 1169 749 1227 mortis
775 1167 1044 1228 denotari
1075 1181 1134 1229 et
1166 1169 1275 1229 coli
1300 1170 1485 1251 possit
1502 1214 1518 1244 ,
1551 1190 1690 1229 vere
1722 1179 1782 1228 et
1805 1170 2041 1252 proprie
2069 1172 2422 1232 Sacrificium

298 1264 396 1323 illa
434 1264 546 1323 dici
586 1262 784 1323 debet.
827 1265 917 1323 Sic
938 1309 954 1338 ,
997 1275 1064 1322 ut
1089 1264 1281 1324 eidem
1310 1264 1580 1346 exemplo
1603 1264 1876 1324 Sacrificii
1914 1265 2101 1325 Missae
2135 1265 2424 1326 inhaerea-

298 1382 466 1435 muS,
514 1381 622 1442 per
654 1358 993 1418 distinctam
1037 1360 1340 1441 utriusque
1377 1360 1588 1441 speciei
1623 1359 2119 1420 consecrationem
2157 1359 2423 1420 Christus

299 1457 423 1537 ipse
462 1474 718 1539 praesens
755 1456 978 1515 sistitur
1013 1454 1233 1538 absque
1275 1455 1418 1515 reali
1455 1456 1544 1514 sui
1574 1456 2020 1531 immutatione,
2062 1467 2326 1517 attamen
2359 1468 2425 1516 ut

298 1551 553 1613 victima.
579 1557 685 1611 Per
708 1551 862 1611 hanc
884 1551 1044 1612 enim
1071 1551 1277 1611 hostiae
1312 1550 1497 1614 veluti
1527 1551 1843 1611 immolatae
1866 1553 2236 1633 praesentiam
2269 1555 2425 1612 Deus

299 1661 368 1708 ut
401 1650 538 1710 vitae
569 1659 630 1708 et
664 1648 867 1707 mortis
901 1658 1102 1707 auctor
1137 1646 1382 1719 colitur3
1420 1648 1484 1705 in
1506 1668 1621 1728 quo
1654 1668 1792 1707 vera
1817 1647 2086 1706 Sacrificii
2113 1648 2261 1707 ratio
2282 1693 2297 1722 ,
2335 1648 2422 1706 uti

298 1746 599 1804 innuimus
619 1790 635 1819 ,
675 1744 953 1804 consistit.
984 1744 1153 1802 Enim
1178 1764 1318 1804 vero
1333 1742 1443 1801 hac
1456 1743 1697 1822 mystica
1726 1743 2128 1802 immolatione
2159 1743 2422 1802 Christus

300 1840 449 1900 illud
483 1840 639 1901 idem
672 1838 911 1899 exhibet
939 1839 1325 1914 Sacrificium,
1365 1837 1523 1921 quod
1550 1837 1690 1898 reali
1721 1839 2016 1918 sanguinis
2046 1839 2330 1898 effusione
2358 1841 2422 1897 in

300 1958 468 1997 cruce
499 1938 949 1998 consummavit.
1994 1993 1998 1996 ,

344 2049 348 2057 “
382 2031 526 2093 249.
577 2034 856 2093 Accurate
894 2042 1092 2091 autem
1132 2031 1551 2092 animadvertit
1590 2029 1751 2090 idem
1793 2041 1993 2090 auctor
2019 2076 2036 2106 ,
2081 2030 2153 2088 ad
2202 2030 2425 2089 consti-

300 2123 591 2190 tuendum
643 2129 769 2190 veri
817 2128 1072 2188 nominis
1114 2127 1500 2202 Sacrificium,
1556 2126 1785 2185 etiamsi
1830 2125 2424 2186 commemorativum

300 2226 450 2285 illud
474 2226 650 2285 fuerit
671 2270 687 2300 ,
725 2246 848 2284 non
875 2224 1138 2284 sufficere
1166 2222 1416 2305 simplex
1449 2223 1681 2302 signum
1716 2222 1801 2281 rei
1839 2220 2050 2280 oblatae
2071 2267 2087 2296 ,
2134 2219 2238 2280 sed
2272 2220 2428 2278 insu-

301 2345 409 2406 per
457 2344 585 2382 rem
621 2322 809 2403 ipsam
858 2320 1095 2402 requiri.
1131 2321 1190 2379 Si
1226 2320 1385 2380 enim
1429 2320 1660 2399 signum
1703 2307 2112 2377 tantummodo
2149 2315 2379 2376 adesset
2408 2361 2424 2391 ,

302 2441 425 2478 non
461 2418 815 2478 Sacrificium
849 2415 1202 2490 haberetur,
1246 2416 1351 2475 sed
1394 2414 1664 2474 Sacrificii
1701 2414 1912 2494 imagO.
1949 2415 2100 2473 Hinc
2137 2413 2201 2470 in
2228 2413 2430 2472 Sacra-

301 2517 731 2576 mentariorum
762 2512 1077 2595 hypothesi
1122 2511 1384 2571 Christus
1430 2532 1566 2574 vere
1614 2531 1676 2569 se
1725 2509 1850 2591 ipse
1892 2507 2264 2568 immolatum
2305 2526 2428 2563 non

301 2609 640 2687 exhiberet,
677 2608 779 2669 sed
815 2608 1235 2668 immolationis
1266 2608 1330 2666 in
1369 2627 1535 2665 cruce
1569 2604 1709 2664 olim
1735 2615 1983 2686 peractae
2021 2604 2266 2681 figuram
2290 2610 2430 2658 tan·-

303 2719 434 2767 tum
471 2706 642 2766 nobis
681 2705 1048 2787 reliquisset,
1096 2704 1356 2785 adeoque
1412 2724 1621 2762 verum
1671 2715 1794 2760 non
1843 2698 2162 2758 haberetur
2210 2696 2432 2755 Sacrifi-

242 2812 245 2816 ’
308 2804 463 2862 cium
498 2803 607 2884 (1).

389 2898 532 2958 250.
578 2901 665 2957 Ita
692 2897 788 2956 hic
809 2896 1013 2956 doctus
1038 2896 1381 2976 TheologUS.
1411 2895 1528 2954 Nos
1555 2893 1802 2953 minime
1818 2889 2252 2964 contendimus,
2282 2888 2435 2946 hanc
2461 2919 2463 2921 v

311 2994 545 3054 unicam
596 2993 757 3055 viam
797 3013 918 3053 esse
954 2993 1032 3052 ad
1076 2987 1391 3054 'veritatem
1424 2990 1697 3049 Sacrificii
1737 2988 1923 3047 nostri
1966 2983 2430 3056 adstruendam3

313 3090 416 3149 sed
445 3089 557 3148 hoc
584 3110 778 3147 unum
807 3088 1051 3148 dicimus
1075 3133 1092 3163 ,
1120 3108 1250 3147 eam
1280 3085 1449 3145 nobis
1487 3084 1674 3147 videri
1708 3082 2165 3143 commodiorem
2198 3079 2274 3138 ad
2299 3099 2438 3160 pro-

224 3252 227 3254 *
308 3186 576 3268 positum
604 3186 790 3244 finem
825 3182 1218 3244 obtinendum
1241 3227 1258 3259 ‚
1298 3183 1422 3243 sive
1460 3182 1594 3262 quia
1630 3180 1784 3240 tollit
1810 3179 2168 3262 praecipuam
2197 3173 2441 3233 difficul-

314 3291 502 3340 tatem
523 3326 539 3355 ,
586 3302 701 3362 qua
727 3279 934 3339 eadem
967 3279 1184 3341 veritas
1219 3278 1599 3360 impugnatur
1619 3322 1635 3352 ,
1676 3276 1800 3339 sive
1827 3275 1963 3357 quia
1997 3276 2239 3332 Patrnm
2266 3269 2438 3329 effata

314 3377 537 3459 optime
582 3397 717 3435 cum
753 3397 819 3435 ea
848 3375 1265 3450 conciliantur,
1314 3374 1434 3435 sive
1464 3372 1705 3432 demum
1743 3371 1877 3453 quia
1903 3373 2297 3428 Protestantes
2318 3408 2334 3437 ,
2375 3383 2442 3421 ea

316 3470 499 3532 semel
533 3471 852 3530 constituta
871 3516 886 3543 ,
921 3470 1072 3529 nihil
1095 3469 1350 3551 amplius
1372 3468 1597 3528 habent
1618 3513 1633 3543 ,
1663 3490 1778 3550 quo
1804 3489 1836 3525 a
1871 3464 2135 3524 doctrina
2161 3457 2443 3519 catholica

316 3568 463 3627 circa
490 3567 649 3627 hunc
677 3566 987 3627 articulum
1025 3565 1395 3625 admittenda
1435 3564 1815 3625 retrahantur
1844 3562 1956 3641 (1).
1994 3563 2122 3618 Duo
2155 3552 2445 3636 siquidem

378 3771 442 3838 (1)
480 3772 604 3822 Ibid.
625 3773 744 3839 disp.
764 3788 913 3822 ccxxu
937 3809 951 3835 ,
972 3789 1073 3839 cap.
1087 3769 1139 3835 8,
1161 3789 1207 3821 n.
1225 3767 1312 3820 66.
