2502 4186
2112 196 2228 256 353

601 213 727 250 CAP.
773 212 856 252 lv.
907 212 975 248 DE
1017 209 1282 248 ImomA'rn
1309 232 1325 255 a,
1369 210 1554 264 VOCE,
1596 212 1714 250 ETC.

116 352 361 416 Ecclesia
385 374 517 414 eam
547 354 814 436 usurpari
842 352 915 413 ab
941 374 1010 413 eo
1029 398 1046 427 ,
1071 373 1247 434 quem
1285 350 1599 412 obtrudere
1636 353 1855 416 vellent
1891 356 2226 420 adversarii.

115 449 347 510 Etenim
369 459 565 530 ,prout
581 447 854 510 observat
875 447 1220 521 Martenius,
1245 445 1336 504 his
1352 447 1693 525 conjecturis
1716 444 2024 533 plus'aequo
2039 452 2232 513 indul-

115 554 316 625 gentes
344 543 507 602 nullo
536 554 802 605 veterum
830 540 1163 602 testimonio
1197 540 1470 598 nituntur
1487 584 1503 613 ,
1547 540 1745 622 eisque
1774 544 2097 625 refragatur
2123 569 2224 607 an-

113 640 312 720 tiquus
333 637 482 698 liber
506 636 984 696 sacramentarius
1016 635 1137 694 MS.
1164 633 1412 693 ecclesiae
1442 634 1793 696 Turonensis
1814 682 1831 712 ,
1869 639 1933 697 in
1958 661 2074 721 quo
2099 663 2233 702 ora..

115 734 304 794 tiones
343 731 635 814 praedictae
657 777 673 807 ,
715 753 837 791 non
884 739 1149 799 secretae,
1201 726 1306 787 sed
1348 747 1594 786 arcanae
1620 743 2093 811 'nuncupantur;
2140 737 2232 797 cui

115 829 360 909 adJicere
387 849 694 910 possumus
725 847 929 886 omnes
958 824 1228 906 antiquos
1261 843 1558 883 sacrorum
1578 824 1801 884 rituum
1832 829 2190 907 expositores
2209 876 2226 906 ,

113 923 440 1005 praesertim
479 943 618 982 vero
646 920 1002 981 Amalarium
1035 938 1148 978 sec.
1188 919 1266 977 IX
1286 962 1303 991 ,
1336 916 1708 998 Rhemigium
1735 939 1848 978 sec.
1878 920 1970 994 X,
2010 923 2112 1002 qui
2135 944 2230 985 se-

116 1027 300 1076 cretas
324 1038 356 1075 a
384 1015 617 1076 silentio
645 1026 864 1076 secreto
895 1013 1167 1074 derivant
1192 1011 1305 1092 (1).

197 1110 340 1170 400.
393 1111 481 1171 Ad
505 1114 614 1187 2¹1¹,
655 1111 806 1190 Neq.
846 1106 1219 1168 Mabillonius
1261 1106 1422 1166 enim
1460 1107 1784 1168 innumeris
1824 1132 2009 1194 prope
2045 1113 2234 1174 allatis

115 1204 478 1266 documentis
508 1227 580 1266 ex
607 1202 890 1265 Venantio
920 1203 1236 1261 Fortunato
1256 1245 1271 1276 ,
1321 1202 1618 1281 Reginone
1638 1246 1655 1279 ,
1698 1204 2016 1266 Hincmaro
2036 1253 2053 1284 ,
2097 1210 2236 1269 Gre-

119 1300 275 1380 gorio
289 1300 613 1360 Turonensi
634 1343 651 1374 ,
675 1309 782 1358 etc.
825 1296 1151 1356 luculenter
1179 1295 1439 1371 ostendit
1460 1342 1477 1371 ,
1503 1318 1673 1358 voces
1700 1311 1918 1360 cantus·
1928 1344 1952 1373 ,
1981 1323 2197 1363 canere
2208 1348 2233 1377 ,

114 1406 362 1455 cantare
387 1439 411 1468 ,
441 1393 728 1454 adhibitas
757 1393 932 1452 fuisse
958 1412 1134 1450 sensu
1178 1391 1513 1462 recitandi,
1549 1412 1615 1450 ac
1650 1404 1960 1474 propterea
1987 1397 2236 1478 perinde

115 1511 238 1551 esse
280 1495 411 1550 sine
443 1500 624 1561 cantu
663 1509 728 1548 ac
765 1489 1069 1547 submissa
1116 1505 1248 1543 voce
1283 1485 1393 1565 (2).
1440 1484 1619 1544 Nobis
1662 1487 1800 1545 satis
1835 1491 1912 1547 sit
1947 1490 2237 1555 adducere

113 1586 515 1645 testimonium
545 1583 832 1662 Rhemigii
872 1578 1359 1641 Antisiodorensis
1379 1624 1394 1653 ,
1424 1580 1609 1661 quiin
1639 1580 2025 1662 explicatione
2056 1608 2234 1669 super

115 1681 414 1740 Canonem
434 1680 620 1739 Missae
640 1722 656 1752 ,
673 1677 774 1735 ubi
797 1676 1086 1735 rationem
1106 1672 1303 1732 reddit
1330 1718 1346 1747 ,
1366 1693 1468 1732 cur
1496 1694 1684 1732 canon
1706 1679 1882 1734 tacite
1913 1679 2190 1740 recitetur
2217 1705 2230 1741 z

113 1776 377 1845 Idcirco,
409 1773 602 1854 inquit
619 1816 636 1846 ,
660 1775 830 1830 venit
843 1769 1199 1828 consuetudo
1221 1812 1237 1842 ,
1266 1777 1339 1825 ut
1359 1770 1534 1826 tacite
1555 1770 1692 1848 ipsa
1716 1770 2037 1832 obsecratio
2060 1785 2236 1854 atque

111 1872 468 1928 consecratio
502 1889 542 1926 a
579 1866 888 1925 Sacerdote
926 1873 1238 1936 cantetur,
1276 1883 1351 1919 ne
1384 1864 1567 1921 verba
1607 1873 1734 1922 tam
1778 1886 1955 1924 sacra
1996 1870 2233 1929 vilesce-

108 1974 243 2022 rent
257 1962 366 2043 (3).
388 1963 471 2021 Ex
486 1982 601 2042 quo
632 1959 795 2019 facile
826 1958 1070 2040 quisque
1099 1955 1386 2034 intelliget
1408 2001 1423 2029 ,
1452 1959 1901 2018 submissa'voce
1927 1983 2051 2022 non
2077 1963 2235 2024 idem

108 2079 231 2118 esse
252 2079 316 2117 ac
340 2063 468 2116 sine
499 2066 686 2115 cantu
716 2099 732 2130 ,
760 2054 862 2114 sed
885 2062 1122 2134 „secreto
1149 2095 1165 2126 ,
1204 2061 1271 2109 ut
1309 2049 1461 2110 bene
1506 2051 1750 2112 adnotat
1783 2056 2100 2118 Martenius
2127 2059 2235 2140 (4).

177 2294 247 2358 (l)
286 2294 382 2344 cfr.
410 2292 606 2355 Marten.
631 2292 710 2341 De
742 2293 961 2356 antiquis
978 2288 1119 2339 Eccl.

111 2376 287 2424 ritibus
311 2413 326 2439 ,
369 2376 455 2425 lib.
484 2394 503 2424 1
524 2414 537 2435 ,
577 2393 680 2440 cap.
711 2373 770 2438 4,
807 2384 894 2422 art.
923 2372 983 2431 8,
1014 2372 1042 2439 ἓ
1071 2371 1124 2422 5.

178 2458 249 2521 (2)
278 2457 564 2523 Disquisitio
581 2457 637 2505 de
656 2473 802 2505 cursu
833 2454 1087 2504 Gallicano
1104 2491 1118 2514 ,

111 2556 215 2606 quae
231 2551 295 2588 est
317 2542 374 2588 ad
393 2541 565 2589 calcem
578 2557 654 2604 op.
675 2538 746 2588 De
759 2538 988 2603 Liturqia
1005 2537 1123 2585 Gal-

110 2621 272 2670 licana
308 2622 514 2688 ejusdem
542 2623 756 2670 auctoris.
786 2620 886 2679 Cfr,
922 2638 969 2685 p.
997 2619 1122 2683 412-

112 2701 212 2767 416
228 2714 271 2752 et
285 2721 413 2770 seqq.
434 2702 556 2752 Sane
572 2705 921 2768 antiquissimus
941 2711 1119 2759 auctor,

112 2802 140 2832 a
181 2784 345 2834 Cocleo
381 2788 611 2851 primum,
639 2802 692 2833 ac
735 2783 902 2833 deinde
945 2782 1120 2831 Molch.

115 2865 341 2931 Hittorpio
367 2883 426 2915 ex
458 2867 742 2916 venerandae
782 2867 1026 2914 vetustatis
1043 2882 1123 2913 co-

114 2947 293 2996 dicibus
333 2947 516 3008 editus,
552 2951 718 3013 quaeri‘t
755 2951 804 2997 in
840 2950 1123 3013 expositione

115 3028 261 3077 Missae
281 3046 294 3077 ε
315 3029 418 3077 Cur
452 3030 522 3077 Te
543 3032 697 3094 iqitur
707 3039 878 3077 secreto
899 3031 1120 3077 canitur?

115 3108 251 3158 Addo
266 3146 282 3172 ,
299 3113 452 3176 ipsum
465 3112 671 3161 codicem
685 3112 1023 3170 Pistoriensem,
1039 3114 1121 3179 qui

110 3192 245 3239 nobis
286 3193 505 3258 objicitur
525 3229 543 3254 ‚
571 3194 620 3240 id
640 3196 795 3258 ipsum
824 3194 1118 3243 confirmare.

110 3272 228 3322 Satis
259 3277 383 3322 enim
413 3285 479 3324 est
501 3274 641 3323 verba
671 3277 768 3339 ipsa
808 3276 1119 3339 perpendere,

110 3365 161 3402 ut
190 3365 373 3419 pateat,
407 3357 534 3405 velut
565 3359 832 3422 synonimas
851 3359 962 3424 poni
992 3374 1123 3417 voces

110 3435 265 3484 dicere
306 3448 351 3485 et
378 3446 590 3487 cantare.

179 3517 240 3583 (3)
277 3520 413 3584 Apud
452 3519 696 3568 Mabillon.
738 3520 835 3568 loc.
884 3522 963 3568 cit.
1010 3519 1127 3582 vid,

110 3603 246 3649 etiam
268 3602 408 3667 apud.
445 3601 641 3651 Manen.
670 3602 760 3651 loc.
794 3604 875 3651 cit.
908 3613 993 3651 art.
1032 3620 1082 3652 11
1112 3637 1128 3662 ‚

113 3684 299 3747 antiqua
342 3686 564 3749 expositio
598 3684 748 3733 Μίδεω
779 3701 982 3733 romanae
1022 3696 1127 3735 ante

192 3763 252 3821 T.
298 3764 400 3822 vl.

1206 2306 1351 2338 annos
1370 2299 1623 2355 nongentos
1641 2293 1806 2357 scripta
1828 2328 1841 2353 ,
1866 2310 1972 2359 pag.
1991 2291 2113 2360 447.
2129 2294 2233 2346 Alia

1204 2372 1288 2419 cfr.
1324 2372 1449 2437 apud
1479 2371 1731 2420 Robertum
1755 2371 1909 2422 Salam
1929 2411 1943 2436 ‚
1970 2385 2151 2426 annott.
2170 2379 2231 2427 ad

1206 2453 1343 2501 Card.
1363 2453 1494 2501 Bona
1511 2486 1530 2514 ‚
1549 2453 1727 2501 Rerum
1737 2453 1904 2519 liturq.
1924 2455 2011 2506 lib.
2029 2473 2067 2504 11
2080 2492 2097 2519 ‚
2130 2475 2235 2526 cap.

1212 2533 1345 2600 13,§
1381 2551 1431 2593 ι,
1453 2545 1556 2582 not.
1593 2551 1628 2601 9
1649 2545 1694 2583 ct
1725 2552 1803 2585 10.

1275 2617 1343 2679 (lt)
1367 2615 1456 2664 Hic
1474 2618 1599 2664 enim
1616 2617 1955 2667 eruditissimus
1984 2629 2161 2684 auctor,
2180 2623 2232 2671 in

1207 2715 1288 2763 op.
1344 2697 1625 2745 Thesaurus
1666 2714 1820 2746 novus
1851 2700 2191 2750 anecdotorum
2208 2740 2223 2764 ‚

1207 2779 1353 2827 Paris.
1390 2795 1514 2844 ¹7¹7
1537 2816 1550 2839 ‚
1586 2789 1700 2828 tom.
1720 2798 1749 2829 v
1768 2817 1782 2840 ,
1802 2798 1909 2846 pag.
1940 2798 2064 2843 102,
2087 2783 2231 2833 edidit

1205 2862 1463 2925 antiquum
1488 2859 1704 2908 ordinem
1732 2877 1989 2910 romanum
2004 2865 2063 2912 ad
2082 2883 2226 2914 usum

1209 2947 1595 2993 monasteriorum
1613 2955 1722 2994 ante
1733 2964 1880 2995 annos
1902 2950 2083 2997 circiter
2097 2950 2227 2999 mille

1207 3030 1626 3078 accommodatum.
1656 3029 1797 3078 Porro
1839 3032 1890 3078 in
1933 3031 2024 3079 hoc
2069 3033 2232 3083 ordine

1206 3112 1404 3177 legitur:
1426 3110 1584 3158 Dicat
1607 3110 1886 3176 (Sacerdos)
1914 3114 2181 3162 orationem
2206 3150 2222 3175 ‚
2289 3148 2291 3150 -

1205 3203 1251 3242 et
1263 3202 1432 3242 secrete
1443 3192 1575 3240 nullo
1595 3192 1690 3241 alio
1708 3193 1934 3241 audiente
1952 3231 1966 3254 ,
1996 3197 2101 3243 nisi
2119 3204 2230 3244 tan-

1206 3285 1308 3324 tum
1338 3283 1393 3323 ut
1416 3275 1595 3323 venerit
1622 3275 1688 3321 ad
1715 3275 1802 3323 hoc
1830 3275 2028 3323 verbum
2076 3297 2092 3322 .·
2135 3294 2230 3343 per

1208 3360 1372 3407 omnia
1394 3356 1569 3404 eaecula
1601 3356 1903 3406 saeculorum.
1935 3357 1990 3407 In
2011 3358 2225 3407 admoni-

1209 3443 1355 3500 tione,
1375 3457 1516 3505 quam
1530 3442 1580 3487 in
1598 3440 1726 3487 hunc
1740 3439 1949 3487 ordinem
1976 3441 2217 3503 praemisit,

1213 3521 1467 3570 Martenius
1491 3521 1590 3568 haec
1612 3520 1825 3585 praeclare
1850 3520 2041 3567 adnotat
2076 3534 2092 3565 τ
2125 3518 2233 3583 Qui

1215 3603 1344 3652 locus
1359 3603 1570 3668 sufficere
1589 3601 1723 3650 debet
1734 3601 1800 3648 ad
1811 3599 2089 3663 refutandos
2104 3615 2228 3647 non-

1212 3685 1368 3735 nullos
1392 3686 1658 3734 novitatum
1676 3690 1910 3730 amatores
1929 3717 1942 3739 ,
1970 3684 2058 3745 qui
2068 3689 2233 3737 contra

1907 3759 1987 3817 23
