2502 4186
267 226 387 288 206
902 220 1216 285 'mam-nus
1258 247 1326 283 nn
1369 245 1760 287 nucnsmsrm.
1812 268 1816 273 «

355 388 489 448 114.
537 389 682 444 [nst.
723 386 932 467 prima.
982 386 1199 446 Saltem
1245 386 1402 446 istud
1445 386 1654 467 dogma
1697 411 1934 450 omnem
1967 394 2380 454 certitudinem

272 482 517 544 destruit
544 501 616 539 ex
655 491 822 561 parte
869 495 1172 540 sensuum.
1213 484 1362 541 Nam
1404 482 1466 540 10
1498 503 1735 557 sensus,
1776 484 1923 543 facta
1959 488 2134 546 etiam
2177 472 2382 548 conse-

272 577 528 636 cratione
562 619 578 648 .,
629 596 751 633 non
784 575 1106 636 ¹enunciant
1151 577 1265 635 nisi
1306 597 1539 659 panem.
1587 579 1655 634 20
1706 581 1828 637 Imo
1870 598 1991 638 non
2026 581 2106 639 ita
2154 584 2382 663 pridem

272 671 539 730 instituta
570 692 602 729 a
633 670 935 729 nonnullis
975 671 1195 752 analysi
1226 672 1484 752 chymica
1527 672 1824 750 eujusdam
1861 675 2158 756 particulae
2190 697 2384 738 conse-

272 776 478 838 cratae„
516 764 679 825 nulla
722 766 785 824 in
822 787 887 825 ca
925 777 1156 847 reperta
1199 777 1288 826 est
1318 765 1644 826 substantia
1681 770 1945 828 animalis
1969 816 1986 845 a
2040 770 2142 830 sed
2197 771 2384 831 solum

271 859 598 920 substantia
615 860 929 940 vegetalis3
958 872 1219 920 attamen
1244 883 1351 921 nos
1374 860 1611 920 credere
1637 873 2003 940 teneremur,
2025 883 2148 925 esse
2171 866 2387 925 Christi

274 956 517 1037 Corpus.
568 954 634 1014 3⁰
678 958 762 1015 De
806 955 968 1017 nulla
1015 956 1211 1038 itaque
1262 973 1324 1016 re
1373 957 1512 1016 certi
1555 978 1678 1016 esse
1728 978 2070 1039 possemus3
2122 960 2188 1018 40
2232 981 2387 1042 prae·

273 1051 477 1110 sertim
515 1071 647 1109 cum
688 1051 855 1132 panis
899 1061 1263 1115 consecratus
1292 1075 1400 1111 nos
1445 1053 1668 1110 nutriat
1696 1096 1714 1125 -,
1760 1064 1821 1112 et
1855 1054 2060 1112 vinum
2097 1054 2382 1129 inebriet,

276 1161 342 1208 ac
374 1158 562 1206 cetera
589 1156 906 1226 praestent,
944 1167 1074 1227 quoe
1098 1147 1263 1226 panis
1286 1148 1526 1229 vinique
1550 1146 1888 1207 substantiae
1918 1149 2146 1209 ‘efficere
2170 1150 2380 1210 solent.

277 1242 343 1301 50
385 1243 503 1300 Nec
542 1259 828 1321 reponere
863 1243 1033 1318 juvat
1066 1259 1201 1300 cum
1236 1243 1309 1301 S.
1348 1242 1568 1300 Thoma
1602 1286 1619 1317 ,
1670 1243 1988 1301 accidentia
2014 1287 2030 1317 7
2071 1256 2197 1325 qu'oe
2222 1290 2237 1319 ,
2281 1245 2387 1304 de-

277 1346 492 1396 structa
518 1334 687 1418 panis
718 1335 955 1416 vinique
976 1334 1297 1394 substantia
1326 1381 1342 1411 ,
1370 1346 1474 1417 per
1501 1336 1845 1396 miraculum
1881 1336 2099 1419 absque
2130 1339 2387 1417 subJecto

277 1431 603 1492 subsistunt
632 1475 648 1504 .,
687 1430 815 1490 illos
846 1431 999 1513 ipsos
1030 1430 1269 1491 effectus
1303 1430 1620 1512 producere
1646 1474 1662 1505 ‚
1702 1453 1846 1513 quos
1892 1431 2215 1491 substantia
2249 1455 2388 1514 pro-

278 1527 488 1588 ducere
519 1525 741 1585 solebat
765 1527 884 1586 sive
911 1527 1179 1607 passione
1210 1528 1332 1587 sive
1369 1528 1594 1586 actione
1616 1570 1631 1601 2,
1673 1529 1807 1609 quia
1840 1543 1945 1611 per
1973 1528 2216 1587 modum
2246 1528 2388 1587 sub-

277 1623 505 1682 stantiae
533 1620 890 1694 subsistunt3
929 1620 1150 1680 theoria
1186 1622 1344 1680 enim
1374 1621 1447 1681 de
1473 1621 1865 1682 accidentibus
1899 1620 2175 1682 absolutis
2203 1635 2331 1682 tum
2356 1645 2389 1682 a

277 1718 513 1802 physica
556 1729 685 1775 tum
729 1738 760 1775 a
809 1737 948 1774 sana
992 1715 1360 1798 philosophia
1420 1716 1678 1795 reJicitur
1702 1759 1722 1793 ,
1784 1738 1920 1776 cum
1975 1719 2194 1799 species
2240 1717 2389 1777 nihil

282 1813 444 1872 aliud
480 1812 600 1871 sint
639 1811 752 1870 nisi
776 1811 1031 1870 materiae
1068 1810 1228 1869 modi
1263 1822 1323 1870 et
1373 1809 1702 1871 affectiones
1724 1858 1738 1887 ,
1777 1828 1904 1894 quae
1937 1826 2247 1896 propterea
2285 1835 2391 1872 nec

278 1909 385 1968 Dei
426 1909 644 1969 virtute
694 1906 767 1966 ab
809 1928 881 1973 ea
927 1906 1181 1987 separari
1227 1918 1507 1987 possunt„
1560 1918 1733 1987 prout
1785 1909 2041 1990 separari
2086 1920 2389 1990 nequeunt

276 2003 581 2064 volitiones
613 2024 646 2062 a
671 2002 996 2062 voluntate.
1037 2002 1101 2059 6ο
1132 2000 1396 2075 Accedit7
1432 2000 1591 2082 quod
1622 2013 1729 2061 nec
1771 2005 2075 2084 concipere
2112 2025 2217 2060 nos
2252 2024 2389 2083 pos-

279 2100 457 2158 simus
479 2143 496 2173 ,
523 2120 636 2180 qua
660 2098 882 2157 ratione
909 2098 1196 2176 integrum
1225 2095 1551 2154 humanum
1579 2097 1798 2178 Corpus
1820 2099 1882 2156 in
1908 2114 2104 2179 parvae
2129 2096 2390 2155 hostiolae

281 2196 469 2275 spatio
531 2194 932 2267 contineatur,
975 2193 1043 2251 70
1075 2189 1336 2272 illudque
1377 2195 1561 2269 majus
1605 2191 1873 2252 minusve
1915 2192 1988 2250 sit
2041 2209 2146 2273 pro
2188 2190 2391 2268 majori

279 2290 567 2348 minorive
606 2289 806 2347 hostiae
852 2286 1288 2366 magnitudine,
1338 2305 1468 2366 quae
1502 2285 1548 2343 si
1585 2285 1880 2365 frangatur
1905 2333 1921 2365 ,
1961 2308 2068 2369 pro
2098 2286 2389 2365 fragmen-

281 2395 476 2443 torum
501 2404 748 2442 numero
776 2393 996 2442 crescat
1028 2381 1288 2459 ejusdem
1319 2381 1574 2461 corporis
1604 2381 2024 2463 multiplicatio.
2058 2384 2220 2461 Ergo,

365 2478 502 2537 115..
552 2479 726 2558 Resp.
774 2477 925 2558 Neq.
962 2488 1091 2536 am.
1128 2475 1216 2535 Ad
1256 2476 1334 2534 1¹¹¹
1363 2474 1533 2556 prob.
1577 2477 1730 2535 Dist.
1778 2479 1989 2535 Sensus
2028 2478 2388 2534 annunciant

282 2575 496 2657 species
520 2574 642 2635 sive
667 2573 1070 2655 apparentiam
1101 2573 1305 2653 paniS,
1339 2593 1531 2638 ἴωπας
1566 2571 1953 2630 substantiam
1981 2588 2083 2630 seu
2116 2581 2388 2629 naturam

283 2671 448 2751 panis
469 2714 486 2743 .,
528 2691 655 2749 neq.
684 2667 955 2727 Officium
978 2670 1138 2727 enim
1160 2688 1436 2727 sensuum
1454 2712 1471 2741 ,
1513 2667 1836 2749 praesertim
1869 2679 2006 2725 vero
2039 2667 2195 2725 visus
2216 2711 2231 2740 .,
2268 2688 2388 2724 non

285 2775 549 2824 versatur
590 2765 737 2822 circa
765 2762 1022 2844 corporis
1060 2773 1333 2821 naturam
1361 2773 1463 2820 aut
1492 2762 1830 2835 essentiam,
1874 2781 1975 2818 seu
2009 2772 2074 2819 ut
2102 2782 2234 2819 cum
2265 2763 2390 2819 Lu·-

286 2860 463 2920 cretio
490 2860 697 2940 loquar
727 2881 741 2916 ε
783 2858 911 2917 Nee
939 2868 1192 2937 possunt
1222 2859 1383 2916 oculi
1403 2868 1696 2915 naturam
1735 2872 1964 2914 noscere
1999 2876 2246 2922 mmmm
2288 2855 2392 2915 sed

287 2954 476 3014 solum
501 2965 810 3014 versantur
837 2954 983 3012 circa
1007 2953 1374 3012 existentiam
1396 2997 1412 3025 n
1440 2963 1499 3010 et
1523 2972 1617 3026 ea,
1642 2973 1770 3031 quae
1792 2962 2078 3032 apparent
2098 2950 2160 3009 in
2185 2951 2391 3010 eodem

288 3070 563 3131 corpore3
616 3051 736 3107 imo
777 3050 839 3107 in
878 3048 988 3107 hoc
1026 3048 1151 3129 ipso
1187 3045 1510 3126 corrigendi
1544 3045 1894 3127 quandoque
1938 3067 2138 3105 sensus
2180 3056 2319 3104 sunt
2357 3066 2391 3103 a

289 3146 531 3204 ratione.
566 3144 751 3203 Multo
796 3145 970 3222 igitur
1011 3143 1202 3201 minus
1239 3163 1441 3201 eorum
1481 3141 1774 3201 adhaerere
1813 3140 2027 3219 judicio
2075 3139 2389 3214 debemus7

291 3260 424 3297 cum
460 3261 566 3298 nos
603 3249 971 3299 commoneat
998 3237 1196 3297 divina
1227 3236 1534 3295 auctoritas
1554 3281 1570 3311 ‚
1619 3258 1739 3295 non
1769 3258 1891 3295 esse
1934 3237 1996 3294 in
2028 3235 2390 3317 Eucharistia

291 3335 402 3392 nisi
425 3335 827 3416 apparentiam
850 3334 1015 3414 panis
1038 3378 1053 3406 ,
1089 3354 1264 3413 quam
1287 3334 1438 3391 Deus
1470 3330 1563 3392 vel
1589 3353 1695 3412 per
1728 3353 1788 3391 se
1819 3331 1912 3393 vel
1943 3352 2047 3412 per
2068 3330 2256 3388 media
2283 3328 2390 3387 sibi

293 3429 398 3488 soli
421 3441 559 3488 nota
577 3474 593 3504 ,
627 3428 919 3488 destructa
943 3428 1108 3509 panis
1130 3425 1450 3485 substantia
1474 3473 1489 3501 .,
1522 3428 1582 3485 in
1606 3426 1774 3486 nobis
1795 3427 2043 3487 excitare
2064 3435 2255 3506 potest
2275 3424 2386 3503 (l).

364 3592 426 3654 (Ι)
465 3591 562 3640 cfr.
589 3591 770 3656 Bergier
787 3624 803 3651 ,
839 3590 1008 3638 Traite
1038 3589 1296 3653 histor-ique
1381 3599 1427 3638 et
1458 3608 1587 3657 seqq.
1609 3590 1820 3639 Palmieri
1834 3625 1852 3651 ,
1872 3586 2077 3636 Analisi
2094 3588 2343 3652 mqionata
2364 3623 2380 3649 ,

294 3682 339 3720 et
370 3673 669 3738 doqmatique
705 3672 760 3719 cle
797 3670 845 3719 la
873 3673 1009 3720 vraie
1041 3670 1265 3735 Reliqion
1287 3708 1301 3731 ,
1382 3682 1466 3721 ctc.
1502 3683 1615 3722 tom.
1650 3690 1695 3721 vn
1722 3709 1735 3734 ,
1766 3689 1813 3737 p.
1846 3667 1946 3721 356
1974 3681 2018 3719 et
2047 3687 2144 3736 seq.

297 3765 407 3804 tom.
440 3767 518 3816 lv,
563 3770 610 3821 p.
640 3751 770 3819 341,
806 3764 852 3803 et
888 3759 1002 3802 tom.
1027 3772 1081 3815 x,
1117 3769 1167 3818 p.
1211 3750 1299 3817 147
