2502 4186
400 290 528 328 cAP.
574 291 616 326 1.
665 291 732 326 nn
774 288 934 327 nem
977 286 1189 328 cnmsrl
1230 284 1542 325 masam-u
1585 284 1647 322 nv
1688 283 1932 325 nucum.
2101 266 2214 325 197

100 431 357 508 jubere‚·
389 431 590 510 fiqura
624 441 708 488 est
750 451 882 510 erqo
903 433 1266 510 praecipiens
1285 431 1568 508 passioni
1601 429 1920 487 dominica·
1954 448 2223 489 commu-

118 524 454 582 nicandum
471 567 494 595 ,
526 535 582 582 et
601 530 867 583 suaviter
885 535 1060 603 atque
1082 525 1311 582 utiliter
1337 521 1774 581 recondendum
1810 528 1877 582 in
1905 529 2222 596 memoria,

117 619 279 697 quod
308 639 426 697 pro
468 620 640 677 nobis
684 639 823 677 caro
857 623 984 696 ejus
1023 617 1314 695 crucifiaa
1351 627 1407 675 et
1443 610 1758 675 vulnerata
1795 622 1894 675 sit.
1943 618 2008 675 50
2048 620 2224 678 Recte

116 723 425 793 propterea
477 712 676 770 Tract.
707 713 823 771 XX
833 714 888 772 V
907 718 973 771 in
1000 713 1180 771 Joan.
1217 710 1460 792 loquens
1488 709 1560 769 de
1601 710 2047 771 manducatione
2082 713 2226 772 Cor-

117 807 272 886 poris
299 806 510 864 Christi
538 850 553 880 ,
580 805 807 864 dicebat
833 829 846 864 z
882 806 958 866 Ut
984 806 1136 886 quid
1137 826 1332 884 paras
1346 807 1542 864 dentes
1556 815 1612 863 et
1631 805 1935 863 ventrem?
1969 807 2149 866 Crede
2171 819 2226 866 et

116 901 503 958 manducasti
537 901 646 980 (l).
684 902 832 958 Nam
875 902 939 959 6ο
973 911 1039 959 ut
1084 898 1280 958 subdit
1324 899 1527 958 Tract.
1568 899 1787 959 XXVI
1811 921 1831 958 .·
1867 899 2110 958 Credere
2148 905 2220 960 in

61 1037 67 1049 .
115 1014 252 1051 eum
301 994 402 1052 boc
447 1005 532 1052 est
571 997 943 1061 manducare
985 1014 1215 1073 panem
1257 999 1497 1059 vivum;
1538 997 1648 1072 qui
1689 994 1922 1065 credit,
1970 996 2227 1054 mandu-

115 1097 214 1146 cat
241 1085 348 1166 (2).
394 1088 460 1146 70
495 1091 744 1149 Demum
791 1109 1022 1168 semper
1066 1086 1175 1145 sibi
1208 1098 1477 1146 constans
1514 1088 1574 1148 S.
1611 1089 1862 1161 Doctor.,
1912 1086 2015 1146 lib.
2059 1089 2223 1147 Cant.

115 1182 557 1255 Adimantum,
608 1206 657 1243 c.
689 1185 824 1243 XII:
869 1182 1012 1242 Non
1051 1185 1252 1253 enim,
1302 1181 1527 1263 inquit,
1567 1184 1870 1242 Dominus
1924 1184 2232 1241 dubitavit

115 1277 307 1334 dicere
347 1303 364 1334 .·
407 1278 538 1336 Hoc
583 1287 668 1337 est
708 1278 935 1356 Corpus
972 1298 1207 1351 meum,
1250 1297 1391 1335 cum
1440 1281 1685 1356 siqnum
1723 1277 1896 1335 daret
1947 1277 2225 1356 Corporis

114 1377 216 1430 sui
258 1370 392 1451 (3):,
440 1394 614 1454 porro
648 1371 695 1429 si
734 1372 860 1453 quis
893 1371 1060 1431 alteri
1095 1392 1302 1429 aurum
1345 1369 1547 1445 daret,
1587 1369 1787 1428 subdit
1834 1369 2169 1430 Aibertinus
2200 1417 2217 1446 .,

113 1466 404 1547 numquid
429 1477 580 1526 recte
602 1465 675 1525 de
703 1487 771 1525 eo
799 1465 1089 1526 diceretur
1119 1488 1132 1523 ε
1175 1487 1296 1524 non
1324 1464 1614 1527 dubitavit
1646 1486 1849 1524 aurum
1884 1463 2182 1547 appellare
2202 1511 2218 1540 7

115 1559 272 1641 quod
312 1559 530 1620 dabat?
572 1562 739 1640 Ergo,
1308 1572 1310 1574 ’

195 1655 294 1714 92.
342 1657 510 1738 Resp.
553 1656 701 1736 Neq.
727 1668 855 1715 ant.
897 1656 1125 1715 Etenim
1166 1656 1324 1714 inter
1356 1654 1619 1714 Ecclesiae
1663 1655 1860 1713 Patres
1900 1644 2074 1713 nemo
2100 1655 2219 1713 for-

112 1760 263 1809 tasse
305 1750 661 1832 reperietur,
716 1751 815 1832 qui
849 1751 922 1810 de
966 1750 1109 1809 reali
1157 1749 1369 1808 Christi
1406 1748 1717 1831 praesentia
1755 1747 1818 1805 in
1865 1748 2221 1807 Eucharistia

113 1846 436 1925 expressius
474 1855 534 1904 et
568 1845 850 1926 copiosius
897 1844 1140 1904 disserat
1177 1866 1356 1926 quam
1398 1846 1453 1903 S.
1493 1843 1861 1922 Augustinus
1911 1844 2223 1924 Exponens

113 1939 269 1997 enim
294 1938 470 2000 verba
495 1938 706 1999 Psalm.
738 1940 969 1999 XCVIII
1001 1962 1015 1998 z
1041 1940 1304 1999 Adorate
1330 1940 1651 1998 scabellum
1661 1938 1893 2017 pedum
1924 1959 2217 2010 meorum,

109 2030 234 2093 haec
271 2033 434 2093 nullo
477 2033 651 2094 modo
692 2033 980 2094 eludenda
1017 2033 1216 2093 scribit
1256 2057 1272 2092 τ
1314 2035 1550 2114 Anceps
1594 2037 1800 2112 factus
1830 2055 2008 2098 sum;
2045 2038 2220 2093 timeo

112 2128 363 2187 adorare
398 2140 655 2205 terram,
692 2151 764 2188 ne
799 2130 1044 2188 damnet
1083 2151 1179 2189 me
1199 2173 1222 2202 ,
1275 2133 1387 2209 qui
1423 2132 1573 2208 fecit
1606 2130 1820 2188 coelum
1858 2139 1911 2187 et
1957 2139 2182 2187 terram
2200 2152 2219 2195 ,⁴

109 2243 327 2282 rursus
353 2228 526 2282 timeo
558 2245 680 2282 non
714 2225 967 2283 adorare
997 2225 1318 2283 scabellum
1336 2226 1567 2302 pedum
1596 2226 1852 2283 Domini
1878 2228 2002 2281 mei
2015 2268 2031 2297 ,
2071 2228 2220 2302 quia

106 2321 380 2396 psalmus
427 2319 588 2377 mibi
617 2320 769 2377 dicit
805 2344 823 2377 .·
865 2320 1126 2379 Adorate
1163 2320 1480 2379 scabellum
1503 2319 1733 2397 pedum
1776 2322 1927 2395 ejus.
1967 2318 2182 2396 Quoero
2195 2360 2224 2388 ,.

111 2413 272 2490 quod
295 2418 373 2471 sit
407 2415 729 2472 scabellum
750 2414 973 2493 pedum
1001 2419 1130 2492 ejus
1144 2438 1163 2480 ;
1189 2425 1244 2472 et
1268 2415 1420 2472 dicit
1447 2413 1609 2472 mihi
1627 2413 1950 2490 Scriptura
1973 2432 1991 2469 :
2030 2411 2220 2470 Terra

112 2509 435 2567 scabellum
475 2510 706 2588 pedum
743 2530 1032 2567 meorum.
1084 2510 1420 2568 Fluctuans
1462 2517 1727 2566 converto
1770 2527 1864 2565 me
1917 2507 2002 2565 ad
2049 2507 2220 2567 Chri-

113 2611 271 2660 stum
293 2645 314 2674 ,
358 2607 501 2682 quia
528 2608 732 2683 ipsum
761 2626 962 2683 quoero
989 2606 1086 2662 hio
1101 2630 1125 2677 ,-
1156 2616 1211 2662 et
1227 2607 1504 2675 invenio,
1531 2603 1817 2682 quomodo
1852 2606 1980 2661 sine
2001 2607 2221 2683 impie-

115 2707 230 2755 tate
256 2699 544 2758 adoret-ur
577 2710 769 2767 terra,
820 2706 950 2759 sine
986 2703 1289 2779 impietate
1327 2701 1616 2759 adoretur
1646 2700 1968 2758 scabellum
1987 2700 2220 2778 pedum

114 2796 239 2867 ejus
258 2816 278 2858 ,-
310 2799 566 2874 suscepit
606 2801 771 2853 enim
816 2797 887 2853 de
927 2805 1087 2853 terra
1125 2806 1352 2853 terram
1386 2820 1407 2861 ;
1439 2800 1589 2874 quia
1630 2815 1770 2854 caro
1801 2795 1871 2852 de
1902 2804 2064 2853 terra
2098 2806 2185 2854 est
2199 2837 2222 2867 ,

114 2898 171 2945 et
207 2887 276 2944 de
313 2908 493 2947 carne
535 2890 755 2950 Maria>
799 2911 1042 2948 carnem
1083 2897 1328 2969 accepit.
1361 2890 1448 2950 Et
1474 2894 1623 2969 quia
1651 2894 1720 2948 in
1755 2895 1891 2969 ipsa
1920 2911 2102 2949 carne
2126 2892 2224 2949 Mo

115 2983 488 3055 ambulavit,
522 2995 577 3043 et
603 2990 799 3064 ipsam
841 2984 1099 3045 Carnem
1127 2987 1298 3044 nobis
1339 2986 1835 3068 manducandam
1871 2986 2225 3043 adsalutem

116 3078 308 3142 dedit;
337 3099 506 3135 uemo
533 3091 733 3138 autem
761 3082 934 3139 illam
961 3082 1218 3141 Carnem
1246 3082 1578 3139 manducat
1599 3123 1616 3154 ‚
1651 3084 1781 3138 nisi
1794 3084 1981 3159 prius
2006 3081 2227 3138 adora-

114 3177 268 3229 verit
289 3217 304 3245 ,
344 3175 653 3231 inventum
696 3185 811 3246 est,
855 3177 1354 3253 quemadmodum
1410 3176 1693 3233 adoretur
1736 3176 1851 3233 tale
1903 3176 2224 3233 scabellum

103 3268 331 3345 pedum
368 3268 623 3326 Domini
649 3313 665 3339 ,
705 3280 759 3326 et
800 3290 916 3327 non
966 3272 1156 3329 solum
1207 3292 1327 3329 non
1364 3292 1678 3350 peccemus
1731 3270 2087 3343 adorando,
2127 3272 2230 3329 sed

105 3383 414 3440 peccemus
453 3383 572 3420 non
604 3363 911 3423 adorando
937 3363 1049 3444 (4).
1078 3365 1200 3426 Alia
1228 3365 1396 3447 plura
1433 3364 1694 3444 ejusdem
1722 3366 1779 3424 S.
1807 3367 2070 3425 Doctoris
2098 3387 2220 3424 non

188 3581 248 3643 (Ῑ)
286 3581 342 3629 Ν·
367 3598 444 3631 ¹2·
1272 3586 1336 3645 (h)
1372 3583 1430 3632 N.
1459 3581 1511 3634 8.
1536 3583 1645 3632 Haec
1675 3584 1770 3632 fere
1803 3584 1860 3632 ad
1884 3582 2078 3632 verbum
2119 3598 2226 3630 mu·-

189 3660 257 3722 (2)
290 3659 347 3710 Ν·
367 3679 412 3711 ¹·
652 3687 655 3690 ’
1206 3671 1361 3714 tumus
1391 3677 1459 3714 est
1502 3665 1555 3714 S.
1586 3665 1756 3714 Ductor
1785 3683 1839 3714 ex
1871 3663 1927 3713 S.
1958 3663 2215 3712 Ambrosio·

190 3742 261 3804 (3)
293 3743 417 3793 N·3·
1210 3745 1289 3793 De
1317 3745 1509 3812 Spiritu
1530 3747 1703 3795 Sancto
1720 3781 1734 3806 ,
1751 3745 1840 3795 lib.
1869 3762 1923 3793 ιιι
1939 3779 1955 3807 ,
1982 3761 2087 3811 cap.
2131 3758 2224 3805 u,
