2502 4186
287 222 404 284 388
908 238 1225 281 τικοτηυε
1266 240 1336 278 ως
1379 240 1761 282 ronmrnn'ru.

219 429 221 431 -
292 393 522 448 mittere
562 389 633 443 in
665 384 1004 464 ychemzam
1029 406 1050 450 ‚·
1098 387 1188 442 ita
1225 383 1358 442 dico
1390 384 1553 442 vobis
1566 425 1587 455 ,
1621 385 1787 443 hunc
1812 390 2026 445 timete.
2076 391 2247 450 Hunc
2275 411 2429 474 prae-

289 494 444 542 terea
476 479 750 539 timorem
777 476 1003 537 donum
1023 478 1127 537 Dei
1157 498 1283 545 esse
1304 520 1321 556 ,
1345 489 1554 565 aperte·
1569 477 1896 537 ostendunt
1922 482 2183 562 Apostoli
2213 486 2390 546 verba
2407 530 2424 561 ‚

289 579 458 635 Rom.
504 575 632 633 Vm
657 619 673 649 .,
726 573 836 648 15,
888 571 1104 656 quibus
1151 573 1435 656 supponit
1480 571 1715 655 Judaeos
1762 573 2037 635 timorem
2081 575 2191 635 sub
2238 581 2431 641 Veteri

289 673 439 751 Lege
466 693 498 729 a
529 671 650 729 Deo
689 660 1013 751 accepisse}
1042 667 1302 728 scribens
1345 691 1358 726 t
1400 668 1543 729 Non
1580 673 1747 727 enim
1790 675 2103 750 accepistis
2136 676 2430 750 spiritum

284 769 592 827 servitutis
634 768 860 824 iterum
902 767 975 823 in
1023 768 1254 823 timore.
1298 765 1471 823 Hunc
1508 753 1784 823 timorem
1826 765 2177 846 efflagitabat
2207 768 2430 845 David,

289 863 388 922 Ps.
434 860 705 935 CXVIII,
753 861 835 919 ita
885 861 1076 919 Deum
1111 858 1433 942 deprecans
1472 880 1486 918 z
1530 858 1767 940 Confiye
1808 865 2019 920 timore
2065 873 2168 921 tuo
2219 885 2433 923 carnee

290 978 489 1027 mea33
524 978 565 1015 a
582 956 857 1035 judiciis
885 959 1052 1014 enim
1090 960 1216 1014 tuis
1247 958 1453 1014 timui.
1492 947 1962 1038 Plena‘denique
1992 969 2131 1016 sunt
2166 958 2432 1041 Prophe-

291 1064 485 1112 tarum
517 1050 819 1111 volumina
848 1048 1431 1124 comminationibuS‚
1451 1072 1706 1132 quarum
1730 1051 1942 1111 timore
1959 1051 2067 1134 ipsi
2085 1053 2432 1114 nitebantur

289 1157 622 1230 peccatores
658 1144 734 1205 ad
775 1146 1194 1229 poenitentiam
1237 1143 1563 1219 adducere3
1603 1157 1781 1228 atque
1830 1158 1899 1206 ut
1941 1146 2194 1230 reliquos
2227 1150 2430 1209 missos

288 1244 498 1303 faciam
517 1287 534 1317 ,
564 1243 746 1301 Jonas
767 1287 782 1316 .‚
807 1253 875 1300 ut
901 1250 1204 1303 revocaret
1228 1239 1518 1301 Ninivitas
1543 1262 1574 1300 a
1613 1241 1767 1301 vitiis
1789 1287 1805 1316 ,
1836 1242 2018 1324 coepit
2051 1243 2365 1325 praedicare
2410 1267 2422 1303 :

295 1338 518 1398 Adhuc
535 1337 968 1418 'quadraginta
1004 1336 1151 1411 dies.
1174 1345 1230 1395 et
1262 1334 1497 1399 Ninive
1527 1337 1924 1397 subvertetur.

368 1433 475 1494 47.
523 1436 725 1493 Patres
751 1433 1062 1492 unanimes
1088 1431 1163 1489 &in
1191 1429 1301 1490 hac
1326 1431 1596 1491 doctrina
1627 1431 1936 1493 habemus,
1969 1435 2262 1508 Quoniam
2293 1457 2432 1497 vero

285 1529 638 1603 adversarii,
655 1549 790 1591 cum
802 1525 1014 1610 quibus
1030 1526 1277 1607 agimu3‚
1295 1527 1350 1587 S.
1374 1527 1682 1608 Augustini
1698 1520 2074 1610 potissimum
2088 1531 2432 1591 auctoritate

287 1624 622 1685 abutuntur
647 1670 664 1699 ,
703 1624 842 1683 satis
879 1621 1050 1694 nobis
1091 1623 1205 1682 erit
1228 1643 1299 1683 ex
1325 1624 1384 1682 S.
1412 1625 1665 1684 Doctore
1690 1646 1879 1683 unum
1909 1636 2012 1684 aut
2036 1624 2290 1686 alterum
2311 1638 2432 1687 tes-

295 1720 601 1780 timonium
632 1739 923 1801 promere.
950 1719 1086 1778 Haec
1123 1718 1301 1800 igitur
1324 1718 1524 1778 scribit
1565 1720 1622 1778 S.
1661 1720 2051 1801 Augustinus5
2086 1725 2325 1781 Enarr.
2361 1726 2432 1782 in

289 1817 398 1883 Pa.
430 1815 735 1877 CXXVII
750 1840 768 1873 .·
799 1815 909 1875 Ille
944 1821 1130 1872 timor
1167 1815 1444 1873 nondum,
1476 1825 1676 1874 castus
1700 1818 2094 1896 praesentiam
2118 1817 2432 1898 (Domini)

294 1924 351 1971 ct
365 1933 584 1992 paenas
619 1916 809 1974 timet.
863 1910 1100 1971 Timore
1130 1913 1294 1990 facit
1324 1913 1630 1991 quidquid
1675 1913 1819 1972 boni
1841 1916 2034 1992 facia·
2073 1933 2196 1972 non
2221 1918 2435 1974 timore

293 1997 622 2067 amittendi
645 2008 873 2065 bonum
897 2007 1061 2064 illud
1076 2051 1092 2081 ,
1122 2007 1227 2064 sed
1252 2009 1467 2065 timore
1484 2009 1774 2085 patiendi
1811 2009 1975 2066 illud
2011 2010 2266 2067 malum.
2302 2011 2432 2069 Non

296 2108 487 2176 timet,
511 2124 584 2162 ne
593 2103 821 2183 perdat
840 2106 1156 2182 amplexus
1168 2102 1587 2182 pulcherrimi
1609 2095 1841 2181 sponsi}
1859 2103 1964 2162 sed
1973 2106 2164 2175 timet,
2188 2124 2263 2162 ne
2285 2108 2433 2163 mit-

299 2210 474 2258 tatur
517 2202 587 2257 in
616 2199 976 2279 gehennam..
1013 2199 1224 2258 Bonus
1258 2208 1344 2257 est
1381 2208 1440 2256 et
1476 2201 1585 2257 iste
1618 2202 1834 2265 timor,
1874 2184 2046 2258 utilis
2085 2210 2168 2259 est
2198 2197 2308 2281 (1).
2363 2201 2436 2260 Et

308 2295 515 2354 Tract.
534 2294 632 2354 IX
648 2293 936 2374 inEpist.
959 2293 1151 2353 Joan.
1182 2319 1199 2352 :
1217 2292 1387 2373 Opus
1409 2303 1495 2353 est
1514 2314 1680 2375 erqo,
1703 2294 1898 2376 inquit
1914 2283 1942 2370 5⁴
1959 2305 2030 2353 ut
2048 2299 2236 2354 intret
2251 2298 2437 2354 timor

288 2396 500 2472 primo
515 2433 538 2464 ,
568 2412 688 2472 per
707 2411 886 2470 quem
909 2394 1119 2449 veniat
1143 2390 1429 2450 charitas.
1454 2387 1456 2389 ’
1480 2390 1693 2450 Timor
1723 2391 2261 2465 medicamentum,
2286 2391 2430 2451 cha-

300 2491 457 2547 ritas
487 2490 725 2546 sanitas
759 2483 871 2566 (2).
901 2483 1053 2545 Alibi
1089 2486 1307 2568 passim
1333 2484 1462 2545 haec
1498 2485 1622 2568 ipsa
1651 2476 1906 2546 inculcat
1939 2485 2050 2568 (3).

386 2581 487 2642 48.
540 2580 801 2642 Ecclesiae
821 2579 1065 2646 demum
1086 2579 1514 2665 sensus'aperte
1531 2592 1759 2641 constat
1774 2572 1851 2641 ex
1877 2582 1947 2640 iis
1973 2579 2273 2655 omnibuS,
2301 2602 2430 2663 quae

303 2677 607 2738 attulimus
630 2698 703 2736 ex
720 2675 978 2736 Concilio
1003 2675 1374 2752 Tridentium,
1393 2687 1454 2737 et
1480 2697 1552 2736 ex
1576 2675 2071 2759 propositionibus
2097 2676 2397 2750 Quesnelli
2415 2721 2433 2753 ,

306 2794 449 2856 quas
502 2771 774 2832 Clemens
819 2772 898 2842 XI
942 2770 1284 2854 proscripsit
1326 2771 1388 2830 in
1432 2771 1679 2830 Constit.
1737 2771 2134 2852 Πητζᾳρηὶιαε,
2186 2790 2314 2853 quae
2358 2770 2433 2831 ab

310 2868 586 2930 universa
619 2866 868 2927 Ecclesia
909 2877 1143 2949 recepta
1183 2877 1294 2926 est.
1343 2864 1509 2926 Tales
1549 2877 1688 2925 sunt
1738 2888 1910 2949 prop.
1962 2868 2061 2926 Lx
2108 2890 2121 2924 :
2168 2865 2246 2926 Si
2275 2869 2435 2926 solus

304 2965 605 3045 supplicii
627 2968 814 3022 timor
839 2966 1084 3022 animat
1116 2962 1551 3022 Paenitentiam
1575 3007 1592 3036 .,
1625 2982 1743 3042 quo
1774 2962 1898 3021 hoec
1941 2973 2029 3022 est
2062 2965 2258 3043 mayis
2305 2967 2431 3021 vio-

303 3063 506 3134 lenta,
545 3081 608 3119 eo
633 3064 834 3141 maqis
863 3060 1043 3141 ducit
1064 3059 1152 3127 ad
1177 3059 1672 3138 desperationem.
1707 3060 1838 3117 LXI
1873 3082 1887 3118 :
1940 3059 2152 3119 Timor
2180 3063 2435 3119 nonm'si

304 3176 569 3214 manum
598 3155 861 3221 cobibe&
884 3175 989 3214 cor
1005 3154 1472 3213 autem·tamdi'u
1490 3165 1730 3234 peccato
1752 3155 2102 3228 addicitur,
2130 3155 2435 3234 quamdiu

306 3252 392 3310 αὖ
419 3271 625 3311 amore
643 3254 913 3329 justitiae
936 3270 1059 3310 non
1077 3248 1351 3309 ducitur.
1380 3250 1531 3309 LXII
1561 3272 1573 3308 ε
1608 3249 1736 3330 Qui
1765 3273 1806 3310 a
1845 3252 2004 3311 malo
2033 3271 2157 3310 non
2178 3251 2436 3310 abstinet

380 3469 451 3532 (1)
485 3466 547 3517 N.
565 3466 621 3517 8.
1488 3470 1551 3534 (8)
1590 3471 1753 3537 Quoad
1782 3471 2074 3537 reliquorum
2105 3468 2292 3518 Petrum
2307 3471 2434 3518 testi-

379 3549 456 3613 (2)
489 3549 547 3598 N.
578 3547 630 3614 4.
657 3549 801 3599 Totus
829 3551 905 3599 hic
938 3561 1154 3600 tractatus
1176 3552 1332 3618 legen·
1416 3555 1575 3602 monia
1605 3553 1694 3604 cfr.
1721 3550 1939 3604 Bellarm.
1961 3550 2041 3601 Dc
2064 3548 2341 3599 Panium».
2377 3562 2433 3609 n,

311 3633 400 3681 dus
433 3642 581 3688 esset,
629 3643 679 3681 ut
714 3642 896 3698 pateat,
937 3649 1150 3700 quaeuam
1196 3633 1334 3683 fuerit
1416 3653 1517 3701 cap.
1553 3653 1628 3703 ¹7·

313 3731 446 3763 meno
463 3713 519 3766 S.
539 3713 781 3780 Augustini
807 3717 926 3764 circa
956 3717 1194 3765 timorem.
