2502 4186
292 238 368 298 58
752 284 756 287 -
934 258 1250 299 ‘rnAcrAws
1291 259 1360 295 nn
1401 252 1685 299 mrnsuo.

293 399 403 460 sibi
439 399 645 461 cudere
679 398 939 478 possint,
981 418 1115 458 cum
1140 419 1330 481 neque
1365 398 1548 458 adulti
1583 410 1643 459 et
1670 398 1825 459 docti
1862 398 2081 484 absque
2108 402 2369 464 Ecclesiae

294 495 630 554 auctoritate
676 505 735 553 et
774 493 1098 573 magisterio
1132 492 1193 552 id
1235 494 1509 576 consequi
1544 495 1799 575 possint,
1841 503 1908 552 ut
1941 516 2011 554 ex
2039 498 2372 558 Protestan-

295 590 441 648 tium
490 588 887 668 experimento
923 588 1084 650 facile
1123 590 1438 663 evincitur,
1471 590 1570 671 qui
1599 590 1708 649 hac
1738 590 2012 650 methodo
2042 591 2218 652 fidem
2246 615 2375 653 om-

295 703 434 741 nem
466 682 816 758 amiserunt‚
856 693 914 742 et
948 684 1012 742 in
1056 681 1302 744 absurda
1323 705 1562 766 quaeque
1597 683 1817 766 delapsi
1851 697 2007 745 sunt.
2042 687 2218 745 Primi
2242 685 2379 746 fide-

295 775 379 835 les
406 775 623 858 absque
648 778 954 860 Scripturis
984 779 1188 860 optimi
1207 779 1516 838 Christiani
1540 779 1774 838 fuerunt
1799 780 2039 860 perinde
2063 802 2127 840 ac
2148 779 2379 838 barbari

296 869 423 947 illi,
456 871 529 931 de
562 870 768 954 quibus
793 873 988 932 scribit
1013 876 1069 933 S.
1102 875 1380 950 lrenaeuS,
1419 875 1516 955 qui
1551 876 1692 932 Sine
1736 875 1945 933 charta
1969 886 2023 934 et
2051 885 2380 934 atramento

297 971 584 1045 scriptam
614 968 912 1027 habehant
935 989 1051 1046 per
1084 970 1381 1048 Spiritum
1414 974 1483 1026 in
1507 970 1783 1028 cordibus
1823 972 1951 1027 suis
1984 972 2234 1028 salutem
2270 969 2377 1048 (l).

302 1059 502 1135 Addo,
536 1060 751 1143 absque
786 1061 1071 1121 infallibili
1108 1062 1362 1123 Ecclesiae
1404 1064 1740 1122 auctoritate
1786 1063 1923 1144 ipsis
1966 1074 2226 1123 constare
2261 1085 2383 1121 non

299 1175 466 1235 posse
500 1154 571 1214 de
615 1157 1042 1238 scripturarum
1085 1177 1340 1232 canone,
1388 1158 1831 1216 authenticitate
1867 1168 1926 1218 et
1978 1158 2377 1238 inspiratione.

304 1249 416 1306 Sed
449 1248 520 1307 de
553 1249 640 1308 his
675 1271 777 1309 suo
811 1250 951 1312 loco,
992 1253 1232 1311 Interim
1269 1273 1342 1311 ex
1378 1251 1467 1310 his
1502 1251 1821 1331 colligitur,
1864 1252 2176 1311 absurdam
2213 1252 2387 1333 plane

303 1363 422 1402 esse
444 1344 894 1402 Protestantium
913 1343 1257 1403 methodum
1293 1355 1469 1426 atque
1486 1346 1561 1404 ad
1587 1345 1954 1406 illudendum
1985 1346 2383 1426 excogitatam.

1180 1574 1415 1634 CAPUT
1458 1576 1524 1634 V.

951 1761 1020 1796 lm
1063 1757 1425 1799 NECESSITATE
1468 1760 1742 1798 BAP'rlsm.
1785 1775 1787 1778 ¹

396 1981 528 2042 133.
575 1981 800 2064 Duplici
835 1980 1058 2040 ratione
1082 1990 1274 2062 potest
1300 1977 1518 2060 aliquid
1552 1980 1937 2039 necessarium
1975 2000 2130 2050 esse,
2170 1980 2265 2042 vel
2292 2003 2401 2041 ne-

313 2079 574 2137 cessitate
596 2078 785 2137 medii
800 2121 816 2151 .‚
846 2087 913 2134 ut
940 2085 1146 2135 vocant
1164 2119 1180 2149 ,
1207 2074 1303 2135 vel
1324 2074 1662 2134 necessitate
1674 2078 1979 2154 praecepti.
2007 2075 2402 2134 Necessarium

315 2184 404 2232 est
434 2175 771 2231 necessitate
799 2170 975 2230 medii
996 2216 1011 2245 7
1047 2172 1094 2229 si
1124 2169 1340 2250 absque
1371 2191 1437 2228 eo
1472 2171 1598 2227 finis
1632 2169 1883 2229 obtineri
1916 2169 2249 2228 nullatenus
2277 2191 2407 2250 pos-

314 2268 418 2340 sit3
462 2267 797 2325 necessitate
833 2278 1025 2325 autem
1061 2265 1330 2345 praecepti
1359 2309 1375 2337 .,
1408 2265 1455 2320 si
1482 2265 1560 2321 ita
1591 2263 1890 2344 quidpiam
1918 2265 1991 2322 sit
2013 2265 2362 2346 imperatum
2385 2309 2403 2333 ,

316 2371 382 2420 ut
406 2361 579 2419 etiam
615 2381 681 2418 eo
722 2361 967 2430 omisso,
1005 2357 1432 2438 inculpabiliter
1460 2368 1659 2416 tamen
1683 2402 1699 2432 ,
1744 2358 1874 2416 finis
1909 2360 2091 2440 possit
2131 2357 2399 2416 obtineri.

317 2454 541 2536 Duplici
578 2455 685 2514 hoc
714 2454 887 2512 modo
913 2453 1300 2512 necessarium
1339 2472 1461 2511 esse
1497 2453 1785 2533 Baptisma
1804 2496 1821 2528 ,
1852 2452 1973 2512 sive
2003 2453 2064 2510 in
2089 2474 2151 2511 re
2188 2453 2307 2513 sive
2341 2453 2405 2510 in

318 2561 456 2611 voto
475 2595 491 2622 ,
522 2561 686 2609 >tenet
711 2548 954 2608 Ecclesia
978 2547 1266 2608 Catholica
1291 2592 1307 2623 ‚
1344 2546 1533 2628 quoad
1562 2545 1789 2605 adultos
1806 2589 1822 2620 ,
1847 2546 2052 2626 quibus
2081 2547 2286 2605 saltem
2314 2548 2409 2604 in-

320 2645 510 2702 notuit
556 2644 962 2724 Evangeliumg.
1012 2642 1394 2703 necessarium
1443 2662 1580 2702 vero
1636 2640 1802 2699 docet
1824 2706 1829 2719 ι
1853 2641 2191 2700 necessitate
2231 2641 2409 2701 medii

323 2737 512 2819 quoad
535 2738 783 2796 infantes
809 2783 824 2812 .,
857 2738 970 2795 nisi
996 2741 1115 2815 ejus
1145 2737 1296 2798 vices
1331 2735 1597 2816 suppleat
1628 2736 1988 2815 martyrium.
2034 2736 2103 2793 Et
2147 2735 2255 2794 hoc
2287 2736 2407 2815 qui-

323 2831 459 2891 dem
493 2843 690 2891 contra
722 2831 1096 2904 Manichae05‚
1139 2830 1501 2915 PelagianOS‚
1547 2829 1916 2904 WaldenseS‚
1963 2829 2325 2889 Calvinianos
2351 2842 2411 2888 et

323 2927 653 2986 Socinianos
674 2972 691 3002 7
728 2928 826 3009 qui
857 2926 1133 3008 Baptismi
1170 2927 1572 2985 necessitatem
1598 2929 1955 3002 rejecerunt,
1983 2923 2188 2982 saltem
2221 2923 2412 3004 quoad

323 3013 468 3082 fili'os
503 3023 995 3095 Christianorum,
1037 3033 1136 3081 aut
1176 3043 1270 3080 eos
1311 3020 1410 3102 qui
1446 3019 1579 3078 fidei
1618 3031 1830 3079 nostrae
1861 3018 2198 3078 educatione
2226 3019 2413 3077 Chris-

326 3130 450 3176 tum
493 3121 859 3200 profitentur.
903 3118 1072 3177 Hunc
1105 3138 1358 3177 errorem
1391 3115 1499 3174 sibi
1528 3115 1896 3176 adsciverunt
1927 3116 2139 3196 passim
2180 3118 2412 3173 Protes-

326 3223 552 3287 tanteS‚
596 3213 917 3294 praesertim
954 3234 1091 3274 vero
1119 3210 1484 3270 rationalistae
1521 3211 1629 3291 (2).
1661 3210 1816 3271 Adeo
1846 3232 1987 3272 vero
2022 3208 2267 3270 invaluit
2290 3207 2411 3266 haec

397 3403 468 3467 (l)
503 3403 681 3452 Contra
705 3402 895 3452 Haerec.
915 3403 996 3451 lib.
1020 3418 1075 3451 111
1091 3439 1104 3464 ‚
1139 3420 1241 3468 cap.
1261 3419 1326 3459 iv,
1408 3419 1510 3466 cap.
1531 3399 1599 3468 69
1616 3440 1627 3460 ‚
1656 3400 1681 3467 §
1706 3401 1767 3451 25
1789 3439 1802 3462 ,
1829 3402 2063 3451 concludit
2092 3417 2106 3448 ε
2137 3399 2418 3464 Unicuique

331 3502 384 3533 n.
416 3500 465 3534 2.
1410 3482 1670 3531 libertatem
1713 3484 2053 3532 concedendam
2091 3497 2186 3528 esse
2224 3480 2423 3547 Baptis-

400 3566 466 3630 (2)
502 3565 672 3614 Mirum
709 3575 807 3626 est,
847 3584 939 3630 qua
973 3566 1140 3614 fiducia
1172 3581 1330 3613 omnes
1411 3583 1543 3613 mum
1579 3565 1875 3632 suscipiendi
1886 3583 1908 3625 ;
1942 3581 2049 3612 cum
2089 3565 2219 3628 juxta
2263 3565 2420 3627 ipsum

334 3649 504 3696 sectarii
531 3643 738 3714 rejiciant
764 3650 1072 3696 necessitatem
1090 3647 1328 3712 Baptismi.
1415 3648 1676 3713 Baptismus
1706 3665 1857 3713 neque
1888 3647 2136 3693 sanctitatis
2153 3645 2417 3692 christianae

335 3727 685 3793 Limborchius,
722 3727 883 3777 Theol.
919 3727 1102 3777 Christ.
1148 3728 1230 3776 lib.
1277 3746 1338 3794 V,
1423 3747 1524 3795 pars
1544 3732 1628 3787 sit,
1657 3746 1810 3796 neque
1833 3730 1955 3776 intus
1970 3728 2175 3775 animum
2196 3726 2421 3791 purificet.
