2502 4186
586 258 734 298 CAP.-
760 259 848 296 111.
893 261 962 297 mi
1007 249 1291 315 marnam,
1338 259 1525 299 roam
1551 282 1566 313 ,
1613 261 1729 298 n'rc.
1802 235 1806 239 ⁴

2090 239 2208 300 315

902 424 1305 483 PROPOSITIO
1343 429 1387 480 1.

91 571 286 630 Panis
326 573 630 643 triticeus,
674 576 794 631 sive
838 593 1089 652 azymus
1115 575 1196 629 sic
1234 575 1354 628 sive
1375 571 1803 647 fermentatae,
1834 582 1919 630 est
1944 575 2206 632 materia

403 667 609 724 valida
653 669 1037 726 Sacramenti
1073 676 1129 724 et
1167 665 1476 743 Sacrificii
1512 665 1918 726 eucharistici.

176 855 314 915 333.
357 858 441 915 De
479 855 594 915 fide
628 868 716 915 est
755 855 877 916 haec
914 853 1230 936 propositio
1259 898 1274 927 ,
1318 864 1385 911 ut
1419 863 1646 912 constat
1680 874 1752 912 ex
1792 854 2030 913 Concilii
2069 856 2205 916 Flo-

95 951 312 1011 rentini
342 950 604 1025 decret0.,
648 954 709 1011 in
741 973 854 1033 quo
880 951 1178 1030 utriusque
1206 948 1468 1008 Ecclesiae
1505 947 1801 1008 orientalis
1838 959 1899 1007 et
1935 950 2206 1011 occiden-

93 1045 223 1104 talis
242 1048 438 1104 Patres
466 1069 479 1104 :
504 1048 840 1126 Definimus
860 1050 997 1103 icem
1011 1087 1035 1116 ,
1058 1044 1370 1125 inquiunt,
1396 1048 1465 1102 in
1480 1065 1689 1122 azymo
1711 1048 1831 1103 sive
1846 1047 2205 1123 sermentato

81 1162 248 1220 pane
281 1144 510 1200 triticeo
550 1147 772 1221 Corpus
810 1139 1036 1199 Christi
1067 1142 1358 1198 veraciter
1379 1141 1596 1219 confici
1626 1139 1738 1219 (l).

179 1236 317 1296 334.
363 1240 448 1296 De
483 1258 632 1318 pane
658 1236 1041 1309 fermentum,
1086 1235 1172 1294 uti
1197 1236 1584 1316 praemisimus
1604 1282 1618 1310 ,
1650 1256 1827 1294 nemo
1853 1246 1939 1294 est:
1969 1237 2070 1317 qui
2093 1235 2206 1295 du—

90 1330 274 1405 bitet3
322 1344 502 1391 restat
548 1333 754 1412 igitur,
793 1343 860 1390 ut
899 1330 1313 1405 osteiidamu3‚
1360 1351 1495 1391 vere
1533 1331 1735 1390 confici
1786 1330 2204 1391 Eucharistiam

93 1427 269 1485 etiam
314 1428 375 1485 in
410 1449 562 1509 pane
598 1449 820 1507 azymo.
853 1427 987 1485 Jam
1026 1448 1166 1486 vero
1204 1425 1264 1484 id
1303 1427 1571 1507 inprimis
1610 1427 1912 1485 conficitur
1935 1427 2205 1508 exemplo

93 1522 273 1603 ipsius
298 1516 534 1582 Chri‘sti.
560 1525 672 1582 Pro
695 1534 852 1581 certo
877 1522 1034 1582 enim
1058 1522 1340 1580 sumimus
1362 1566 1376 1595 3
1408 1521 1705 1579 Christum
1727 1532 2022 1602 postremo
2046 1543 2203 1580 anno

93 1620 228 1678 vitae
264 1638 377 1678 suae
418 1618 629 1699 pascha
663 1618 961 1697 judaicum
1003 1617 1355 1691 celebrasse3
1407 1638 1569 1676 secus
1607 1638 1672 1676 ac
1712 1629 1914 1676 contra
1965 1640 2204 1677 sensum

93 1713 268 1771 totius
303 1714 663 1794 antiquitatis
694 1725 867 1793 atque
909 1712 1167 1771 Ecclesiae
1192 1713 1513 1787 universae„
1549 1712 1668 1771 imo
1701 1712 1903 1771 contra
1939 1724 2205 1794 apertam

93 1808 520 1889 Scripturarum
555 1808 962 1887 auctoritatem
1001 1806 1277 1866 nonnulli
1317 1806 1584 1866 arbitrati
1625 1818 1765 1866 sunt
1793 1807 1921 1890 (2),
1956 1829 2206 1889 quorum

130 2012 196 2078 (1)
215 2011 351 2078 Apud
367 2013 579 2062 Harduin
594 2013 642 2061 A
647 2021 722 2061 cta
735 2047 752 2075 ‚
776 2010 960 2063 Concil.
982 2022 1096 2060 tom.

82 2110 130 2142 ιι
148 2131 162 2154 ,
189 2095 279 2144 col.
304 2092 423 2161 986.

157 2176 223 2238 (2)
246 2177 476 2225 Christum
492 2177 746 2226 Dominum
769 2177 935 2242 pascha
959 2175 1101 2239 legale

89 2256 361 2320 celebrasse,
377 2261 470 2325 jam
488 2260 640 2308 seculo
658 2276 692 2306 11
707 2260 936 2306 inficiatus
954 2260 1100 2306 fuerat

88 2338 295 2388 Marcion
311 2378 324 2401 ‚
343 2359 481 2406 quem
496 2341 704 2389 confutat
726 2341 773 2388 S.
791 2341 1094 2405 Epiphanius,
1116 2381 1123 2389 .

87 2420 291 2472 Haeres.
306 2437 420 2471 xm.
439 2422 716 2473 Marcionem
740 2424 789 2471 in
817 2425 904 2471 hac
920 2434 1103 2471 senten-

84 2506 147 2551 tia
163 2515 345 2552 secutus
361 2516 426 2553 est
447 2507 599 2554 seculo
615 2521 660 2554 v1
677 2506 1101 2570 Joan.Philoponus

85 2587 356 2652 eutychiano
390 2605 539 2636 errore
569 2589 794 2648 insectus,
829 2590 884 2636 de
909 2607 1002 2654 quo
1031 2589 1100 2637 lo-

87 2671 276 2732 quitur,
322 2673 419 2733 ejus
463 2679 622 2718 tamen
653 2673 831 2718 nomini
879 2689 1097 2735 parcens,

89 2747 295 2811 Photius,
314 2751 656 2801 Bibliothcod.
681 2769 696 2800 1
716 2750 771 2800 15
788 2763 830 2800 et
853 2769 867 2799 1
889 2750 962 2802 ιδ.
980 2754 1098 2801 Cum

88 2847 192 2878 vero
217 2849 304 2880 sec.
330 2851 374 2881 xi
402 2839 708 2884 controversia
736 2840 948 2884 exarserit
973 2835 1098 2885 Grae-

87 2928 163 2958 cos
191 2913 308 2960 inter
335 2924 378 2961 et
405 2914 619 2976 Latinos,
652 2934 903 2984 azymusne
930 2937 988 2966 an
1010 2920 1099 2967 fer-

86 3003 313 3041 mentatus
341 2999 469 3059 panis
499 2998 586 3056 sit,
616 3001 665 3045 in
688 3017 781 3065 quo
815 3000 1098 3049 Eucharistia

80 3075 246 3123 confici
284 3077 417 3125 debet
438 3114 452 3138 ‚
489 3081 702 3128 nonnulli
755 3080 900 3130 Graeci
919 3120 931 3142 ‚
982 3101 1096 3150 quos

80 3170 444 3207 commemorant
461 3159 826 3228 Theophylactus
853 3175 897 3212 et
915 3164 1094 3231 Euthy-

80 3244 204 3294 mius
235 3243 285 3288 in
312 3241 361 3290 S.
389 3242 615 3290 Joannem
635 3281 648 3304 ‚
679 3246 886 3293 eamdem
912 3258 1094 3296 senten-

78 3324 189 3369 tiam
229 3324 426 3387 amplexi
469 3335 604 3382 sunt,
653 3329 862 3376 universa
907 3330 1094 3379 ecclesia

77 3420 224 3470 graeca
251 3406 543 3454 reclamante.
574 3407 726 3455 Latini
746 3409 803 3457 ad
837 3409 934 3457 haec
950 3428 1095 3477 usque

77 3496 283 3551 tempora
317 3491 557 3537 unanimes
590 3490 774 3537 suerunt
799 3493 848 3538 in
875 3497 1096 3542 sententia

79 3567 352 3617 affirmativa
372 3607 384 3630 ,
405 3571 552 3619 donec
567 3571 781 3620 Nicolaus
797 3574 852 3621 de
866 3573 986 3622 Villa
1005 3575 1095 3625 Ga·

1184 2028 1439 2076 paucorum
1455 2011 1640 2060 illorum
1658 2010 1918 2060 Graecorum
1928 2015 2206 2062 sententiam

1184 2110 1494 2160 propugnare.
1512 2093 1719 2144 Obscura
1731 2105 1888 2143 tamen
1900 2098 2047 2162 jacuit
2062 2113 2207 2163 usque

1186 2178 1244 2224 ad
1263 2177 1547 2226 Bernardum
1575 2178 1721 2243 Lamy
1745 2181 2060 2227 oratorianum
2077 2217 2092 2242 ,
2125 2184 2208 2246 qui

1185 2261 1235 2306 in
1258 2277 1333 2324 op.
1353 2258 1629 2308 Harmonia
1660 2270 1704 2308 et
1726 2260 1978 2309 concordia
2003 2269 2210 2326 quatuor

1186 2339 1610 2405 Evanyelistarum
1626 2377 1641 2403 ,
1660 2361 1780 2390 anno
1801 2343 1946 2411 1689,
1963 2344 2208 2408 multiplici

1186 2426 1441 2474 eruditione
1456 2426 1666 2474 eamdem
1683 2430 1951 2491 opinionem
1973 2425 2208 2475 adstruere

1185 2508 1312 2555 nisus
1326 2517 1409 2566 est,
1430 2525 1484 2555 ac
1498 2508 1706 2572 pluribus
1725 2511 1891 2557 iterum
1910 2510 2204 2557 confirmavit

1185 2591 1399 2640 adversus
1425 2609 1530 2640 suos
1559 2595 1897 2657 impugnatores
1914 2596 1963 2640 in
1989 2595 2205 2643 disserta·

1186 2676 1387 2722 tionibus
1409 2713 1421 2733 ‚
1451 2693 1565 2739 quas
1590 2693 1712 2722 anno
1745 2673 1867 2740 1697
1892 2677 2092 2740 vulgavit
2118 2677 2205 2724 sub

1186 2757 1316 2804 titulo
1347 2773 1362 2804 ε
1390 2756 1704 2805 Continuatio
1734 2765 1962 2805 tractatus
1988 2757 2209 2807 historici

1185 2837 1242 2884 de
1285 2840 1430 2886 veteri
1472 2838 1758 2886 Judoeorum
1789 2835 2040 2888 Paschate.
2083 2839 2207 2889 Huic

1184 2921 1399 2985 deinceps
1419 2921 1720 2985 adstipulatus
1749 2932 1817 2970 est
1839 2925 2044 2987 opinioni
2060 2922 2206 2971 Tour-

1183 3006 1368 3050 nemine
1399 3006 1449 3051 in
1472 3004 1676 3052 thesibus
1697 3043 1709 3062 ‚
1741 3022 1856 3070 quas
1885 3003 2073 3051 Lutetiae
2096 3021 2205 3068 pro·

1182 3090 1417 3153 pugnavit3
1440 3087 1633 3147 Calmet‚
1653 3088 1829 3136 dissert.
1849 3086 1926 3135 De
1939 3084 2171 3135 Paschate
2189 3124 2203 3148 ‚

1181 3171 1288 3218 satis
1309 3170 1527 3229 ostendit,
1557 3186 1602 3216 se
1618 3168 1761 3234 Lamy
1780 3171 2016 3216 sententiae
2037 3169 2204 3216 suffra·

1181 3254 1295 3317 gari.
1337 3249 1514 3298 Verum
1548 3251 1715 3316 reliqui
1746 3268 1906 3299 omnes
1930 3288 1941 3308 ‚
1977 3263 2205 3316 quotquot

1180 3334 1278 3381 haec
1295 3334 1445 3381 studia
1463 3333 1754 3397 profitentur,
1776 3334 2005 3398 ejusmodi
2019 3344 2204 3381 senten-

1181 3419 1292 3464 tiam
1321 3418 1884 3480 acerrimeimpugnarunt
1907 3433 1920 3478 3
1948 3419 2068 3464 inter
2087 3431 2202 3480 quos

1182 3500 1386 3546 eminent
1402 3498 1746 3557 Tillemontius‚
1771 3504 1872 3546 not.
1893 3495 1958 3544 26
1986 3498 2042 3544 ad
2058 3498 2201 3544 vitam

1182 3579 1228 3628 J.
1247 3579 1302 3627 C.
1322 3598 1334 3642 3
1353 3579 1612 3627 Honoratus
1632 3597 1656 3626 a
1675 3579 1725 3626 S.
1746 3579 1887 3625 Maria
1906 3613 1919 3635 ,
1946 3577 2199 3625 Observat.

81 3653 403 3717 gnoniseques
431 3652 770 3719 Hierosolymit.
796 3665 839 3702 et
858 3654 1089 3723 Hierony·
1170 3677 1314 3725 super
1336 3663 1493 3709 critic.
1526 3671 1641 3709 tom.
1666 3677 1700 3707 11
1717 3697 1728 3718 ‚
1766 3659 1847 3707 lib.
1875 3676 1919 3706 iv
1937 3693 1952 3717 ,
1984 3659 2097 3707 diss.
2134 3656 2201 3721 ὃς

83 3745 183 3778 mus
215 3732 480 3784 Vecchietto
526 3736 816 3786 Florentinus
857 3750 1090 3803 coeperunt
1170 3740 1392 3805 WHasse,
1420 3740 2205 3791 Desacram.Eucharist.sect.lv.
