2502 4186
610 277 732 313 car.
783 277 867 316 ιν.
914 278 981 314 ns
1026 279 1338 330 mmmmm,
1376 278 1516 318 vocs
1548 301 1564 329 v
1612 276 1733 313 Erc.
2115 255 2232 315 357

127 415 375 488 tholica'‚
422 436 493 475 ex
527 417 838 497 apostolica
871 416 1182 476 traditione
1221 427 1280 477 et
1310 416 1612 497 disciplina
1642 436 1880 475 manare
1905 459 1922 490 ‚
1950 415 2230 478 evincunt

125 532 327 570 omnes
378 510 925 591 antiquae-liturgiae,
978 524 1103 570 tum
1140 511 1450 570 orientales
1496 522 1620 568 tum
1661 509 2075 587 occidentales,
2100 532 2230 592 quae

124 605 315 664 adhuc
355 618 689 687 supersunt.
722 608 999 689 Praecipui
1037 607 1193 666 enim
1228 607 1375 665 ritus
1415 626 1480 664 ac
1521 605 1863 664 ceremoniae
1902 606 1964 664 in
1998 605 2089 665 his
2126 606 2231 666 de—

126 701 357 782 scriptaev
379 699 705 775 habentur,
737 712 795 760 et
832 701 1022 783 quoad
1050 700 1435 760 substantiam
1464 721 1667 759 omnes
1699 701 1962 782 apprime
1989 722 2229 762 consen·
2306 710 2310 714 ’

126 796 285 854 tiunt
307 839 324 869 ,
373 806 440 852 ut
475 789 915 878 liturgiographi
955 795 1272 856 ostendunt
1320 796 1436 873 (l).
1475 796 1611 853 Jam
1647 816 1805 853 vero·
1831 794 2236 876 has-liturgias

128 890 426 948 continere
451 934 467 963 ,
513 889 672 969 quod
717 891 851 951 viva
898 912 1038 952 voce
1083 889 1156 949 ab
1206 888 1492 971 Apostolis
1524 889 1590 948 in
1626 887 1923 947 oblatione
1963 890 2231 949 Sacrificii

127 983 462 1041 institutum
482 996 592 1058 est7
622 995 754 1066 post
768 1006 834 1044 ea
857 1006 982 1066 quae
1007 1006 1112 1044 suo
1135 983 1261 1043 loco
1283 983 1711 1060 adnotavimUS‚
1736 983 1802 1042 in
1825 981 2098 1042 dubitum
2120 1007 2232 1045 ne-

128 1099 421 1160 quaquam
451 1075 647 1160 potest
665 1125 690 1153 ,.
707 1101 772 1138 ac
794 1079 932 1138 fassi
954 1090 1091 1138 sunt
1105 1079 1539 1161 praestantiores
1566 1079 1676 1160 ipsi
1687 1081 2086 1139 -Protestantes
2110 1081 2224 1160 (2).

125 1172 192 1231 Id
213 1174 406 1255 ipsum
426 1185 650 1233 constat
667 1195 738 1233 ex
753 1172 1166 1255 antiquissimis
1185 1172 1478 1247 Patribus,
1503 1173 1604 1254 qui
1617 1172 1793 1232 modo
1804 1195 2024 1248 «unum,
2038 1228 2040 1230 ,
2053 1173 2228 1233 modo

124 1268 375 1327 alterum
414 1290 486 1328 ex
522 1269 614 1328 his
648 1266 853 1327 ritibus
904 1280 1266 1343 memorant,
1317 1279 1382 1327 ut
1432 1269 1698 1328 Justinus
1722 1313 1739 1343 .,
1797 1267 2185 1327 Tertullianus
2208 1313 2227 1345 ‚

124 1364 468 1445 CyprianUS‚
486 1362 844 1439 AmbrosiuS,
861 1364 1106 1444 Cyrillus
1123 1363 1784 1444 Hierosolym.BasiliuS‚
1802 1363 2189 1444 Hieronymus
2208 1408 2236 1441 7.

122 1450 475 1539 Augustinus
517 1454 739 1541 aliique*
758 1459 975 1540 passim.
1001 1460 1108 1539 (3).

208 1553 349 1614 408.
399 1555 547 1614 Item
584 1554 986 1614 commend-ari
1024 1577 1133 1637 per
1167 1556 1450 1634 ejusmodi
1480 1557 1835 1616 ceremonias
1863 1556 2020 1615 tanti
2049 1556 2228 1616 Sacri}-

122 1649 234 1709 ficii
263 1655 655 1728 maJestatem‚
685 1662 755 1708 ex
777 1651 856 1725 iis
876 1654 1103 1709 constat
1123 1696 1140 1725 ⁷
1174 1672 1303 1731 quae
1331 1653 1485 1710 Deus
1513 1652 1722 1732 ipsein
1749 1649 2042 1730 legalibus·
2059 1651 2228 1712 victi—

119 1744 231 1802 mis
265 1743 574 1804 offerendis
597 1744 945 1825 praescripsit
970 1744 1119 1803 circa
1152 1755 1379 1804 certum
1409 1744 1604 1804 locum
1639 1748 1878 1826 ejusque
1910 1755 2185 1804 ornatum
2206 1789 2224 1819 ,

120 1836 298 1896 altare
322 1849 382 1896 et
414 1837 609 1897 altaris
645 1838 897 1896 formam
915 1883 934 1913 ,
972 1838 1272 1898 ministros
1298 1860 1366 1899 ac
1390 1839 1707 1921 peculiares
1734 1839 2230 1902 eorumdemves-

119 1942 237 2007 ῐεε,
281 1932 744 2013 purificationes,
783 1933 1242 1993 consecrationes
1264 1979 1280 2008 ‚
1330 1933 1605 2013 speciales
1652 1933 2226 1994 hostiarumimmoe

113 2025 424 2087 landarum
451 2027 596 2086 ritus
616 2073 632 2101 .,
675 2027 899 2086 lumina
918 2049 1252 2109 eorumque
1286 2049 1600 2088 numerum
1628 2073 1645 2103 ‚
1682 2028 2065 2109 thymiamata
2085 2029 2226 2089 alia·

114 2143 228 2203 que
258 2121 320 2181 id
347 2143 526 2202 genus
565 2120 820 2204 plurima
842 2167 859 2197 .,
893 2143 1143 2203 quorum
1177 2123 1443 2182 omnium
1478 2146 1600 2182 non
1632 2123 1754 2182 alia>
1780 2135 1905 2183 erat
1932 2124 2224 2206 praecipua

114 2217 260 2275 ratio
289 2238 465 2298 quam
490 2218 602 2276 Dei·
616 2216 806 2276 cultus
831 2228 890 2276 et
911 2216 1129 2293 honor,
1161 2217 1236 2277 ad
1262 2223 1421 2296 cujus
1448 2219 1838 2280 reverentiam
1867 2218 1962 2279 lex
1986 2218 2223 2282 volebat

107 2309 374 2371 homines
418 2311 713 2371 inducere.
759 2313 992 2385 Quanto
1023 2312 1197 2392 igitur
1230 2314 1412 2393 magis
1456 2313 2221 2374 ad18acrificiumnostrum

107 2404 275 2485 legali
310 2407 524 2488 quovis.
548 2406 836 2466 Sacrificio
873 2407 1127 2467 sanctius
1152 2418 1211 2468 et
1236 2407 1610 2468 excellentius
1645 2404 2219 2485 commendandum.

109 2503 346 2581 ejusque
374 2500 698 2580 augendam
722 2502 1161 2562 venerationem
1182 2501 1378 2562 decuit
1401 2514 1586 2562 certas
1609 2502 1831 2585 aliquas
1859 2503 2221 2564 ceremonias

110 2592 182 2652 ab
205 2595 448 2654 Ecclesia
474 2593 810 2677 praescribi,
849 2608 915 2655 ut
943 2597 1199 2655 maxima
1227 2643 1254 2671 a·
1283 2619 1408 2679 qua.
1426 2599 1551 2657 fieri
1578 2609 1797 2680 posset,
1820 2599 2093 2659 exteriori
2125 2620 2221 2658 so,-

110 2688 413 2750 lemnitate
439 2700 499 2749 et
529 2689 820 2769 religionis
857 2692 1272 2771 significatione
1305 2694 1722 2774 perageretur?

195 2784 335 2843 409.
382 2786 666 2846 Fide-lium
701 2786 942 2847 demum
964 2800 1193 2849 mentes
1230 2810 1337 2871 per
1374 2788 1499 2849 haec
1538 2790 1786 2851 visibilia
1823 2790 2115 2871 religionis
2149 2812 2217 2851 ac

116 2878 351 2960 pietatis
377 2881 536 2960 signa
563 2882 639 2939 ad
660 2882 1065 2962 Mysteriorum
1086 2884 1150 2942 in
1170 2883 1280 2942 hoc
1307 2885 1590 2944 Sacrificio
1619 2885 2223 2949 latentium-contem·

111 2974 435 3055 plationem
467 2976 657 3036 attolli
679 3024 696 3053 7
731 2977 893 3041 facile
914 2979 1200 3060 intelliget
1224 3026 1241 3058 ‚
1281 2981 1379 3062 qui
1404 3003 1599 3042 secum
1622 2993 1890 3064 reputet,
1916 2981 2222 3043 hominem

68 3074 72 3078 ’
110 3070 189 3128 ita
206 3092 239 3129 a
261 3082 469 3130 natura
493 3092 615 3132 esse
630 3085 1031 3153 comparatum
1051 3121 1068 3151 7
1092 3087 1159 3134 ut
1174 3075 1556 3135 exterioribus
1576 3075 1748 3137 rebus
1764 3097 1916 3157 saepe
1934 3076 2213 3157 indigeat,

110 3164 321 3245 quibus
361 3165 435 3225 ad
460 3187 654 3225 rerum
693 3166 1022 3230 divinarum
1055 3172 1443 3251 cognitionem
1475 3183 1535 3231 et
1565 3193 1824 3231 amorem
1854 3171 2126 3251 erigatur.

190 3259 330 3318 410.
380 3262 568 3334 Quare
589 3263 742 3321 Deus
770 3262 893 3344 ipse
912 3309 928 3338 ,
970 3264 1070 3347 qui
1098 3265 1170 3324 inv
1194 3267 1388 3327 Veteri
1423 3268 1797 3327 Testamento
1824 3265 2011 3329 voluit
2046 3288 2215 3329 novae

178 3476 242 3539 (l)
278 3476 377 3525 cfr.
410 3487 614 3526 auctores
643 3494 760 3542 saepe
794 3477 967 3526 laudati
1002 3478 1100 3528 Re·
1184 3481 1270 3532 lib.
1304 3501 1350 3539 r,
1379 3481 1500 3531 Card
1540 3482 1694 3543 Bona,
1734 3500 1838 3548 cap.
1870 3481 1932 3543 6·,
1961 3482 1993 3548 ξ
2028 3499 2045 3530 1
2076 3519 2089 3544 ,
2133 3497 2214 3549 qui

110 3559 374 3620 naudotffls,
404 3559 654 3608 Martenius
675 3598 688 3620 ‚
714 3559 991 3616 Assemanus
1006 3597 1024 3624 ,
1045 3561 1106 3610 Le
1190 3564 1358 3628 plures
1388 3565 1696 3614 Protestantes
1725 3565 1934 3613 adducit.

110 3637 236 3687 Brun
274 3650 364 3690 etc.
1263 3645 1329 3711 (3)
1365 3647 1463 3695 Cfr.
1484 3645 1597 3711 Quae
1623 3648 1884 3711 scripsimus
1907 3647 1957 3693 in
1973 3653 2106 3693 tract.
2132 3644 2217 3694 De

183 3721 247 3784 (2)
281 3721 377 3771 Cfr.
409 3722 542 3788 Apud
569 3722 688 3773 Rob.
716 3722 817 3772 Sala
848 3726 897 3772 in
927 3734 1027 3773 not.
1059 3723 1116 3774 ad
1202 3726 1420 3777 Sacram.
1449 3729 1504 3775 in
1528 3745 1695 3792 qenere
1708 3745 1805 3785 ,.>n.
1844 3742 1929 3792 171
1952 3737 1995 3777 et
2013 3744 2143 3795 seqq.
