<?xml version="1.0" encoding="UTF-8"?>
<!DOCTYPE html PUBLIC "-//W3C//DTD XHTML 1.0 Transitional//EN"
    "http://www.w3.org/TR/xhtml1/DTD/xhtml1-transitional.dtd">
<html xmlns="http://www.w3.org/1999/xhtml" xml:lang="en" lang="en">
 <head>
  <title>
</title>
<meta http-equiv="Content-Type" content="text/html;charset=utf-8" />
  <meta name='ocr-system' content='tesseract 3.04.00' />
  <meta name='ocr-capabilities' content='ocr_page ocr_carea ocr_par ocr_line ocrx_word'/>
</head>
<body>
  <div class='ocr_page' id='page_1' title='image "a603693806perruoft_0197.png"; bbox 0 0 2502 4186; ppageno 0'>
   <div class='ocr_carea' id='block_1_1' title="bbox 2111 264 2224 324">
    <p class='ocr_par' dir='ltr' id='par_1_1' title="bbox 2111 264 2224 324">
     <span class='ocr_line' id='line_1_1' title="bbox 2111 264 2224 324; baseline -0.018 0"><span class='ocrx_word' id='word_1_1' title='bbox 2111 264 2224 324; x_wconf 87' lang='grc'>189</span> 
     </span>
    </p>
   </div>
   <div class='ocr_carea' id='block_1_2' title="bbox 383 285 1936 331">
    <p class='ocr_par' dir='ltr' id='par_1_2' title="bbox 383 285 1936 331">
     <span class='ocr_line' id='line_1_2' title="bbox 383 285 1936 331; baseline -0.005 0"><span class='ocrx_word' id='word_1_2' title='bbox 383 292 506 331; x_wconf 78' lang='lat' dir='ltr'><strong>GAP.</strong></span> <span class='ocrx_word' id='word_1_3' title='bbox 555 293 597 327; x_wconf 89' lang='lat'>1.</span> <span class='ocrx_word' id='word_1_4' title='bbox 646 291 713 327; x_wconf 77' lang='lat' dir='ltr'>DE</span> <span class='ocrx_word' id='word_1_5' title='bbox 760 290 926 327; x_wconf 78' lang='lat' dir='ltr'>REALI</span> <span class='ocrx_word' id='word_1_6' title='bbox 970 288 1187 328; x_wconf 80' lang='lat' dir='ltr'>CHRISTI</span> <span class='ocrx_word' id='word_1_7' title='bbox 1227 288 1545 327; x_wconf 74' lang='lat' dir='ltr'>PRAESEN&#39;HA</span> <span class='ocrx_word' id='word_1_8' title='bbox 1587 287 1646 324; x_wconf 77' lang='lat' dir='ltr'>m</span> <span class='ocrx_word' id='word_1_9' title='bbox 1690 285 1936 327; x_wconf 76' lang='lat' dir='ltr'>EUCHAR.</span> 
     </span>
    </p>
   </div>
   <div class='ocr_carea' id='block_1_3' title="bbox 100 431 2229 2599">
    <p class='ocr_par' dir='ltr' id='par_1_3' title="bbox 100 431 2229 2599">
     <span class='ocr_line' id='line_1_3' title="bbox 131 431 2226 515; baseline -0.002 -20"><span class='ocrx_word' id='word_1_10' title='bbox 131 435 237 495; x_wconf 86' lang='lat' dir='ltr'>sub</span> <span class='ocrx_word' id='word_1_11' title='bbox 282 434 482 493; x_wconf 89' lang='lat' dir='ltr'>alienis</span> <span class='ocrx_word' id='word_1_12' title='bbox 537 431 833 515; x_wconf 87' lang='lat' dir='ltr'><strong>speciebus</strong></span> <span class='ocrx_word' id='word_1_13' title='bbox 872 433 1056 506; x_wconf 78' lang='lat' dir='ltr'>latet3</span> <span class='ocrx_word' id='word_1_14' title='bbox 1103 442 1393 512; x_wconf 88' lang='lat' dir='ltr'>quatenus</span> <span class='ocrx_word' id='word_1_15' title='bbox 1429 453 1570 492; x_wconf 87' lang='lat' dir='ltr'>vero</span> <span class='ocrx_word' id='word_1_16' title='bbox 1617 442 1792 510; x_wconf 73' lang='lat' dir='ltr'>typus</span> <span class='ocrx_word' id='word_1_17' title='bbox 1833 432 2082 491; x_wconf 89' lang='lat' dir='ltr'>sumitur</span> <span class='ocrx_word' id='word_1_18' title='bbox 2119 453 2226 513; x_wconf 91' lang='lat' dir='ltr'>pro</span> 
     </span>
     <span class='ocr_line' id='line_1_4' title="bbox 127 527 2223 608; baseline -0.001 -20"><span class='ocrx_word' id='word_1_19' title='bbox 127 531 289 608; x_wconf 80' lang='lat' dir='ltr'>signo</span> <span class='ocrx_word' id='word_1_20' title='bbox 331 530 413 588; x_wconf 90' lang='lat' dir='ltr'>rei</span> <span class='ocrx_word' id='word_1_21' title='bbox 444 527 699 588; x_wconf 88' lang='lat' dir='ltr'>absentis</span> <span class='ocrx_word' id='word_1_22' title='bbox 726 573 742 602; x_wconf 86' lang='lat'>.,</span> <span class='ocrx_word' id='word_1_23' title='bbox 780 548 886 586; x_wconf 92' lang='lat' dir='ltr'>nec</span> <span class='ocrx_word' id='word_1_24' title='bbox 922 537 1010 586; x_wconf 90' lang='lat' dir='ltr'>est</span> <span class='ocrx_word' id='word_1_25' title='bbox 1044 530 1382 602; x_wconf 90' lang='lat' dir='ltr'>conjunctus</span> <span class='ocrx_word' id='word_1_26' title='bbox 1421 546 1553 583; x_wconf 90' lang='lat' dir='ltr'>cum</span> <span class='ocrx_word' id='word_1_27' title='bbox 1592 546 1655 584; x_wconf 90' lang='lat' dir='ltr'>re</span> <span class='ocrx_word' id='word_1_28' title='bbox 1695 547 1870 606; x_wconf 89' lang='lat' dir='ltr'>quam</span> <span class='ocrx_word' id='word_1_29' title='bbox 1909 527 2223 608; x_wconf 71' lang='lat' dir='ltr'>significat,</span> 
     </span>
     <span class='ocr_line' id='line_1_5' title="bbox 126 620 2225 705; baseline -0 -23"><span class='ocrx_word' id='word_1_30' title='bbox 126 635 413 705; x_wconf 82' lang='lat' dir='ltr'>negarunt</span> <span class='ocrx_word' id='word_1_31' title='bbox 436 626 633 682; x_wconf 89' lang='lat' dir='ltr'>Patres</span> <span class='ocrx_word' id='word_1_32' title='bbox 662 622 1075 681; x_wconf 83' lang='lat' dir='ltr'>Eucharistiam</span> <span class='ocrx_word' id='word_1_33' title='bbox 1097 620 1287 683; x_wconf 87' lang='lat' dir='ltr'>vocari</span> <span class='ocrx_word' id='word_1_34' title='bbox 1311 641 1478 699; x_wconf 93' lang='lat' dir='ltr'>posse</span> <span class='ocrx_word' id='word_1_35' title='bbox 1509 630 1718 699; x_wconf 75' lang='lat' dir='ltr'>typum</span> <span class='ocrx_word' id='word_1_36' title='bbox 1741 632 1841 679; x_wconf 87' lang='lat' dir='ltr'>aut</span> <span class='ocrx_word' id='word_1_37' title='bbox 1866 623 2225 700; x_wconf 74' lang='lat' dir='ltr'>symbolum,</span> 
     </span>
     <span class='ocr_line' id='line_1_6' title="bbox 117 715 2227 800; baseline -0.001 -22"><span class='ocrx_word' id='word_1_38' title='bbox 117 721 386 800; x_wconf 70' lang='lat' dir='ltr'>fiyuram</span> <span class='ocrx_word' id='word_1_39' title='bbox 432 729 532 776; x_wconf 89' lang='lat' dir='ltr'>aut</span> <span class='ocrx_word' id='word_1_40' title='bbox 577 722 920 796; x_wconf 71' lang='lat' dir='ltr'>imayinem.</span> <span class='ocrx_word' id='word_1_41' title='bbox 975 715 1041 774; x_wconf 78' lang='lat'>4⁰</span> <span class='ocrx_word' id='word_1_42' title='bbox 1103 715 1193 774; x_wconf 89' lang='lat' dir='ltr'>Sic</span> <span class='ocrx_word' id='word_1_43' title='bbox 1244 735 1377 772; x_wconf 89' lang='lat' dir='ltr'>cum</span> <span class='ocrx_word' id='word_1_44' title='bbox 1417 735 1529 774; x_wconf 79' lang='lat' dir='ltr'>vox</span> <span class='ocrx_word' id='word_1_45' title='bbox 1581 719 1894 794; x_wconf 75' lang='lat' dir='ltr'>antz&#39;typon</span> <span class='ocrx_word' id='word_1_46' title='bbox 1946 716 2115 798; x_wconf 92' lang='lat' dir='ltr'>plura</span> <span class='ocrx_word' id='word_1_47' title='bbox 2162 738 2227 776; x_wconf 89' lang='lat' dir='ltr'>ac</span> 
     </span>
     <span class='ocr_line' id='line_1_7' title="bbox 127 809 2226 891; baseline -0 -20"><span class='ocrx_word' id='word_1_48' title='bbox 127 813 352 875; x_wconf 88' lang='lat' dir='ltr'>diversa</span> <span class='ocrx_word' id='word_1_49' title='bbox 390 812 699 891; x_wconf 82' lang='lat' dir='ltr'>significet,</span> <span class='ocrx_word' id='word_1_50' title='bbox 736 822 802 870; x_wconf 91' lang='lat' dir='ltr'>ut</span> <span class='ocrx_word' id='word_1_51' title='bbox 831 809 1159 891; x_wconf 85' lang='lat' dir='ltr'>symbolum</span> <span class='ocrx_word' id='word_1_52' title='bbox 1189 810 1271 866; x_wconf 90' lang='lat' dir='ltr'>rei</span> <span class='ocrx_word' id='word_1_53' title='bbox 1297 809 1597 886; x_wconf 82' lang='lat' dir='ltr'>praesentis</span> <span class='ocrx_word' id='word_1_54' title='bbox 1635 830 1702 868; x_wconf 84' lang='lat' dir='ltr'>ac</span> <span class='ocrx_word' id='word_1_55' title='bbox 1730 809 1965 868; x_wconf 86' lang='lat' dir='ltr'>latentis</span> <span class='ocrx_word' id='word_1_56' title='bbox 1985 855 2000 884; x_wconf 64' lang='lat'><em>7</em></span> <span class='ocrx_word' id='word_1_57' title='bbox 2028 811 2226 870; x_wconf 88' lang='lat' dir='ltr'>adim-</span> 
     </span>
     <span class='ocr_line' id='line_1_8' title="bbox 127 905 2226 990; baseline -0 -23"><span class='ocrx_word' id='word_1_58' title='bbox 127 909 491 990; x_wconf 88' lang='lat' dir='ltr'>plementum</span> <span class='ocrx_word' id='word_1_59' title='bbox 525 908 647 988; x_wconf 84' lang='lat' dir='ltr'>typi</span> <span class='ocrx_word' id='word_1_60' title='bbox 662 912 787 985; x_wconf 85' lang='lat' dir='ltr'>jam</span> <span class='ocrx_word' id='word_1_61' title='bbox 809 905 1119 989; x_wconf 71' lang='lat' dir='ltr'>praeteriti,</span> <span class='ocrx_word' id='word_1_62' title='bbox 1160 915 1367 985; x_wconf 80' lang='lat' dir='ltr'>typum</span> <span class='ocrx_word' id='word_1_63' title='bbox 1391 906 1568 964; x_wconf 88' lang='lat' dir='ltr'>etiam</span> <span class='ocrx_word' id='word_1_64' title='bbox 1595 916 1695 963; x_wconf 88' lang='lat' dir='ltr'>aut</span> <span class='ocrx_word' id='word_1_65' title='bbox 1722 906 1966 984; x_wconf 84' lang='lat' dir='ltr'>figuram</span> <span class='ocrx_word' id='word_1_66' title='bbox 1993 906 2226 966; x_wconf 89' lang='lat' dir='ltr'>alterius</span> 
     </span>
     <span class='ocr_line' id='line_1_9' title="bbox 128 1000 2227 1081; baseline 0 -21"><span class='ocrx_word' id='word_1_67' title='bbox 128 1003 210 1061; x_wconf 86' lang='lat' dir='ltr'>rei</span> <span class='ocrx_word' id='word_1_68' title='bbox 239 1003 531 1060; x_wconf 88' lang='lat' dir='ltr'>interioris</span> <span class='ocrx_word' id='word_1_69' title='bbox 555 1014 653 1061; x_wconf 86' lang='lat' dir='ltr'>aut</span> <span class='ocrx_word' id='word_1_70' title='bbox 683 1003 858 1061; x_wconf 87' lang='lat' dir='ltr'>etiam</span> <span class='ocrx_word' id='word_1_71' title='bbox 882 1001 1087 1059; x_wconf 76' lang='lat' dir='ltr'>futurae</span> <span class='ocrx_word' id='word_1_72' title='bbox 1107 1043 1123 1073; x_wconf 75' lang='lat'>‚</span> <span class='ocrx_word' id='word_1_73' title='bbox 1155 1019 1384 1081; x_wconf 85' lang='lat' dir='ltr'><strong>semper</strong></span> <span class='ocrx_word' id='word_1_74' title='bbox 1410 1010 1609 1060; x_wconf 88' lang='lat' dir='ltr'>tamen</span> <span class='ocrx_word' id='word_1_75' title='bbox 1634 1021 1766 1059; x_wconf 90' lang='lat' dir='ltr'>cum</span> <span class='ocrx_word' id='word_1_76' title='bbox 1802 1000 2063 1060; x_wconf 82' lang='lat' dir='ltr'><strong>realitate</strong></span> <span class='ocrx_word' id='word_1_77' title='bbox 2088 1022 2227 1060; x_wconf 94' lang='lat' dir='ltr'>con—</span> 
     </span>
     <span class='ocr_line' id='line_1_10' title="bbox 125 1093 2227 1175; baseline 0.001 -22"><span class='ocrx_word' id='word_1_78' title='bbox 125 1097 312 1175; x_wconf 81' lang='lat' dir='ltr'>juncti</span> <span class='ocrx_word' id='word_1_79' title='bbox 340 1142 354 1170; x_wconf 61' lang='lat'>7</span> <span class='ocrx_word' id='word_1_80' title='bbox 394 1098 590 1155; x_wconf 86' lang='lat' dir='ltr'>Patres</span> <span class='ocrx_word' id='word_1_81' title='bbox 625 1097 731 1155; x_wconf 88' lang='lat' dir='ltr'>hac</span> <span class='ocrx_word' id='word_1_82' title='bbox 757 1093 1063 1175; x_wconf 78' lang='lat' dir='ltr'>multiplici</span> <span class='ocrx_word' id='word_1_83' title='bbox 1095 1093 1510 1175; x_wconf 81' lang='lat' dir='ltr'>significatione</span> <span class='ocrx_word' id='word_1_84' title='bbox 1548 1106 1830 1154; x_wconf 87' lang='lat' dir='ltr'>vocarunt</span> <span class='ocrx_word' id='word_1_85' title='bbox 1871 1096 2085 1174; x_wconf 89' lang='lat' dir='ltr'>passim</span> <span class='ocrx_word' id='word_1_86' title='bbox 2118 1098 2227 1155; x_wconf 90' lang='lat' dir='ltr'>Eu-</span> 
     </span>
     <span class='ocr_line' id='line_1_11' title="bbox 127 1189 2227 1270; baseline 0 -22"><span class='ocrx_word' id='word_1_87' title='bbox 127 1189 456 1250; x_wconf 89' lang='lat' dir='ltr'>charistiam</span> <span class='ocrx_word' id='word_1_88' title='bbox 480 1197 824 1270; x_wconf 73' lang='lat' dir='ltr'>antitypum</span> <span class='ocrx_word' id='word_1_89' title='bbox 850 1199 951 1247; x_wconf 90' lang='lat' dir='ltr'>aut</span> <span class='ocrx_word' id='word_1_90' title='bbox 971 1192 1267 1267; x_wconf 76' lang='lat' dir='ltr'>antitypa.</span> <span class='ocrx_word' id='word_1_91' title='bbox 1295 1190 1474 1247; x_wconf 89' lang='lat' dir='ltr'>Prout</span> <span class='ocrx_word' id='word_1_92' title='bbox 1502 1209 1639 1249; x_wconf 87' lang='lat' dir='ltr'>vero</span> <span class='ocrx_word' id='word_1_93' title='bbox 1667 1194 2022 1270; x_wconf 75' lang='lat' dir='ltr'>antitypum</span> <span class='ocrx_word' id='word_1_94' title='bbox 2047 1191 2227 1270; x_wconf 79' lang='lat' dir='ltr'>signi-</span> 
     </span>
     <span class='ocr_line' id='line_1_12' title="bbox 126 1282 2228 1367; baseline 0.002 -25"><span class='ocrx_word' id='word_1_95' title='bbox 126 1285 260 1343; x_wconf 86' lang='lat' dir='ltr'>ficat</span> <span class='ocrx_word' id='word_1_96' title='bbox 311 1286 540 1365; x_wconf 81' lang='lat' dir='ltr'>signum</span> <span class='ocrx_word' id='word_1_97' title='bbox 595 1305 836 1346; x_wconf 86' lang='lat' dir='ltr'>vacuum</span> <span class='ocrx_word' id='word_1_98' title='bbox 894 1283 978 1342; x_wconf 88' lang='lat' dir='ltr'>rei</span> <span class='ocrx_word' id='word_1_99' title='bbox 1033 1282 1289 1342; x_wconf 84' lang='lat' dir='ltr'>absentis</span> <span class='ocrx_word' id='word_1_100' title='bbox 1311 1328 1327 1357; x_wconf 76' lang='grc'><em>,</em></span> <span class='ocrx_word' id='word_1_101' title='bbox 1387 1284 1721 1343; x_wconf 88' lang='lat' dir='ltr'>inficiantur</span> <span class='ocrx_word' id='word_1_102' title='bbox 1770 1287 2002 1360; x_wconf 79' lang='lat' dir='ltr'>PatreS‚</span> <span class='ocrx_word' id='word_1_103' title='bbox 2060 1307 2228 1367; x_wconf 87' lang='lat' dir='ltr'>posse</span> 
     </span>
     <span class='ocr_line' id='line_1_13' title="bbox 126 1377 2228 1462; baseline 0.001 -25"><span class='ocrx_word' id='word_1_104' title='bbox 126 1378 679 1439; x_wconf 81' lang='lat' dir='ltr'>Eucharistiam‘dici</span> <span class='ocrx_word' id='word_1_105' title='bbox 716 1378 1050 1459; x_wconf 82' lang='lat' dir='ltr'>antitypum</span> <span class='ocrx_word' id='word_1_106' title='bbox 1082 1389 1184 1436; x_wconf 86' lang='lat' dir='ltr'>aut</span> <span class='ocrx_word' id='word_1_107' title='bbox 1222 1377 1483 1461; x_wconf 77' lang='lat' dir='ltr'>antitypa</span> <span class='ocrx_word' id='word_1_108' title='bbox 1509 1378 1619 1459; x_wconf 89' lang='lat' dir='ltr'>(l).</span> <span class='ocrx_word' id='word_1_109' title='bbox 1664 1377 1876 1438; x_wconf 88' lang='lat' dir='ltr'>Habito</span> <span class='ocrx_word' id='word_1_110' title='bbox 1909 1403 2084 1462; x_wconf 91' lang='lat' dir='ltr'>porro</span> <span class='ocrx_word' id='word_1_111' title='bbox 2103 1402 2228 1441; x_wconf 85' lang='lat' dir='ltr'>res·-</span> 
     </span>
     <span class='ocr_line' id='line_1_14' title="bbox 100 1471 2226 1555; baseline 0.001 -23"><span class='ocrx_word' id='word_1_112' title='bbox 100 1483 300 1554; x_wconf 85' lang='lat' dir='ltr'>&#39;pectu</span> <span class='ocrx_word' id='word_1_113' title='bbox 341 1476 583 1538; x_wconf 86' lang='lat' dir='ltr'>diversae</span> <span class='ocrx_word' id='word_1_114' title='bbox 609 1473 771 1532; x_wconf 90' lang='lat' dir='ltr'>istius</span> <span class='ocrx_word' id='word_1_115' title='bbox 798 1473 1260 1552; x_wconf 80' lang='lat' dir='ltr'>significationiS,</span> <span class='ocrx_word' id='word_1_116' title='bbox 1298 1471 1711 1547; x_wconf 53' lang='lat' dir='ltr'>concilianturq</span> <span class='ocrx_word' id='word_1_117' title='bbox 1767 1496 1893 1555; x_wconf 85' lang='lat' dir='ltr'>quae</span> <span class='ocrx_word' id='word_1_118' title='bbox 1916 1476 2026 1535; x_wconf 92' lang='lat' dir='ltr'>sibi</span> <span class='ocrx_word' id='word_1_119' title='bbox 2069 1476 2226 1539; x_wconf 85' lang='lat' dir='ltr'>invi—</span> 
     </span>
     <span class='ocr_line' id='line_1_15' title="bbox 129 1567 2227 1653; baseline 0.001 -26"><span class='ocrx_word' id='word_1_120' title='bbox 129 1589 254 1628; x_wconf 89' lang='lat' dir='ltr'>cem</span> <span class='ocrx_word' id='word_1_121' title='bbox 284 1572 499 1653; x_wconf 90' lang='lat' dir='ltr'>opponi</span> <span class='ocrx_word' id='word_1_122' title='bbox 539 1568 816 1630; x_wconf 88' lang='lat' dir='ltr'>videntur</span> <span class='ocrx_word' id='word_1_123' title='bbox 839 1570 1079 1627; x_wconf 86' lang='lat' dir='ltr'>Patrum</span> <span class='ocrx_word' id='word_1_124' title='bbox 1122 1567 1420 1626; x_wconf 80' lang='lat' dir='ltr'>dictiones,</span> <span class='ocrx_word' id='word_1_125' title='bbox 1464 1570 1614 1626; x_wconf 87' lang='lat' dir='ltr'>Nam</span> <span class='ocrx_word' id='word_1_126' title='bbox 1645 1568 1858 1628; x_wconf 85' lang='lat' dir='ltr'>Christi</span> <span class='ocrx_word' id='word_1_127' title='bbox 1903 1571 2123 1652; x_wconf 88' lang='lat' dir='ltr'>Corpus</span> <span class='ocrx_word' id='word_1_128' title='bbox 2165 1572 2227 1630; x_wconf 90' lang='lat' dir='ltr'>in</span> 
     </span>
     <span class='ocr_line' id='line_1_16' title="bbox 127 1662 2220 1746; baseline 0.002 -25"><span class='ocrx_word' id='word_1_129' title='bbox 127 1664 474 1725; x_wconf 88' lang='lat' dir='ltr'>Eucharistia</span> <span class='ocrx_word' id='word_1_130' title='bbox 495 1710 511 1740; x_wconf 72' lang='lat'>,</span> <span class='ocrx_word' id='word_1_131' title='bbox 546 1675 836 1746; x_wconf 88' lang='lat' dir='ltr'>quatenus</span> <span class='ocrx_word' id='word_1_132' title='bbox 861 1663 1115 1744; x_wconf 82' lang='lat' dir='ltr'>complet</span> <span class='ocrx_word' id='word_1_133' title='bbox 1142 1664 1351 1742; x_wconf 78' lang='lat' dir='ltr'>figuras</span> <span class='ocrx_word' id='word_1_134' title='bbox 1381 1662 1747 1722; x_wconf 78' lang='lat' dir='ltr'>Eucharistiae</span> <span class='ocrx_word' id='word_1_135' title='bbox 1767 1708 1782 1738; x_wconf 74' lang='grc'><em>,</em></span> <span class='ocrx_word' id='word_1_136' title='bbox 1823 1685 1952 1745; x_wconf 78' lang='lat' dir='ltr'>quae</span> <span class='ocrx_word' id='word_1_137' title='bbox 1982 1666 2045 1723; x_wconf 91' lang='lat' dir='ltr'>in</span> <span class='ocrx_word' id='word_1_138' title='bbox 2093 1668 2220 1726; x_wconf 88' lang='lat' dir='ltr'>Vet.</span> 
     </span>
     <span class='ocr_line' id='line_1_17' title="bbox 127 1757 2227 1843; baseline 0.002 -26"><span class='ocrx_word' id='word_1_139' title='bbox 127 1760 372 1820; x_wconf 89' lang='lat' dir='ltr'>Testam.</span> <span class='ocrx_word' id='word_1_140' title='bbox 407 1770 854 1843; x_wconf 75' lang='lat' dir='ltr'>praecesserunt,</span> <span class='ocrx_word' id='word_1_141' title='bbox 908 1769 996 1817; x_wconf 90' lang='lat' dir='ltr'>est</span> <span class='ocrx_word' id='word_1_142' title='bbox 1029 1757 1396 1838; x_wconf 78' lang='lat' dir='ltr'>antitypum3</span> <span class='ocrx_word' id='word_1_143' title='bbox 1448 1768 1734 1838; x_wconf 89' lang='lat' dir='ltr'>quatenus</span> <span class='ocrx_word' id='word_1_144' title='bbox 1768 1759 1830 1816; x_wconf 92' lang='lat' dir='ltr'>in</span> <span class='ocrx_word' id='word_1_145' title='bbox 1866 1780 1928 1819; x_wconf 90' lang='lat' dir='ltr'>se</span> <span class='ocrx_word' id='word_1_146' title='bbox 1969 1762 2227 1821; x_wconf 88' lang='lat' dir='ltr'>continet</span> 
     </span>
     <span class='ocr_line' id='line_1_18' title="bbox 125 1851 2226 1937; baseline 0.002 -27"><span class='ocrx_word' id='word_1_147' title='bbox 125 1854 366 1934; x_wconf 86' lang='lat' dir='ltr'>figuram</span> <span class='ocrx_word' id='word_1_148' title='bbox 400 1853 659 1933; x_wconf 85' lang='lat' dir='ltr'>ejusdem</span> <span class='ocrx_word' id='word_1_149' title='bbox 683 1852 895 1912; x_wconf 89' lang='lat' dir='ltr'>Christi</span> <span class='ocrx_word' id='word_1_150' title='bbox 921 1853 986 1910; x_wconf 89' lang='lat' dir='ltr'>in</span> <span class='ocrx_word' id='word_1_151' title='bbox 1007 1851 1154 1912; x_wconf 90' lang='lat' dir='ltr'>coelo</span> <span class='ocrx_word' id='word_1_152' title='bbox 1180 1851 1476 1931; x_wconf 83' lang='lat' dir='ltr'>regnantis</span> <span class='ocrx_word' id='word_1_153' title='bbox 1503 1897 1518 1926; x_wconf 68' lang='lat'>‚</span> <span class='ocrx_word' id='word_1_154' title='bbox 1546 1851 1898 1912; x_wconf 82' lang='lat' dir='ltr'>Eucharistia</span> <span class='ocrx_word' id='word_1_155' title='bbox 1927 1855 1994 1913; x_wconf 85' lang='lat' dir='ltr'>fit</span> <span class='ocrx_word' id='word_1_156' title='bbox 2021 1865 2226 1937; x_wconf 80' lang='lat' dir='ltr'>typuS,</span> 
     </span>
     <span class='ocr_line' id='line_1_19' title="bbox 124 1945 2227 2031; baseline 0 -22"><span class='ocrx_word' id='word_1_157' title='bbox 124 1949 225 2009; x_wconf 92' lang='lat' dir='ltr'>sed</span> <span class='ocrx_word' id='word_1_158' title='bbox 251 1950 460 2031; x_wconf 90' lang='lat' dir='ltr'>plenus</span> <span class='ocrx_word' id='word_1_159' title='bbox 483 1994 499 2024; x_wconf 75' lang='grc'><em>,</em></span> <span class='ocrx_word' id='word_1_160' title='bbox 538 1972 659 2008; x_wconf 92' lang='lat' dir='ltr'>non</span> <span class='ocrx_word' id='word_1_161' title='bbox 692 1959 887 2007; x_wconf 91' lang='lat' dir='ltr'>autem</span> <span class='ocrx_word' id='word_1_162' title='bbox 918 1968 1131 2008; x_wconf 89' lang='lat' dir='ltr'>vacuus</span> <span class='ocrx_word' id='word_1_163' title='bbox 1168 1948 1249 2005; x_wconf 90' lang='lat' dir='ltr'>rei</span> <span class='ocrx_word' id='word_1_164' title='bbox 1281 1945 1554 2006; x_wconf 89' lang='lat' dir='ltr'>absentis.</span> <span class='ocrx_word' id='word_1_165' title='bbox 1587 1947 1652 2004; x_wconf 77' lang='grc' dir='ltr'>5ο</span> <span class='ocrx_word' id='word_1_166' title='bbox 1693 1948 1997 2007; x_wconf 89' lang='lat' dir='ltr'>Interdum</span> <span class='ocrx_word' id='word_1_167' title='bbox 2029 1952 2227 2010; x_wconf 87' lang='lat' dir='ltr'>Patres</span> 
     </span>
     <span class='ocr_line' id='line_1_20' title="bbox 122 2042 2228 2124; baseline 0.001 -22"><span class='ocrx_word' id='word_1_168' title='bbox 122 2057 372 2124; x_wconf 72' lang='lat' dir='ltr'>negant,</span> <span class='ocrx_word' id='word_1_169' title='bbox 417 2046 879 2103; x_wconf 78' lang='lat' dir='ltr'>Sacramentum</span> <span class='ocrx_word' id='word_1_170' title='bbox 913 2063 1037 2102; x_wconf 91' lang='lat' dir='ltr'>esse</span> <span class='ocrx_word' id='word_1_171' title='bbox 1073 2043 1293 2122; x_wconf 90' lang='lat' dir='ltr'>Corpus</span> <span class='ocrx_word' id='word_1_172' title='bbox 1327 2053 1387 2101; x_wconf 90' lang='lat' dir='ltr'>et</span> <span class='ocrx_word' id='word_1_173' title='bbox 1422 2042 1777 2123; x_wconf 87' lang='lat' dir='ltr'>Sanguinem</span> <span class='ocrx_word' id='word_1_174' title='bbox 1805 2044 2075 2118; x_wconf 78' lang='lat' dir='ltr'>Domini3</span> <span class='ocrx_word' id='word_1_175' title='bbox 2126 2046 2228 2105; x_wconf 88' lang='lat' dir='ltr'>sed</span> 
     </span>
     <span class='ocr_line' id='line_1_21' title="bbox 123 2137 2229 2220; baseline 0.001 -24"><span class='ocrx_word' id='word_1_176' title='bbox 123 2160 342 2199; x_wconf 90' lang='lat' dir='ltr'>nomen</span> <span class='ocrx_word' id='word_1_177' title='bbox 375 2140 733 2199; x_wconf 87' lang='lat' dir='ltr'>Sacramenti</span> <span class='ocrx_word' id='word_1_178' title='bbox 769 2139 967 2196; x_wconf 87' lang='lat' dir='ltr'>stricto</span> <span class='ocrx_word' id='word_1_179' title='bbox 1005 2158 1179 2196; x_wconf 93' lang='lat' dir='ltr'>sensu</span> <span class='ocrx_word' id='word_1_180' title='bbox 1213 2137 1531 2218; x_wconf 86' lang='lat' dir='ltr'>accipiunt,</span> <span class='ocrx_word' id='word_1_181' title='bbox 1577 2149 1751 2219; x_wconf 88' lang='lat' dir='ltr'>prout</span> <span class='ocrx_word' id='word_1_182' title='bbox 1786 2139 2001 2220; x_wconf 88' lang='lat' dir='ltr'>species</span> <span class='ocrx_word' id='word_1_183' title='bbox 2043 2141 2229 2199; x_wconf 88' lang='lat' dir='ltr'>sensi-</span> 
     </span>
     <span class='ocr_line' id='line_1_22' title="bbox 120 2230 2228 2317; baseline 0.003 -28"><span class='ocrx_word' id='word_1_184' title='bbox 120 2231 264 2292; x_wconf 88' lang='lat' dir='ltr'>biles</span> <span class='ocrx_word' id='word_1_185' title='bbox 316 2245 453 2292; x_wconf 91' lang='lat' dir='ltr'>sunt</span> <span class='ocrx_word' id='word_1_186' title='bbox 507 2234 771 2312; x_wconf 53' lang='lat' dir='ltr'>signum7</span> <span class='ocrx_word' id='word_1_187' title='bbox 827 2243 998 2313; x_wconf 76' lang='lat' dir='ltr'>typus</span> <span class='ocrx_word' id='word_1_188' title='bbox 1042 2242 1141 2290; x_wconf 86' lang='lat' dir='ltr'>aut</span> <span class='ocrx_word' id='word_1_189' title='bbox 1180 2230 1509 2311; x_wconf 86' lang='lat' dir='ltr'>symbolum</span> <span class='ocrx_word' id='word_1_190' title='bbox 1549 2233 1633 2291; x_wconf 89' lang='lat' dir='ltr'>rei</span> <span class='ocrx_word' id='word_1_191' title='bbox 1684 2231 1954 2310; x_wconf 82' lang='lat' dir='ltr'>latentiS‚</span> <span class='ocrx_word' id='word_1_192' title='bbox 2013 2257 2228 2317; x_wconf 89' lang='lat' dir='ltr'>nempe</span> 
     </span>
     <span class='ocr_line' id='line_1_23' title="bbox 120 2325 2228 2413; baseline 0.002 -27"><span class='ocrx_word' id='word_1_193' title='bbox 120 2328 297 2409; x_wconf 88' lang='lat' dir='ltr'>ipsius</span> <span class='ocrx_word' id='word_1_194' title='bbox 344 2328 609 2409; x_wconf 86' lang='lat' dir='ltr'>Corporis</span> <span class='ocrx_word' id='word_1_195' title='bbox 648 2338 706 2385; x_wconf 89' lang='lat' dir='ltr'>et</span> <span class='ocrx_word' id='word_1_196' title='bbox 749 2325 1075 2405; x_wconf 77' lang='lat' dir='ltr'>Sanguinis·</span> <span class='ocrx_word' id='word_1_197' title='bbox 1124 2326 1271 2384; x_wconf 89' lang='lat' dir='ltr'>Sane</span> <span class='ocrx_word' id='word_1_198' title='bbox 1315 2327 1530 2407; x_wconf 92' lang='lat' dir='ltr'>species</span> <span class='ocrx_word' id='word_1_199' title='bbox 1577 2329 2060 2404; x_wconf 71' lang='lat' dir='ltr'>sacramentaleS,</span> <span class='ocrx_word' id='word_1_200' title='bbox 2101 2352 2228 2413; x_wconf 77' lang='lat' dir='ltr'>¹non</span> 
     </span>
     <span class='ocr_line' id='line_1_24' title="bbox 119 2420 2226 2503; baseline 0.002 -24"><span class='ocrx_word' id='word_1_201' title='bbox 119 2433 260 2479; x_wconf 88' lang='lat' dir='ltr'>sunt</span> <span class='ocrx_word' id='word_1_202' title='bbox 302 2422 494 2503; x_wconf 89' lang='lat' dir='ltr'>ipsum</span> <span class='ocrx_word' id='word_1_203' title='bbox 538 2422 771 2480; x_wconf 92' lang='lat' dir='ltr'>Domini</span> <span class='ocrx_word' id='word_1_204' title='bbox 805 2420 1029 2502; x_wconf 87' lang='lat' dir='ltr'>Corpus</span> <span class='ocrx_word' id='word_1_205' title='bbox 1064 2431 1164 2478; x_wconf 91' lang='lat' dir='ltr'>aut</span> <span class='ocrx_word' id='word_1_206' title='bbox 1204 2421 1466 2499; x_wconf 76' lang='lat' dir='ltr'>Sanguis·</span> <span class='ocrx_word' id='word_1_207' title='bbox 1509 2421 1574 2478; x_wconf 89' lang='lat'>60</span> <span class='ocrx_word' id='word_1_208' title='bbox 1623 2423 1845 2481; x_wconf 87' lang='lat' dir='ltr'>Dicitur</span> <span class='ocrx_word' id='word_1_209' title='bbox 1885 2445 1918 2482; x_wconf 86' lang='lat' dir='ltr'>a</span> <span class='ocrx_word' id='word_1_210' title='bbox 1958 2423 2226 2484; x_wconf 88' lang='lat' dir='ltr'>Patribus</span> 
     </span>
     <span class='ocr_line' id='line_1_25' title="bbox 120 2514 2226 2599; baseline 0.003 -24"><span class='ocrx_word' id='word_1_211' title='bbox 120 2515 472 2576; x_wconf 87' lang='lat' dir='ltr'>Eucharistia</span> <span class='ocrx_word' id='word_1_212' title='bbox 498 2519 905 2597; x_wconf 75' lang='lat' dir='ltr'>spiritualiter</span> <span class='ocrx_word' id='word_1_213' title='bbox 933 2514 1371 2590; x_wconf 76' lang='lat' dir='ltr'>manducandat,</span> <span class='ocrx_word' id='word_1_214' title='bbox 1404 2526 1464 2574; x_wconf 86' lang='lat' dir='ltr'>at</span> <span class='ocrx_word' id='word_1_215' title='bbox 1487 2516 1549 2574; x_wconf 83' lang='lat' dir='ltr'>in·</span> <span class='ocrx_word' id='word_1_216' title='bbox 1573 2518 1937 2599; x_wconf 89' lang='lat' dir='ltr'>oppositione</span> <span class='ocrx_word' id='word_1_217' title='bbox 1959 2519 2034 2580; x_wconf 89' lang='lat' dir='ltr'>ad</span> <span class='ocrx_word' id='word_1_218' title='bbox 2056 2542 2226 2580; x_wconf 86' lang='lat' dir='ltr'>man-</span> 
     </span>
    </p>
   </div>
   <div class='ocr_carea' id='block_1_4' title="bbox 125 2708 1136 3835">
    <p class='ocr_par' dir='ltr' id='par_1_4' title="bbox 125 2708 1136 3835">
     <span class='ocr_line' id='line_1_26' title="bbox 198 2708 1135 2773; baseline 0 -17"><span class='ocrx_word' id='word_1_219' title='bbox 198 2708 262 2771; x_wconf 94' lang='lat' dir='ltr'>(l)</span> <span class='ocrx_word' id='word_1_220' title='bbox 299 2709 360 2758; x_wconf 89' lang='lat' dir='ltr'>Ut</span> <span class='ocrx_word' id='word_1_221' title='bbox 385 2709 483 2757; x_wconf 87' lang='lat' dir='ltr'>baec</span> <span class='ocrx_word' id='word_1_222' title='bbox 516 2708 704 2757; x_wconf 87' lang='lat' dir='ltr'>clariora</span> <span class='ocrx_word' id='word_1_223' title='bbox 739 2708 966 2769; x_wconf 87' lang='lat' dir='ltr'>evadant,</span> <span class='ocrx_word' id='word_1_224' title='bbox 1002 2709 1135 2773; x_wconf 84' lang='lat' dir='ltr'>juvat</span> 
     </span>
     <span class='ocr_line' id='line_1_27' title="bbox 133 2790 1136 2857; baseline -0.001 -20"><span class='ocrx_word' id='word_1_225' title='bbox 133 2806 353 2854; x_wconf 82' lang='lat' dir='ltr'>exponere</span> <span class='ocrx_word' id='word_1_226' title='bbox 372 2826 386 2850; x_wconf 89' lang='lat'><strong>‚</strong></span> <span class='ocrx_word' id='word_1_227' title='bbox 421 2791 534 2857; x_wconf 88' lang='lat' dir='ltr'>quid</span> <span class='ocrx_word' id='word_1_228' title='bbox 563 2790 744 2838; x_wconf 85' lang='lat' dir='ltr'>litterali</span> <span class='ocrx_word' id='word_1_229' title='bbox 782 2807 917 2838; x_wconf 88' lang='lat' dir='ltr'>sensu</span> <span class='ocrx_word' id='word_1_230' title='bbox 948 2791 1039 2837; x_wconf 88' lang='lat' dir='ltr'>sint</span> <span class='ocrx_word' id='word_1_231' title='bbox 1065 2799 1136 2855; x_wconf 81' lang='lat' dir='ltr'>ty-</span> 
     </span>
     <span class='ocr_line' id='line_1_28' title="bbox 132 2871 1135 2937; baseline 0 -19"><span class='ocrx_word' id='word_1_232' title='bbox 132 2888 219 2934; x_wconf 94' lang='lat' dir='ltr'>pus</span> <span class='ocrx_word' id='word_1_233' title='bbox 233 2881 276 2918; x_wconf 83' lang='lat' dir='ltr'>et</span> <span class='ocrx_word' id='word_1_234' title='bbox 296 2874 552 2937; x_wconf 81' lang='lat' dir='ltr'>antitypum</span> <span class='ocrx_word' id='word_1_235' title='bbox 573 2888 586 2935; x_wconf 82' lang='lat'><em>3</em></span> <span class='ocrx_word' id='word_1_236' title='bbox 615 2874 679 2919; x_wconf 86' lang='lat' dir='ltr'>sie</span> <span class='ocrx_word' id='word_1_237' title='bbox 692 2874 816 2920; x_wconf 91' lang='lat' dir='ltr'>enim</span> <span class='ocrx_word' id='word_1_238' title='bbox 833 2887 993 2920; x_wconf 87' lang='lat' dir='ltr'>sensus</span> <span class='ocrx_word' id='word_1_239' title='bbox 1019 2871 1135 2936; x_wconf 81' lang='lat' dir='ltr'>figu-</span> 
     </span>
     <span class='ocr_line' id='line_1_29' title="bbox 131 2954 1133 3018; baseline 0.002 -20"><span class='ocrx_word' id='word_1_240' title='bbox 131 2961 253 2999; x_wconf 83' lang='lat' dir='ltr'>ratus</span> <span class='ocrx_word' id='word_1_241' title='bbox 293 2969 373 3000; x_wconf 89' lang='lat' dir='ltr'>seu</span> <span class='ocrx_word' id='word_1_242' title='bbox 402 2955 770 3018; x_wconf 76' lang='lat' dir='ltr'>metaphoricae.</span> <span class='ocrx_word' id='word_1_243' title='bbox 811 2954 902 3002; x_wconf 83' lang='lat' dir='ltr'>illis</span> <span class='ocrx_word' id='word_1_244' title='bbox 942 2954 1133 3002; x_wconf 85' lang='lat' dir='ltr'>vocibus</span> 
     </span>
     <span class='ocr_line' id='line_1_30' title="bbox 131 3026 1133 3099; baseline 0.004 -19"><span class='ocrx_word' id='word_1_245' title='bbox 131 3050 365 3097; x_wconf 84' lang='lat' dir='ltr'>expressus</span> <span class='ocrx_word' id='word_1_246' title='bbox 385 3070 399 3093; x_wconf 93' lang='lat'>‚</span> <span class='ocrx_word' id='word_1_247' title='bbox 429 3026 621 3083; x_wconf 84' lang='lat' dir='ltr'>faciliori</span> <span class='ocrx_word' id='word_1_248' title='bbox 647 3038 823 3084; x_wconf 85' lang='lat' dir='ltr'>ratione</span> <span class='ocrx_word' id='word_1_249' title='bbox 851 3035 1133 3099; x_wconf 85' lang='lat' dir='ltr'>intelligitur.</span> 
     </span>
     <span class='ocr_line' id='line_1_31' title="bbox 139 3101 1136 3181; baseline 0.004 -20"><span class='ocrx_word' id='word_1_250' title='bbox 139 3115 311 3179; x_wconf 79' lang='lat' dir='ltr'>Typus</span> <span class='ocrx_word' id='word_1_251' title='bbox 339 3117 493 3180; x_wconf 88' lang='lat' dir='ltr'>itaque</span> <span class='ocrx_word' id='word_1_252' title='bbox 531 3101 709 3181; x_wconf 86' lang='lat' dir='ltr'>proprie</span> <span class='ocrx_word' id='word_1_253' title='bbox 745 3130 812 3165; x_wconf 88' lang='lat' dir='ltr'>est</span> <span class='ocrx_word' id='word_1_254' title='bbox 855 3120 1136 3166; x_wconf 88' lang='lat' dir='ltr'>instrumen-</span> 
     </span>
     <span class='ocr_line' id='line_1_32' title="bbox 130 3197 1135 3263; baseline 0.004 -19"><span class='ocrx_word' id='word_1_255' title='bbox 130 3206 227 3245; x_wconf 89' lang='lat' dir='ltr'>tum</span> <span class='ocrx_word' id='word_1_256' title='bbox 278 3197 604 3262; x_wconf 89' lang='lat' dir='ltr'>quodcumque</span> <span class='ocrx_word' id='word_1_257' title='bbox 647 3198 890 3263; x_wconf 86' lang='lat' dir='ltr'>obsignans</span> <span class='ocrx_word' id='word_1_258' title='bbox 911 3235 924 3258; x_wconf 90' lang='lat'><strong>‚</strong></span> <span class='ocrx_word' id='word_1_259' title='bbox 959 3201 1023 3247; x_wconf 82' lang='lat' dir='ltr'>sic</span> <span class='ocrx_word' id='word_1_260' title='bbox 1059 3199 1135 3248; x_wconf 89' lang='lat' dir='ltr'>lit-</span> 
     </span>
     <span class='ocr_line' id='line_1_33' title="bbox 127 3277 1135 3346; baseline 0.003 -20"><span class='ocrx_word' id='word_1_261' title='bbox 127 3288 229 3327; x_wconf 82' lang='lat' dir='ltr'>terae</span> <span class='ocrx_word' id='word_1_262' title='bbox 273 3277 508 3326; x_wconf 69' lang='lat' dir='ltr'>metallicae</span> <span class='ocrx_word' id='word_1_263' title='bbox 551 3288 658 3326; x_wconf 88' lang='lat' dir='ltr'>sunt</span> <span class='ocrx_word' id='word_1_264' title='bbox 701 3282 833 3343; x_wconf 82' lang='lat' dir='ltr'>typi3</span> <span class='ocrx_word' id='word_1_265' title='bbox 878 3282 1135 3346; x_wconf 68' lang='lat' dir='ltr'>antitypum</span> 
     </span>
     <span class='ocr_line' id='line_1_34' title="bbox 127 3359 1135 3425; baseline 0.003 -17"><span class='ocrx_word' id='word_1_266' title='bbox 127 3370 194 3408; x_wconf 89' lang='lat' dir='ltr'>est</span> <span class='ocrx_word' id='word_1_267' title='bbox 231 3361 373 3425; x_wconf 82' lang='lat' dir='ltr'>figura</span> <span class='ocrx_word' id='word_1_268' title='bbox 405 3377 485 3425; x_wconf 90' lang='lat' dir='ltr'>per</span> <span class='ocrx_word' id='word_1_269' title='bbox 516 3370 674 3425; x_wconf 86' lang='lat' dir='ltr'>typum</span> <span class='ocrx_word' id='word_1_270' title='bbox 713 3359 963 3425; x_wconf 82' lang='lat' dir='ltr'>obsignata.</span> <span class='ocrx_word' id='word_1_271' title='bbox 1008 3361 1135 3411; x_wconf 85' lang='lat' dir='ltr'>Istud</span> 
     </span>
     <span class='ocr_line' id='line_1_35' title="bbox 128 3443 1134 3510; baseline 0.003 -22"><span class='ocrx_word' id='word_1_272' title='bbox 128 3458 263 3506; x_wconf 90' lang='lat' dir='ltr'>porro</span> <span class='ocrx_word' id='word_1_273' title='bbox 297 3445 534 3507; x_wconf 86' lang='lat' dir='ltr'>antitypon</span> <span class='ocrx_word' id='word_1_274' title='bbox 561 3451 708 3506; x_wconf 87' lang='lat' dir='ltr'>potest</span> <span class='ocrx_word' id='word_1_275' title='bbox 734 3443 902 3490; x_wconf 87' lang='lat' dir='ltr'>iterum</span> <span class='ocrx_word' id='word_1_276' title='bbox 939 3443 1039 3491; x_wconf 89' lang='lat' dir='ltr'>fieri</span> <span class='ocrx_word' id='word_1_277' title='bbox 1061 3454 1134 3510; x_wconf 83' lang='lat' dir='ltr'>ty-</span> 
     </span>
     <span class='ocr_line' id='line_1_36' title="bbox 126 3522 1131 3588; baseline 0.003 -18"><span class='ocrx_word' id='word_1_278' title='bbox 126 3540 213 3587; x_wconf 87' lang='lat' dir='ltr'>pus</span> <span class='ocrx_word' id='word_1_279' title='bbox 238 3530 447 3588; x_wconf 82' lang='lat' dir='ltr'>respectu</span> <span class='ocrx_word' id='word_1_280' title='bbox 480 3522 671 3571; x_wconf 87' lang='lat' dir='ltr'>alterius</span> <span class='ocrx_word' id='word_1_281' title='bbox 692 3558 704 3582; x_wconf 90' lang='lat'><strong>‚</strong></span> <span class='ocrx_word' id='word_1_282' title='bbox 739 3534 791 3570; x_wconf 90' lang='lat' dir='ltr'>ut</span> <span class='ocrx_word' id='word_1_283' title='bbox 824 3533 949 3587; x_wconf 83' lang='lat' dir='ltr'>patet</span> <span class='ocrx_word' id='word_1_284' title='bbox 990 3541 1045 3573; x_wconf 87' lang='lat' dir='ltr'>ex</span> <span class='ocrx_word' id='word_1_285' title='bbox 1071 3525 1131 3573; x_wconf 88' lang='lat' dir='ltr'>li-</span> 
     </span>
     <span class='ocr_line' id='line_1_37' title="bbox 125 3603 1131 3671; baseline 0.004 -21"><span class='ocrx_word' id='word_1_286' title='bbox 125 3603 393 3668; x_wconf 80' lang='lat' dir='ltr'>thographia</span> <span class='ocrx_word' id='word_1_287' title='bbox 414 3641 427 3663; x_wconf 93' lang='lat'>‚</span> <span class='ocrx_word' id='word_1_288' title='bbox 470 3607 520 3652; x_wconf 90' lang='lat' dir='ltr'>in</span> <span class='ocrx_word' id='word_1_289' title='bbox 549 3623 638 3671; x_wconf 90' lang='lat' dir='ltr'>qua</span> <span class='ocrx_word' id='word_1_290' title='bbox 675 3605 824 3653; x_wconf 83' lang='lat' dir='ltr'>littera</span> <span class='ocrx_word' id='word_1_291' title='bbox 866 3622 943 3653; x_wconf 86' lang='lat' dir='ltr'>seu</span> <span class='ocrx_word' id='word_1_292' title='bbox 967 3605 1131 3670; x_wconf 83' lang='lat' dir='ltr'>figura,</span> 
     </span>
     <span class='ocr_line' id='line_1_38' title="bbox 135 3684 1135 3752; baseline 0.004 -22"><span class='ocrx_word' id='word_1_293' title='bbox 135 3684 185 3731; x_wconf 86' lang='lat' dir='ltr'>in</span> <span class='ocrx_word' id='word_1_294' title='bbox 199 3684 352 3749; x_wconf 83' lang='lat' dir='ltr'>lapide</span> <span class='ocrx_word' id='word_1_295' title='bbox 375 3703 455 3751; x_wconf 90' lang='lat' dir='ltr'>per</span> <span class='ocrx_word' id='word_1_296' title='bbox 469 3696 630 3751; x_wconf 80' lang='lat' dir='ltr'>typum</span> <span class='ocrx_word' id='word_1_297' title='bbox 655 3702 865 3751; x_wconf 85' lang='lat' dir='ltr'>expressa</span> <span class='ocrx_word' id='word_1_298' title='bbox 882 3720 900 3748; x_wconf 90' lang='lat'>,</span> <span class='ocrx_word' id='word_1_299' title='bbox 929 3687 981 3734; x_wconf 89' lang='lat' dir='ltr'>fit</span> <span class='ocrx_word' id='word_1_300' title='bbox 1003 3697 1135 3752; x_wconf 84' lang='lat' dir='ltr'>typus</span> 
     </span>
     <span class='ocr_line' id='line_1_39' title="bbox 132 3768 1135 3835; baseline 0.009 -23"><span class='ocrx_word' id='word_1_301' title='bbox 132 3776 334 3830; x_wconf 83' lang='lat' dir='ltr'>respectu</span> <span class='ocrx_word' id='word_1_302' title='bbox 359 3770 552 3833; x_wconf 79' lang='lat' dir='ltr'>papyri,</span> <span class='ocrx_word' id='word_1_303' title='bbox 589 3770 638 3818; x_wconf 91' lang='lat' dir='ltr'>in</span> <span class='ocrx_word' id='word_1_304' title='bbox 672 3785 765 3834; x_wconf 88' lang='lat' dir='ltr'>quo</span> <span class='ocrx_word' id='word_1_305' title='bbox 793 3768 953 3820; x_wconf 84' lang='lat' dir='ltr'>eadem</span> <span class='ocrx_word' id='word_1_306' title='bbox 992 3768 1135 3835; x_wconf 81' lang='lat' dir='ltr'>figura</span> 
     </span>
    </p>
   </div>
   <div class='ocr_carea' id='block_1_5' title="bbox 1215 2707 2230 3838">
    <p class='ocr_par' dir='ltr' id='par_1_5' title="bbox 1215 2707 2230 3838">
     <span class='ocr_line' id='line_1_40' title="bbox 1219 2707 2226 2772; baseline 0.006 -17"><span class='ocrx_word' id='word_1_307' title='bbox 1219 2723 1374 2755; x_wconf 88' lang='lat' dir='ltr'>rursus</span> <span class='ocrx_word' id='word_1_308' title='bbox 1388 2709 1686 2772; x_wconf 86' lang='lat' dir='ltr'>imprimitur.</span> <span class='ocrx_word' id='word_1_309' title='bbox 1709 2707 1819 2758; x_wconf 85' lang='lat' dir='ltr'>Haec</span> <span class='ocrx_word' id='word_1_310' title='bbox 1834 2711 2150 2760; x_wconf 83' lang='lat' dir='ltr'>transferendo</span> <span class='ocrx_word' id='word_1_311' title='bbox 2167 2713 2226 2761; x_wconf 90' lang='lat' dir='ltr'>ad</span> 
     </span>
     <span class='ocr_line' id='line_1_41' title="bbox 1217 2790 2230 2858; baseline 0.007 -22"><span class='ocrx_word' id='word_1_312' title='bbox 1217 2806 1403 2837; x_wconf 86' lang='lat' dir='ltr'>sensum</span> <span class='ocrx_word' id='word_1_313' title='bbox 1447 2790 1694 2853; x_wconf 83' lang='lat' dir='ltr'>figuratum</span> <span class='ocrx_word' id='word_1_314' title='bbox 1728 2793 1777 2838; x_wconf 88' lang='lat' dir='ltr'>in</span> <span class='ocrx_word' id='word_1_315' title='bbox 1823 2803 2128 2858; x_wconf 82' lang='lat' dir='ltr'>argumento,</span> <span class='ocrx_word' id='word_1_316' title='bbox 2171 2794 2230 2843; x_wconf 86' lang='lat' dir='ltr'>de</span> 
     </span>
     <span class='ocr_line' id='line_1_42' title="bbox 1218 2872 2228 2941; baseline 0.009 -24"><span class='ocrx_word' id='word_1_317' title='bbox 1218 2887 1311 2936; x_wconf 92' lang='lat' dir='ltr'>quo</span> <span class='ocrx_word' id='word_1_318' title='bbox 1341 2872 1637 2932; x_wconf 82' lang='lat' dir='ltr'>disserimus,</span> <span class='ocrx_word' id='word_1_319' title='bbox 1670 2872 1969 2922; x_wconf 76' lang='lat' dir='ltr'>Eucharistiae</span> <span class='ocrx_word' id='word_1_320' title='bbox 2004 2878 2099 2941; x_wconf 74' lang='lat' dir='ltr'>typi</span> <span class='ocrx_word' id='word_1_321' title='bbox 2133 2877 2228 2926; x_wconf 88' lang='lat' dir='ltr'>fue·</span> 
     </span>
     <span class='ocr_line' id='line_1_43' title="bbox 1217 2953 2230 3022; baseline 0.007 -23"><span class='ocrx_word' id='word_1_322' title='bbox 1217 2963 1324 3000; x_wconf 89' lang='lat' dir='ltr'>runt</span> <span class='ocrx_word' id='word_1_323' title='bbox 1366 2953 1519 3017; x_wconf 82' lang='lat' dir='ltr'>figurae</span> <span class='ocrx_word' id='word_1_324' title='bbox 1558 2963 1601 3001; x_wconf 85' lang='lat' dir='ltr'>et</span> <span class='ocrx_word' id='word_1_325' title='bbox 1638 2954 1845 3019; x_wconf 87' lang='lat' dir='ltr'>symbola</span> <span class='ocrx_word' id='word_1_326' title='bbox 1885 2956 2025 3022; x_wconf 88' lang='lat' dir='ltr'>hujus</span> <span class='ocrx_word' id='word_1_327' title='bbox 2068 2957 2230 3006; x_wconf 85' lang='lat' dir='ltr'>Sacra-</span> 
     </span>
     <span class='ocr_line' id='line_1_44' title="bbox 1218 3034 2226 3104; baseline 0.005 -22"><span class='ocrx_word' id='word_1_328' title='bbox 1218 3036 1381 3094; x_wconf 84' lang='lat' dir='ltr'>menti,</span> <span class='ocrx_word' id='word_1_329' title='bbox 1398 3051 1499 3100; x_wconf 82' lang='lat' dir='ltr'>quae</span> <span class='ocrx_word' id='word_1_330' title='bbox 1511 3036 1560 3082; x_wconf 90' lang='lat' dir='ltr'>iu</span> <span class='ocrx_word' id='word_1_331' title='bbox 1574 3034 2049 3101; x_wconf 83' lang='lat' dir='ltr'>V.T.praecesserunt‚</span> <span class='ocrx_word' id='word_1_332' title='bbox 2067 3057 2139 3087; x_wconf 83' lang='lat' dir='ltr'>ex.</span> <span class='ocrx_word' id='word_1_333' title='bbox 2158 3056 2226 3104; x_wconf 85' lang='lat' dir='ltr'>gr.</span> 
     </span>
     <span class='ocr_line' id='line_1_45' title="bbox 1216 3116 2226 3185; baseline 0.006 -21"><span class='ocrx_word' id='word_1_334' title='bbox 1216 3116 1389 3165; x_wconf 88' lang='lat' dir='ltr'>Manna</span> <span class='ocrx_word' id='word_1_335' title='bbox 1411 3119 1460 3165; x_wconf 92' lang='lat' dir='ltr'>in</span> <span class='ocrx_word' id='word_1_336' title='bbox 1484 3118 1660 3166; x_wconf 85' lang='lat' dir='ltr'>deserto</span> <span class='ocrx_word' id='word_1_337' title='bbox 1677 3155 1691 3180; x_wconf 89' lang='lat'><em>‚</em></span> <span class='ocrx_word' id='word_1_338' title='bbox 1711 3136 1853 3183; x_wconf 87' lang='lat' dir='ltr'>agnus</span> <span class='ocrx_word' id='word_1_339' title='bbox 1867 3119 2087 3185; x_wconf 84' lang='lat' dir='ltr'>paschalis</span> <span class='ocrx_word' id='word_1_340' title='bbox 2102 3157 2116 3185; x_wconf 84' lang='lat'>‚</span> <span class='ocrx_word' id='word_1_341' title='bbox 2141 3132 2226 3177; x_wconf 79' lang='lat' dir='ltr'>etc.</span> 
     </span>
     <span class='ocr_line' id='line_1_46' title="bbox 1216 3199 2226 3264; baseline 0.006 -18"><span class='ocrx_word' id='word_1_342' title='bbox 1216 3209 1425 3263; x_wconf 87' lang='lat' dir='ltr'>respectu</span> <span class='ocrx_word' id='word_1_343' title='bbox 1457 3199 1624 3247; x_wconf 89' lang='lat' dir='ltr'>harum</span> <span class='ocrx_word' id='word_1_344' title='bbox 1657 3200 1908 3264; x_wconf 85' lang='lat' dir='ltr'>figurarum</span> <span class='ocrx_word' id='word_1_345' title='bbox 1944 3202 2226 3252; x_wconf 85' lang='lat' dir='ltr'>Eucharistia</span> 
     </span>
     <span class='ocr_line' id='line_1_47' title="bbox 1217 3281 2226 3348; baseline 0.003 -19"><span class='ocrx_word' id='word_1_346' title='bbox 1217 3291 1284 3329; x_wconf 88' lang='lat' dir='ltr'>est</span> <span class='ocrx_word' id='word_1_347' title='bbox 1303 3284 1585 3348; x_wconf 85' lang='lat' dir='ltr'>antitypum.</span> <span class='ocrx_word' id='word_1_348' title='bbox 1607 3281 1780 3331; x_wconf 84' lang='lat' dir='ltr'>Rursus</span> <span class='ocrx_word' id='word_1_349' title='bbox 1816 3286 1986 3348; x_wconf 86' lang='lat' dir='ltr'>species</span> <span class='ocrx_word' id='word_1_350' title='bbox 2012 3284 2226 3332; x_wconf 85' lang='lat' dir='ltr'>Euchari·</span> 
     </span>
     <span class='ocr_line' id='line_1_48' title="bbox 1215 3364 2228 3430; baseline 0.004 -20"><span class='ocrx_word' id='word_1_351' title='bbox 1215 3366 1336 3412; x_wconf 82' lang='lat' dir='ltr'>sticae</span> <span class='ocrx_word' id='word_1_352' title='bbox 1361 3374 1468 3412; x_wconf 86' lang='lat' dir='ltr'>sunt</span> <span class='ocrx_word' id='word_1_353' title='bbox 1491 3374 1624 3429; x_wconf 78' lang='lat' dir='ltr'>typus</span> <span class='ocrx_word' id='word_1_354' title='bbox 1650 3373 1695 3413; x_wconf 91' lang='lat' dir='ltr'>et</span> <span class='ocrx_word' id='word_1_355' title='bbox 1722 3364 1984 3429; x_wconf 86' lang='lat' dir='ltr'>symbolum</span> <span class='ocrx_word' id='word_1_356' title='bbox 2011 3368 2076 3414; x_wconf 87' lang='lat' dir='ltr'>rei</span> <span class='ocrx_word' id='word_1_357' title='bbox 2112 3381 2228 3430; x_wconf 85' lang='lat' dir='ltr'>prae-</span> 
     </span>
     <span class='ocr_line' id='line_1_49' title="bbox 1217 3445 2226 3511; baseline 0.002 -19"><span class='ocrx_word' id='word_1_358' title='bbox 1217 3447 1356 3493; x_wconf 83' lang='lat' dir='ltr'>sentis</span> <span class='ocrx_word' id='word_1_359' title='bbox 1374 3481 1387 3504; x_wconf 89' lang='lat'>‚</span> <span class='ocrx_word' id='word_1_360' title='bbox 1413 3455 1458 3493; x_wconf 89' lang='lat' dir='ltr'>at</span> <span class='ocrx_word' id='word_1_361' title='bbox 1490 3445 1668 3495; x_wconf 88' lang='lat' dir='ltr'>latentis</span> <span class='ocrx_word' id='word_1_362' title='bbox 1689 3483 1701 3506; x_wconf 87' lang='lat'><strong>,</strong></span> <span class='ocrx_word' id='word_1_363' title='bbox 1729 3463 1896 3511; x_wconf 88' lang='lat' dir='ltr'>nempe</span> <span class='ocrx_word' id='word_1_364' title='bbox 1920 3446 2088 3494; x_wconf 86' lang='lat' dir='ltr'>Christi</span> <span class='ocrx_word' id='word_1_365' title='bbox 2119 3446 2226 3494; x_wconf 89' lang='lat' dir='ltr'>Cor·</span> 
     </span>
     <span class='ocr_line' id='line_1_50' title="bbox 1216 3527 2222 3593; baseline 0 -19"><span class='ocrx_word' id='word_1_366' title='bbox 1216 3529 1372 3591; x_wconf 88' lang='lat' dir='ltr'>poris;</span> <span class='ocrx_word' id='word_1_367' title='bbox 1407 3537 1451 3575; x_wconf 89' lang='lat' dir='ltr'>et</span> <span class='ocrx_word' id='word_1_368' title='bbox 1477 3536 1612 3593; x_wconf 85' lang='lat' dir='ltr'>typus</span> <span class='ocrx_word' id='word_1_369' title='bbox 1635 3529 1701 3576; x_wconf 90' lang='lat' dir='ltr'>rei</span> <span class='ocrx_word' id='word_1_370' title='bbox 1730 3527 1891 3576; x_wconf 84' lang='lat' dir='ltr'>futurae</span> <span class='ocrx_word' id='word_1_371' title='bbox 1921 3538 1966 3576; x_wconf 86' lang='lat' dir='ltr'>et</span> <span class='ocrx_word' id='word_1_372' title='bbox 1992 3527 2222 3589; x_wconf 83' lang='lat' dir='ltr'>absentis,</span> 
     </span>
     <span class='ocr_line' id='line_1_51' title="bbox 1217 3609 2225 3674; baseline 0.001 -19"><span class='ocrx_word' id='word_1_373' title='bbox 1217 3625 1384 3673; x_wconf 90' lang='lat' dir='ltr'>nempe</span> <span class='ocrx_word' id='word_1_374' title='bbox 1401 3609 1558 3674; x_wconf 87' lang='lat' dir='ltr'>gloriae</span> <span class='ocrx_word' id='word_1_375' title='bbox 1581 3609 1772 3670; x_wconf 67' lang='lat' dir='ltr'>futurae,</span> <span class='ocrx_word' id='word_1_376' title='bbox 1803 3611 1935 3674; x_wconf 85' lang='lat' dir='ltr'>cujus</span> <span class='ocrx_word' id='word_1_377' title='bbox 1951 3610 2046 3672; x_wconf 85' lang='lat' dir='ltr'>ipsa</span> <span class='ocrx_word' id='word_1_378' title='bbox 2060 3610 2225 3672; x_wconf 84' lang='lat' dir='ltr'>pignus</span> 
     </span>
     <span class='ocr_line' id='line_1_52' title="bbox 1216 3688 2225 3756; baseline 0 -19"><span class='ocrx_word' id='word_1_379' title='bbox 1216 3691 1267 3738; x_wconf 91' lang='lat' dir='ltr'>in</span> <span class='ocrx_word' id='word_1_380' title='bbox 1292 3707 1342 3739; x_wconf 85' lang='lat' dir='ltr'>se</span> <span class='ocrx_word' id='word_1_381' title='bbox 1379 3693 1619 3753; x_wconf 82' lang='lat' dir='ltr'>continet3</span> <span class='ocrx_word' id='word_1_382' title='bbox 1654 3707 1746 3756; x_wconf 90' lang='lat' dir='ltr'>quo</span> <span class='ocrx_word' id='word_1_383' title='bbox 1772 3705 1908 3740; x_wconf 86' lang='lat' dir='ltr'>sensu</span> <span class='ocrx_word' id='word_1_384' title='bbox 1940 3688 2225 3738; x_wconf 78' lang='lat' dir='ltr'>Eucharistia</span> 
     </span>
     <span class='ocr_line' id='line_1_53' title="bbox 1218 3773 1767 3838; baseline 0.002 -17"><span class='ocrx_word' id='word_1_385' title='bbox 1218 3788 1275 3821; x_wconf 85' lang='lat' dir='ltr'>ex</span> <span class='ocrx_word' id='word_1_386' title='bbox 1302 3773 1508 3838; x_wconf 83' lang='lat' dir='ltr'>antitypo</span> <span class='ocrx_word' id='word_1_387' title='bbox 1535 3773 1591 3821; x_wconf 86' lang='lat' dir='ltr'>fit</span> <span class='ocrx_word' id='word_1_388' title='bbox 1618 3782 1767 3838; x_wconf 84' lang='lat' dir='ltr'>typus.</span> 
     </span>
    </p>
   </div>
  </div>
 </body>
</html>
