2502 4186
266 229 379 288 1¹96
903 220 1220 285 'ramum-ns
1263 247 1330 302 ms
1375 246 1763 285 nucfflmsru.

267 413 442 474 quam
478 388 843 447 observasset
889 385 1312 459 Tertullianum,
1355 386 1404 444 si
1441 386 1609 466 panis
1650 384 2037 447 substantiam
2076 410 2210 448 cum
2250 390 2373 471 ipsa

264 488 444 565 figura
478 493 538 541 et
575 481 766 562 specie
795 501 1096 562 superesse
1141 482 1414 540 sensisset
1454 479 1563 558 (1).

347 577 446 636 89.
495 574 581 634 Ad
619 573 739 649 3¹¹¹,
787 576 1106 657 Responsio
1142 587 1306 658 patet
1345 597 1416 634 ex
1471 574 1684 648 dictis‚·
1727 596 1795 633 eo
1840 577 2019 654 magis
2062 577 2218 656 quod
2252 600 2376 639 ver-

261 674 403 732 bum
425 681 849 751 reproesentare
870 671 1152 750 significet
1173 671 1409 753 proprie
1441 691 1566 729 rem
1581 681 1933 748 praesentem
1952 673 2188 748 facere,
2218 684 2284 731 ut
2303 695 2374 732 ex

260 767 458 828 lexicis
492 776 688 848 patet,
715 777 774 825 et
812 767 869 826 S.
893 767 1107 825 Doctor
1129 764 1213 824 ibi
1236 776 1497 848 opponat
1525 766 1832 826 veritatem
1857 765 2127 847 Corporis
2155 776 2214 824 et
2238 767 2377 825 San-

217 874 220 877 '
262 861 450 943 guinis
493 853 728 920 Domini
773 861 972 940 figuris
1014 860 1186 940 hujus
1230 859 1622 935 Sacramenti‚
1676 881 1805 940 quae
1846 872 2267 942 praecesserunt
2310 861 2376 920 in

260 957 390 1016 Vet.
415 957 674 1015 Testam.
715 955 827 1035 (2).
1845 1025 1848 1030 Ι

344 1050 443 1110 90.
492 1052 560 1109 In
593 1049 777 1109 altero
809 1061 973 1109 textu
1001 1048 1261 1132 loquitur
1291 1049 1366 1110 de
1391 1048 1636 1109 ethnicis
1656 1094 1671 1124 ,
1717 1049 1816 1130 qui
1846 1050 2032 1109 carnis
2058 1050 2379 1132 voluptati-

257 1145 368 1227 bus
395 1146 550 1228 capti
577 1144 886 1204 Ecclesiam
917 1167 1039 1204 non
1063 1145 1473 1224 ingrediuntur
1492 1189 1509 1220 ,
1548 1145 1612 1204 in
1643 1166 1756 1227 qua
1790 1144 1897 1205 soli
1930 1145 2128 1207 fideles
2164 1145 2236 1206 de
2272 1148 2379 1206 Eu-

260 1240 529 1301 charistia
556 1259 689 1297 cum
727 1238 919 1298 fructu
948 1240 1320 1321 participant.

342 1335 442 1394 91.
494 1337 640 1393 Inst.
680 1334 891 1415 prima.
931 1334 986 1392 S.
1013 1334 1366 1414 Augustinus
1395 1355 1518 1395 non
1551 1346 1781 1416 poterat
1809 1335 2145 1396 clarioribus
2185 1336 2379 1399 verbis

258 1425 692 1490 Catholicorum
725 1429 1077 1508 figmentum
1128 1439 1410 1490 evertere.
1455 1431 1604 1489 Nam
1632 1475 1648 1504 ‚
1689 1431 1752 1489 10
1793 1443 2185 1514 praeterquam
2223 1432 2380 1514 quod

254 1525 473 1608 passim
516 1523 936 1600 Eucharistiam
971 1534 1142 1584 vocat
1163 1545 1385 1604 panem
1407 1569 1425 1600 ‚
1461 1525 1733 1605 figuram
1755 1569 1777 1597 ,
1819 1530 2063 1606 signum
2112 1528 2378 1609 Corporis

253 1620 492 1694 Christi,
516 1620 585 1678 2⁰
609 1619 809 1699 Epist.
829 1617 1123 1680 XCVIII
1138 1617 1214 1678 ad
1231 1619 1588 1680 Bonifacium
1614 1619 1813 1680 scribit
1829 1667 1844 1696 .‚
1864 1621 2020 1703 quod
2044 1624 2378 1682 secandum

253 1716 576 1796 quemdam
595 1715 841 1774 modum
865 1715 1332 1774 Sacramentum
1351 1718 1626 1795 Corporis
1645 1715 1879 1775 Christi
1901 1717 2130 1796 Corpus
2155 1717 2384 1776 Christi

255 1821 342 1870 est
372 1810 497 1890 (3).·,
530 1820 590 1870 et
625 1809 691 1868 30
716 1810 779 1867 in
808 1810 1000 1868 Serm.
1042 1810 1131 1871 ad
1148 1812 1452 1888 infantes,
1488 1809 1783 1891 explicans
1803 1856 1819 1885 a
1853 1810 1994 1892 quid
2029 1810 2383 1889 significetur

257 1927 366 1988 per
399 1906 621 1986 Corpus
655 1902 870 1973 Christi
898 1904 961 1962 in
991 1903 1347 1963 Eucharistia
1375 1950 1390 1978 a
1428 1905 1509 1962 ait
1551 1927 1564 1962 :
1614 1904 1845 1984 Corpus
1878 1926 2010 1984 erqo
2055 1906 2285 1965 Christi
2329 1910 2384 1965 si

256 2005 347 2060 vis
370 2001 694 2079 intelliqere
724 2042 759 2072 w
781 1998 1130 2077 Apostolum
1160 1999 1317 2056 audi
1360 1999 1652 2057 dicentem
1693 2000 1975 2076 fidelihus
2018 2024 2035 2057 :
2093 2000 2201 2060 Vos
2246 2003 2383 2058 estis

258 2117 477 2175 corpu-s
519 2086 750 2154 Christi
788 2103 844 2151 et
881 2093 1172 2151 membra.
1206 2094 1277 2165 Si
1319 2114 1453 2172 erqo
1495 2114 1591 2151 vos
1625 2097 1760 2151 estis
1809 2114 2028 2171 corpus
2068 2094 2299 2158 Christi
2332 2105 2387 2152 et

263 2191 566 2261 membra,
598 2191 955 2267 mysterium
971 2197 1234 2245 vestrum
1251 2191 1321 2245 in
1338 2209 1541 2246 mensa
1558 2183 1863 2246 dominica
1877 2191 2150 2267 positum
2174 2200 2257 2248 est
2269 2188 2378 2269 (4).

263 2285 330 2344 40
356 2285 505 2344 Hinc
533 2282 772 2342 celebris
787 2280 887 2340 illa
900 2282 958 2339 S.
974 2281 1235 2340 Doctoris
1255 2280 1453 2362 regula
1468 2281 1682 2340 tradita
1699 2326 1715 2356 .,
1741 2285 1831 2341 De
1847 2283 1995 2341 doct.
2012 2283 2383 2355 christiana,

265 2379 492 2453 lib,.111‚
531 2399 577 2437 o.
608 2377 762 2452 XVI,
795 2376 870 2435 ad
907 2375 1386 2455 distinguendum
1413 2397 1651 2435 sensum
1682 2377 1992 2456 figuratum
2016 2399 2048 2435 a
2076 2377 2315 2438 litterali
2361 2399 2377 2435 ε.

265 2478 340 2535 Si
359 2476 741 2555 praeceptiva·
778 2474 992 2531 locutio
1041 2482 1159 2542 est,
1197 2471 1426 2552 inquit,
1485 2483 1598 2530 aut
1630 2472 1945 2558 flagitium
1983 2484 2094 2532 aut
2123 2475 2384 2550 facinus

267 2582 467 2630 vetans
495 2616 511 2644 ,
554 2578 667 2628 aut
701 2569 1024 2627 utilitatem
1050 2577 1159 2625 aut
1189 2567 1636 2644 beneficentiam
1658 2568 1881 2643 jubens
1907 2611 1922 2640 ,
1965 2587 2086 2625 non
2127 2578 2212 2624 est
2228 2569 2383 2646 siqu-

265 2677 424 2726 rata.
460 2666 533 2724 Si
574 2673 774 2723 autem
795 2662 1110 2741 flayitium
1145 2672 1258 2720 aut
1281 2664 1533 2740 facinus
1566 2662 1806 2719 videtur
1817 2662 2039 2739 jubere
2055 2702 2078 2732 ,
2123 2672 2235 2718 aut
2260 2665 2379 2719 uti-

266 2763 497 2820 litatem
525 2769 638 2817 aut
673 2758 1118 2836 beneficentiam
1156 2766 1380 2832 vetare,
1413 2757 1680 2835 fiqurata
1724 2765 1821 2813 est.
1860 2755 2008 2814 Nisi
2036 2757 2379 2814 manduca-

265 2858 506 2926 veritis,
549 2857 792 2933 inquit,
829 2853 1087 2912 Carnem
1112 2852 1237 2930 filii
1271 2852 1532 2910 hominis
1570 2861 1624 2908 et
1649 2851 2020 2930 San-quinem
2056 2852 2330 2910 biberitis
2358 2896 2374 2925 ‚

264 2972 388 3011 non
422 2949 718 3009 hahebitis
762 2951 950 3006 vitam
997 2951 1069 3006 in
1106 2948 1286 3019 vohis.
1339 2947 1610 3006 Facinus
1659 2947 1748 3003 vel
1788 2947 2096 3025 flaqz'ti'um
2142 2947 2385 3005 videtur

336 3168 404 3234 (l)
450 3167 550 3220 cfr.
605 3167 770 3216 Maran
817 3169 868 3216 in
919 3166 1101 3216 Praefat.
1154 3165 1278 3231 opp.
1361 3164 1590 3230 quomodo
1616 3167 1672 3212 in
1691 3166 2084 3231 proefi'quratione
2121 3167 2224 3231 ejus
2250 3162 2374 3213 Met-

266 3249 318 3299 S.
349 3248 378 3297 J
382 3251 520 3298 ustini
554 3249 624 3299 Μ.
662 3260 784 3314 part.
813 3266 850 3297 11
870 3287 884 3310 ,
921 3266 1007 3315 cap
1038 3264 1073 3316 9
1089 3285 1103 3309 ,
1125 3266 1176 3297 n.
1199 3249 1247 3295 6.
1364 3246 1602 3306 chisedec‚
1621 3249 1802 3295 summi
1812 3245 1906 3296 Dei
1922 3245 2172 3307 Sacerdos,
2183 3261 2368 3312 panem

340 3330 403 3396 (2)
442 3330 515 3379 En
537 3333 768 3395 integrum
797 3331 978 3380 textum
993 3349 1046 3379 ex
1062 3333 1140 3379 cit.
1168 3330 1283 3379 edit.
1367 3337 1410 3377 et
1443 3329 1612 3377 vinam
1646 3330 1845 3396 offerens
1873 3327 2078 3394 fecerat,
2113 3330 2216 3394 ipse
2243 3344 2361 3391 quo-

274 3411 542 3478 Postquam
567 3414 782 3478 typicum
807 3411 995 3460 Pascha
1015 3412 1179 3477 fuerat
1195 3412 1288 3459 im·
1368 3413 1530 3476 quein
1545 3414 1741 3459 veritate
1754 3412 1835 3460 sui
1856 3410 2080 3479 Corporis
2093 3418 2137 3458 et
2157 3408 2372 3474 Sanqui-

258 3493 474 3560 pletum,
500 3503 544 3542 et
568 3496 685 3559 eqni
708 3510 874 3543 carnes
899 3511 1008 3542 cum
1037 3492 1287 3559 Apostolis
1368 3495 1447 3541 nis
1473 3495 1853 3560 repraesentaret.

269 3575 565 3635 comederat,
593 3577 796 3624 assumit
814 3592 997 3642 panem
1014 3609 1030 3635 ‚
1063 3577 1151 3640 qui
1167 3591 1282 3623 con·
1434 3574 1500 3638 (3)
1538 3575 1598 3624 N.
1632 3591 1684 3641 9.

261 3658 412 3720 sortat
431 3674 513 3705 cor
527 3656 744 3706 hominis
761 3696 775 3718 ‚
801 3667 846 3706 et
875 3657 941 3705 ad
969 3673 1134 3705 veram
1173 3657 1282 3704 Pa·
1436 3658 1503 3722 (4)
1536 3654 1900 3708 Serm.cc1.xx11.

257 3737 386 3787 schoe
414 3741 767 3806 transqreditur
776 3736 1141 3792 Sacramentum
1155 3774 1169 3801 ,
1185 3746 1240 3788 ut
1261 3768 1276 3796 ‚
