2502 4186
521 290 641 327 611.
690 290 732 325 1.
781 289 849 324 nu
890 274 1172 326 vamum
1211 284 1549 337 smmi-1011,
1595 285 1716 322 Ere.
2050 262 2170 323 273

144 432 282 492 255.
330 432 461 491 Haec
501 442 700 491 autem
736 435 921 508 majus
958 427 1138 487 robur
1191 427 1481 507 accipiunt
1530 446 1601 484 ex
1651 425 1803 484 Actis
1840 424 2169 507 apostolicis

63 538 239 609 atque
262 548 331 586 ex
360 525 622 584 doctrina
647 523 926 607 Apostoli.
959 511 1027 581 In
1056 521 1207 580 Actis
1236 520 1525 601 siquidem
1553 564 1568 593 ‚
1613 521 1748 578 XIII
1767 565 1782 594 ‚
1817 521 1857 577 2
1877 565 1892 595 ,
1916 520 1988 579 de
2029 542 2173 602 pro-

64 622 257 704 phetis
283 632 340 681 et
364 618 694 678 doctoribus
734 615 1090 677 antiochenis
1124 614 1334 694 legitur
1369 635 1382 670 :
1414 614 1939 674 Ministrantihus-
1967 626 2173 675 autem

66 719 189 776 illis
205 718 458 776 Domino
473 724 527 772 et
521 714 958 792 jejunantibus
959 754 980 782 ,
999 711 1161 768 duait
1179 710 1303 767 illis
1320 709 1592 787 Spiritus
1617 709 1903 777 Sanctus,
1929 720 2039 769 etc.
2062 711 2175 790 (l).

66 812 205 883 Quae
235 809 307 868 de
347 809 616 867 Sacrificii
648 806 946 866 oblatione
977 802 1359 884 intelligenda
1395 824 1518 862 esse
1540 848 1556 878 .,
1599 814 1799 883 aperte
1841 815 2067 863 constat
2105 827 2179 865 ex

65 925 242 985 graeca
264 923 403 962 voce
430 906 816 984 λειτουργούντων
837 945 853 976 ‚
887 921 1061 982 quam
1089 900 1356 957 Erasmus
1384 897 1593 978 vertitu:
1629 898 1832 977 Quum
1861 899 1960 955 illi
1987 905 2183 958 sacri-

55 1001 312 1078 ficarent
344 998 471 1078 (2)7
521 1009 580 1056 et
614 997 899 1056 Henricus
936 993 1265 1076 Stephanus
1307 1015 1321 1050 ε
1373 994 1684 1052 Dantibus
1726 1014 1969 1072 operam
2007 996 2182 1055 rebus

63 1095 404 1151 dominicis.
442 1091 652 1150 Paulus
680 1112 850 1165 vero,
875 1090 899 1147 I
925 1090 1052 1150 Cor.
1086 1090 1171 1161 X.,
1206 1089 1280 1146 18
1307 1098 1366 1147 et
1389 1109 1550 1169 seqq.
1582 1097 1651 1145 ut
1685 1087 1883 1147 fideles
1914 1101 2184 1150 avocaret

62 1184 135 1244 ab
163 1184 508 1266 idolothytis
531 1232 547 1261 ,
577 1184 780 1244 scribit·
805 1204 819 1242 ε
859 1184 1056 1243 Videte
1078 1183 1275 1242 Israel
1295 1184 1629 1242 secundum
1660 1203 1914 1241 carnem
1929 1228 1950 1256 ,
1985 1205 2185 1243 nonne

59 1284 173 1360 qui
195 1283 383 1339 edunt
403 1283 653 1352 hostias,
670 1283 1008 1359 participes
1031 1289 1179 1337 szmt
1200 1281 1419 1338 altaris
1434 1277 1533 1337 9...
1567 1279 1687 1337 Sed
1712 1300 1847 1358 quae
1868 1282 2192 1350 immolant

53 1385 292 1456 qentes,
329 1377 641 1434 daemoniis
676 1379 1026 1450 immolant,
1064 1384 1120 1431 et
1161 1395 1283 1432 non
1321 1374 1466 1433 Deo,
1509 1373 1664 1433 Nolo
1707 1395 1804 1434 vos
1841 1380 2023 1434 socios
2051 1378 2192 1455 fieri

65 1471 535 1536 doemom'orum5
576 1490 694 1527 non
723 1472 966 1548 potestis
1000 1470 1246 1527 calicem
1287 1470 1543 1529 Domini
1594 1469 1793 1528 hibere
1835 1481 1892 1528 et
1937 1473 2186 1531 calicem

65 1566 522 1624 doemoniorum.
564 1563 700 1623 Non
735 1563 975 1643 potestis
1022 1584 1240 1622 mensae
1278 1565 1539 1622 Domini
1572 1568 1912 1643 participes
1956 1588 2071 1624 esse
2134 1577 2191 1626 et

65 1681 280 1718 mensoe
321 1660 778 1718 doemoniorum.
825 1656 1045 1731 Quibus
1075 1657 1267 1741 verbis
1299 1656 1608 1739 Apostolus
1648 1659 1879 1717 confert
1918 1681 2188 1721 mensam

64 1765 123 1813 et
152 1754 342 1814 altare
377 1753 844 1813 Christianorum
882 1774 1014 1812 cum
1048 1774 1249 1811 mensa
1275 1763 1335 1812 et
1374 1751 1545 1811 altari
1577 1752 1983 1828 ethnicorum3
2027 1758 2191 1838 atqui

63 1871 265 1909 mensa
299 1861 358 1909 et
383 1848 564 1907 altare
589 1849 922 1907 referuntur
952 1848 1028 1906 ad
1056 1847 1444 1920 Sacrificium3
1474 1869 1608 1927 ergo
1646 1849 2002 1908 Sacrificium
2025 1850 2190 1910 Chri-

74 1945 401 2003 stianorum
425 1943 649 2002 confert
667 1942 974 2024 Apostolus
996 1964 1130 2002 cum
1159 1936 1446 2010 sacrificiis
1478 1942 1866 2001 ethnicorum.
1894 1945 2028 2003 Jam
2050 1967 2191 2007 vero

69 2038 223 2112 haec,
251 2049 374 2098 esto
406 2036 575 2097 malis
611 2037 908 2118 spiritibus
930 2059 1031 2096 5611
1068 2037 1178 2095 diis
1214 2036 1406 2096 oblata
1428 2082 1444 2111 .‚
1483 2038 1757 2098 sacrificia
1787 2050 1988 2099 tamen
2020 2052 2191 2101 erant

71 2134 304 2214 proprie
341 2132 491 2191 dicta
527 2157 543 2206 ς
602 2132 778 2211 igitur
824 2154 897 2191 ex
937 2143 1137 2191 mente
1178 2132 1437 2213 Apostoli
1467 2154 1675 2193 verum
1722 2155 1787 2193 ac
1825 2131 2072 2218 proprie*
2100 2136 2193 2196 di-

74 2238 235 2286 ctum
249 2226 606 2286 censendum
631 2239 718 2286 est
733 2226 1580 2286 Sacrificium*'Christianorum.
1602 2230 1818 2288 Rursus
1833 2230 1992 2290 idem
2011 2234 2191 2314 Apos-

74 2321 225 2379 tolus
259 2321 439 2380 Hebr.
480 2321 614 2380 XIII
640 2366 656 2395 ,
696 2322 771 2380 10
795 2367 811 2396 ,
849 2331 1218 2383 revocaturus
1243 2323 1461 2404 pariter
1489 2322 1726 2383 eosdem
1749 2323 1950 2384 fideles
1976 2325 2050 2384 ab
2079 2349 2189 2386 usu

76 2416 497 2475 Sacrificiorum
535 2415 902 2496 judaicorum
940 2439 954 2475 ε
998 2418 1344 2490 Habemus,
1395 2418 1588 2500 inquit
1605 2439 1627 2493 ⁴,
1678 2422 1908 2492 altare,
1959 2423 2029 2480 de
2075 2444 2190 2502 quo

75 2512 240 2570 edere
280 2532 403 2569 non
449 2513 666 2570 hahent
694 2523 1038 2591 potestatem
1061 2556 1078 2587 ,
1118 2517 1230 2590 qui
1265 2514 1651 2571 tabernaculo
1693 2516 2055 2575 deserviunt.
2114 2519 2194 2577 Ut

77 2626 210 2685 ergo
248 2605 434 2665 Judaei
457 2652 472 2681 .,
506 2607 584 2665 sic
629 2617 688 2666 et
735 2606 1047 2665 Christiani
1088 2604 1388 2688 habebant
1434 2606 1615 2666 altare
1658 2607 1782 2688 (gr.
1822 2615 2190 2692 θυσιαστήριον,

80 2807 200 2845 recte
229 2814 282 2846 ex
313 2798 475 2846 iisdem
506 2814 693 2864 quoque
728 2799 971 2847 inferimus
1009 2814 1090 2846 ve·
1165 2800 1334 2864 prium
1354 2806 1426 2846 est
1452 2802 1754 2865 operantium
1787 2803 1958 2849 sacris.
1989 2802 2193 2851 Nullum

83 2881 263 2926 ritatem
285 2876 506 2927 sacrificii
544 2879 863 2940 eucharistici,
891 2879 1014 2946 quod
1042 2881 1093 2927 in
1175 2889 1331 2928 autem
1362 2877 1673 2944 Sacrificium
1691 2881 1799 2930 Deo
1823 2885 2013 2947 qratius
2048 2902 2196 2950 quam

85 2960 227 3008 Coena
257 2961 518 3008 institutum
563 2970 663 3022 est,
704 2978 812 3009 cum
851 2963 1094 3026 sanguiswa
1176 2963 1427 3027 impartiri
1439 2961 1707 3010 doctrinam
1722 2964 2068 3029 evanqelicam.
2094 2967 2192 3015 cfr.

87 3042 269 3090 Christo
298 3043 348 3089 in
373 3041 513 3090 Coena
545 3041 772 3106 Apostolis
812 3043 945 3091 datus
983 3060 1095 3092 con·
1180 3053 1382 3103 tom.v1,
1409 3042 1532 3108 Opp.
1549 3044 1659 3092 edit.
1682 3043 1836 3110 Lugd.
1853 3045 1951 3095 Bat.
1981 3046 2120 3111 1705.
2138 3048 2198 3098 Et

88 3125 260 3171 feratur
307 3139 413 3170 cum
459 3125 679 3187 sanguine
707 3140 764 3172 ex
798 3127 1004 3172 mactatis
1056 3135 1101 3172 61
1183 3127 1246 3173 113
1285 3127 1454 3189 passim
1493 3135 1793 3190 protestantes
1835 3131 2110 3193 expositores
2145 3133 2198 3179 in

89 3205 251 3253 oblatis
265 3205 462 3252 victimis
485 3203 591 3252 Vet.
619 3204 745 3253 Test.
1187 3205 1364 3254 Criticis
1387 3205 1533 3254 Sacris
1559 3207 1617 3255 ad
1635 3207 1764 3256 hunc
1785 3207 1901 3270 loc„
1928 3212 1965 3259 si
1991 3209 2203 3262 Grotium

160 3285 226 3350 (1)
262 3281 626 3350 Λειτουργούντων
657 3282 712 3332 δὲ
732 3285 866 3334 αὗτῦν
892 3289 956 3350 τῷ·
980 3283 1104 3352 κυρίῳ
1190 3290 1418 3353 excipias,
1458 3290 1539 3354 qui
1569 3292 1757 3353 exponit
1795 3295 1926 3354 juxta
1965 3311 2122 3358 syrum
2160 3276 2204 3343 et

94 3365 176 3416 xa}
229 3366 514 3422 νηο-τευέντων
533 3404 546 3428 ,
592 3363 685 3414 εἷπε
722 3363 776 3415 τὲ
826 3372 1000 3429 πνεὸμοο
1055 3356 1106 3417 τι)
1192 3369 1385 3417 arabum
1397 3387 1557 3418 vocem
1573 3370 1698 3419 illam
1714 3373 1912 3421 insensu
1923 3374 2198 3439 praecandi,

94 3446 238 3509 ἅγιον·
273 3473 318 3498 κ.
347 3472 390 3497 τ.
420 3463 468 3498 λ.
1194 3467 1248 3499 eo
1267 3452 1392 3516 quod
1415 3454 1722 3516 conjungatur
1734 3471 1843 3502 cum
1866 3452 2064 3522 jejunio.
2087 3456 2204 3505 Gro-

164 3533 232 3594 (2)
266 3531 392 3579 Licet
422 3548 530 3579 vero
561 3529 776 3577 Erasmus
797 3546 990 3594 graecum
1018 3542 1110 3580 tcx-
1195 3533 1259 3580 tio
1295 3533 1632 3598 adstipulantur
1660 3535 1982 3584 Rosenmiiller
2018 3547 2063 3585 et
2088 3536 2207 3585 Kni-

97 3625 197 3663 tum
230 3625 373 3664 vertat
395 3653 408 3675 ‚
445 3617 513 3663 1111
540 3614 783 3662 attulimus
804 3651 817 3674 ‚
846 3617 898 3662 in
923 3625 1031 3664 nota
1050 3626 1116 3664 ta·
1196 3615 1302 3663 noel
1327 3652 1341 3676 ‚
1368 3618 1450 3682 qui
1475 3616 1671 3676 addunt,
1695 3617 1744 3664 id
1773 3613 2012 3681 contigisse
2055 3619 2209 3685 aliquo

103 3711 210 3747 mcn
237 3699 430 3762 exponit
469 3698 527 3745 de
562 3696 891 3760 praedicatione
921 3714 1117 3761 evange·
1199 3694 1273 3744 die
1296 3696 1412 3745 festo
1433 3715 1487 3745 ac
1510 3698 1720 3746 solemni.
1741 3696 1971 3746 Adversus
1995 3699 2117 3749 hanc
2136 3718 2213 3750 ex·

102 3774 208 3835 lica,
224 3778 426 3837 scribens
446 3774 850 3848 τλειτουργοῦντων,
874 3778 1001 3845 quod
1001 3795 1119 3846 pro·
1201 3781 1478 3845 positionem
1502 3779 1587 3828 cfr.
1610 3778 1753 3831 Corn.
1773 3796 1799 3829 a
1821 3779 2009 3846 Lapide.

184 3855 249 3914 T.
295 3856 401 3922 Vl.
1128 3897 1132 3900 -
1902 3860 1975 3919 18
