2502 4186
302 245 417 308 154
715 273 717 275 >
937 271 1253 310 ‘rnAcrA'rus
1295 271 1362 308 DE
1406 273 1798 314 anemius-ru.

298 413 645 495 mysterium
669 411 1139 491 eucharisticum⁷
1167 426 1234 474 ut
1257 415 1751 478 animadverterat
1778 419 1835 477 S.
1866 420 1902 478 J
1905 439 2040 480 can.
2065 422 2408 503 chrysosto-

300 531 430 568 mus
469 509 558 588 (1.)
578 533 615 583 ς’
635 507 772 568 hinc
811 508 1028 568 factum
1062 521 1150 570 est
1170 544 1192 582 ,v
1227 522 1294 570 ut
1328 510 1586 592 Apostoli
1622 533 1815 594 neque
1847 514 2051 573 mirati
2069 517 2186 575 sint
2219 539 2417 600 neque

298 602 554 678 turbati,
604 624 737 662 cum
777 603 1023 664 demum
1069 605 1256 688 pridie
1295 608 1499 667 mortis
1530 629 1656 668 suae
1691 607 1955 668 Christus
1991 609 2407 672 Eucharistiam

296 698 576 758 instituit.'
605 698 749 759 In'de
773 721 997 761 novum
1026 703 1254 783 exurgit
1280 715 1693 784 argumentum
1715 747 1730 778 ,
1775 703 1849 764 de
1882 726 2151 765 sermone
2188 705 2298 766 hoc
2329 708 2403 766 ad

297 814 428 854 eam
456 793 782 855 referendo.
837 839 840 845 ·

376 890 478 949 22.
530 889 663 969 Obj.
691 891 962 951 secunda.
1003 891 1221 952 Saltem
1256 915 1377 953 non
1404 892 1662 975 loquitur
1688 893 1951 954 Christus
1981 894 2054 955 de
2083 896 2224 955 orali
2250 917 2417 956 man·

297 985 639 1062 ducatione⁷
683 987 787 1048 sed
819 987 893 1047 de
930 987 1215 1071 spirituali
1250 1011 1357 1071 per
1396 989 1594 1049 fidem.
1631 990 1860 1049 Etenim
1902 991 1998 1065 10⁷
2037 1001 2104 1050 ut
2137 991 2410 1053 observat

297 1082 642 1143 Waterland
657 1129 672 1157 ‚
702 1104 1011 1143 recensens
1035 1084 1296 1144 Christus
1315 1085 1550 1145 effectus
1569 1083 2032 1144 manducationis
2049 1087 2252 1146 Carnis
2272 1109 2406 1164 suae,

297 1178 380 1237 ait
410 1201 424 1236 :
462 1180 585 1257 Qui
605 1180 977 1251 manducat,
1007 1179 1159 1239 vivet
1175 1185 1246 1239 in
1265 1193 1621 1240 aeternum...
1642 1183 1818 1240 hahet
1841 1185 2031 1240 vitam
2050 1192 2406 1243 oecernam...

295 1272 448 1333 Nisa·
467 1275 990 1333 mamdueaveritis
1005 1314 1027 1346 ,
1065 1295 1189 1334 non
1228 1277 1524 1336 hahebitis
1554 1282 1745 1337 vitam
1785 1282 1854 1336 in
1885 1279 2070 1337 vobis.
2111 1280 2245 1337 Jam
2275 1300 2414 1340 vero

295 1369 362 1427 in
409 1367 689 1428 catholica
728 1370 1217 1451 interpretatione
1246 1367 1468 1430 debent
1501 1372 1696 1454 plures
1736 1372 1858 1432 fieri
1885 1373 2280 1432 restrictiones
2310 1396 2324 1432 ε
2362 1379 2420 1433 si

295 1463 475 1545 dique
499 1505 523 1537 ,
559 1468 617 1524 si
665 1485 949 1545 ‘coaequam
971 1509 993 1538 ,
1037 1476 1188 1539 etc.3
1226 1467 1388 1547 atqui
1417 1466 1927 1549 interpretationi,
1982 1490 2113 1550 quae
2147 1466 2412 1550 pluribus

295 1559 763 1619 restrictionibus
785 1561 973 1620 fulciri
1000 1549 1178 1622 debet
1196 1606 1211 1637 7
1235 1561 1595 1644 praeferenda
1625 1573 1715 1622 est
1741 1562 1838 1622 illa
1857 1607 1873 1639 .,
1902 1583 2030 1645 quae
2050 1562 2416 1646 paucioribus

295 1655 392 1716 vel
430 1655 594 1716 nulla
629 1656 884 1737 indiget,
926 1669 1102 1740 prout
1138 1658 1424 1738 contingit
1452 1658 1515 1716 in
1543 1660 2026 1740 interpretatione
2063 1659 2136 1719 de
2174 1660 2420 1719 mandu-

295 1753 525 1814 catione
558 1753 850 1837 spirituali
889 1774 997 1836 per
1040 1754 1218 1814 fidem
1256 1754 1360 1835 (2).
1394 1755 1562 1835 Erg0.
1611 1754 1679 1812 20
1716 1755 2038 1831 Praeterea,
2078 1767 2145 1814 ut
2198 1757 2418 1836 optime

297 1850 678 1931 prosequitur
720 1849 1105 1930 Breveridge‚
1157 1849 1266 1909 hoc
1310 1850 1752 1909 Sacramentum
1802 1862 1944 1910 tunc
1992 1850 2259 1910 nondum
2297 1862 2423 1911 erat

293 1946 669 2021 institutum,
713 1957 976 2006 attamen
1016 1946 1113 2006 hic
1152 1946 1365 2005 dicitur
1399 1947 1460 2005 in
1503 1945 1780 2028 praesenti
1818 1957 2118 2027 tempore,
2168 1950 2419 2028 quinon

295 2042 634 2102 manducat
658 2064 730 2103 ex
760 2042 871 2102 hoc
901 2064 1053 2125 pane
1073 2088 1089 2117 ‚
1126 2045 1412 2101 morietur
1451 2043 1546 2122 (v.
1594 2041 1742 2122 54),
1785 2042 2044 2122 quisquis
2079 2062 2220 2100 vero
2249 2063 2321 2100 ex
2351 2063 2419 2101 eo

295 2137 653 2216 manducat2
693 2140 855 2200 vivet
889 2140 1026 2219 (vv.
1081 2139 1194 2213 52,
1242 2138 1319 2197 55
1370 2149 1429 2197 et
1478 2138 1551 2197 57
1571 2137 1611 2217 ).
1678 2138 1825 2217 Ergo
1857 2137 2118 2218 loquitur
2155 2136 2422 2196 Christus

294 2234 367 2293 de
405 2233 533 2293 cibo
570 2235 856 2317 spirituali
894 2234 1029 2295 fidei
1074 2235 1186 2314 (3).
1232 2234 1331 2310 30,
1377 2235 1500 2293 Hoc
1542 2235 1737 2315 ipsum
1782 2231 2109 2291 luculenter
2158 2231 2429 2292 Christus

297 2328 587 2406 declarat,
624 2331 859 2406 dicem,
887 2340 946 2389 v;
995 2330 1071 2388 63
1117 2353 1129 2387 :
1173 2333 1434 2409 Spiritus
1465 2340 1549 2389 est
1564 2373 1588 2402 ,
1627 2333 1741 2408 qui
1763 2330 2029 2407 vivificat
2054 2374 2070 2403 ‚
2113 2350 2253 2387 caro
2297 2350 2419 2387 non

284 2428 528 2506 prodest
560 2428 900 2506 quidquam
923 2449 947 2494 ,·
979 2426 1194 2498 verba,
1222 2447 1354 2505 quoe
1378 2446 1476 2505 eqo
1511 2427 1741 2484 locutus
1771 2446 1908 2484 sum
1931 2426 2094 2483 vohis
2112 2470 2129 2501 ‚
2161 2429 2422 2504 spiritus.

291 2534 348 2581 et
368 2528 490 2581 vita
518 2533 680 2582 sunt.
703 2522 771 2580 4⁰
790 2568 806 2598 .,
843 2520 1015 2595 Quod
1037 2520 1275 2603 quidem
1297 2520 1481 2604 probe
1495 2520 1784 2580 intellexit
1799 2522 2004 2579 Petrus
2022 2565 2037 2594 ,
2064 2519 2163 2601 qui
2189 2518 2418 2577 Christo

292 2619 515 2678 dicenti
543 2617 853 2678 duodecim
885 2617 1174 2700 Apostolis
1208 2639 1222 2675 t
1263 2617 1596 2696 Numquid
1616 2627 1672 2675 et
1693 2637 1789 2674 vos
1830 2621 2008 2674 vultis
2039 2616 2210 2672 abire
2230 2613 2262 2671 Ρ
2299 2635 2417 2672 res-

290 2713 505 2795 pondit
553 2715 822 2772 omnium
866 2708 1108 2772 nomine
1160 2735 1174 2772 ε
1223 2714 1520 2786 Domine,
1575 2712 1662 2769 ad
1703 2732 1875 2789 quem
1913 2709 2182 2768 ibimus?
2228 2710 2421 2769 Verba

291 2814 431 2868 vz‘tae
474 2820 709 2869 oeternoe
745 2810 924 2868 hahes
948 2831 967 2875 ;
1016 2819 1072 2866 et
1099 2830 1202 2867 nos
1235 2808 1603 2867 credidimus
1639 2817 1695 2864 et
1723 2811 2136 2886 eoqnovz'mu3‚
2174 2809 2323 2884 quia
2353 2815 2421 2863 tu

292 2926 351 2963 es
396 2905 672 2965 Christus
714 2906 910 2969 Filius
939 2905 1075 2963 Dei.
1113 2906 1199 2964 De
1225 2902 1343 2961 sola
1374 2903 1548 2982 igitur
1580 2901 2033 2961 manducatione
2061 2922 2167 2982 per
2196 2901 2376 2961 fidem
2399 2946 2415 2975 7

293 3021 417 3059 non
447 3021 589 3061 vero
629 2999 702 3059 de
741 2999 884 3059 orali
918 2999 1273 3075 comestione
1310 2997 1573 3057 Christus
1607 2996 1834 3056 locutus
1865 2997 2071 3056 fuerat.

373 3096 476 3155 23.
525 3098 700 3178 Resp.
745 3096 895 3177 Ney.
925 3106 1116 3154 antec.
1156 3094 1429 3175 Alioquin
1473 3105 1561 3152 tot
1596 3116 1717 3151 non
1755 3093 2152 3152 exantlassent
2184 3090 2413 3150 labores

293 3190 550 3250 haeretici
586 3190 783 3250 biblici
831 3212 896 3250 ac
931 3189 1309 3250 rationalistae
1343 3188 1418 3248 ad
1445 3188 1550 3247 hos
1591 3200 1785 3248 textus
1814 3187 2265 3269 extorquendos,
2302 3188 2420 3245 Hu-

288 3290 384 3365 jus
405 3286 566 3346 enim
591 3287 853 3347 veritatis
889 3286 1078 3366 fulgor
1110 3285 1286 3343 nimis
1321 3307 1525 3344 eorum
1561 3284 1754 3345 oculos
1784 3285 2127 3366 perstrinxit
2149 3280 2254 3362 (4).

294 3465 422 3515 lictis
457 3483 564 3531 quoe
599 3465 761 3523 clara,
808 3483 916 3530 quw
949 3465 1154 3531 propria
1174 3501 1186 3517 ,
1213 3482 1320 3529 quoe
1474 3464 1543 3529 (3)
1587 3464 1870 3512 Thesaurus
1917 3459 2228 3523 Theoloqz‘cus
2248 3497 2261 3520 ,
2296 3458 2372 3507 Or
2393 3476 2424 3506 a

291 3547 468 3614 facilia
506 3556 648 3605 sunt,
685 3548 890 3596 obscura
910 3584 924 3608 ,
960 3546 1283 3613 metaphorica
1305 3585 1317 3609 ‚
1405 3546 1632 3613 complete
1662 3554 1836 3611 system
1866 3543 1924 3609 of
1943 3543 2160 3606 divinity
2176 3577 2193 3604 ,
2235 3541 2329 3590 vol.
2358 3558 2423 3601 11,

299 3629 524 3696 difficilia
555 3632 840 3682 consectari.
1408 3648 1516 3695 pag.
1550 3644 1641 3695 27¹
1666 3666 1680 3689 ‚
1714 3627 1868 3676 Lond.
1906 3641 2051 3692 1710.

362 3711 436 3778 (l)
473 3713 624 3763 Hom.
657 3730 851 3762 Lxxxvu
872 3751 886 3774 ‚
918 3714 976 3761 in
1004 3712 1185 3762 Match.
1220 3754 1222 3756 .
1256 3757 1258 3759 ,
1480 3711 1547 3777 (h)
1585 3711 1797 3759 Johnson
1849 3709 1971 3773 apud
2025 3706 2113 3755 Th.
2168 3706 2325 3754 Moore
2377 3703 2426 3750 id

378 3795 444 3859 (2)
479 3795 780 3859 Waterland‚
808 3796 901 3846 vol.
938 3799 1001 3845 vn
1021 3833 1035 3857 ,
1067 3813 1171 3861 pagq
1211 3810 1319 3844 102.
1404 3796 1604 3852 fatetur,
1629 3795 1746 3844 dum
1766 3790 1928 3842 scribit
1960 3808 1973 3839 :
2014 3788 2099 3840 Un
2128 3787 2208 3836 des
2227 3784 2425 3852 princi-
