2502 4186
400 297 521 337 CAP.
572 300 611 335 1.
661 299 728 334 nn
771 285 935 335 amu
977 294 1194 333 cnmsrl
1236 293 1555 332 Pansam-m
1618 296 1677 331 m
1722 295 1967 334 sucum.

2150 279 2263 339 179

951 460 1354 516 PROPOSITIO
1391 462 1461 512 II.

162 610 396 669 Eadem
448 612 665 678 veritas
719 628 790 664 em
845 608 1141 664 constanti
1177 615 1235 661 et
1273 608 1550 663 universa
1605 606 1887 665 Ecclesiae
1939 609 2260 671 traditione

1059 701 1374 756 evincitur:

245 865 341 923 64.
387 863 492 921 Hic
519 862 776 921 timidius
816 864 1200 921 Protestantes
1233 858 1536 919 nobiscum
1568 875 1852 942 pugnant.
1893 866 2050 926 Licet
2087 893 2262 951 porro

165 958 453 1018 Mornaeus
483 956 562 1015 du
591 955 795 1016 Plessis
813 1002 830 1034 ,
870 954 1224 1015 Chamierius
1256 998 1272 1027 7
1307 953 1642 1014 Albertinus
1670 1002 1686 1031 a
1708 957 1982 1019 Claudius
2028 984 2097 1021 ex
2124 988 2268 1026 non-

162 1051 339 1111 nullis
397 1049 763 1110 subobscuris
810 1053 1046 1109 Patrum
1089 1047 1276 1107 effatis
1323 1071 1525 1108 ansam
1571 1055 1930 1134 sumpserint
1964 1056 2131 1116 nobis
2173 1082 2272 1143 op-

162 1147 421 1230 ponendi
462 1145 801 1206 eorumdem
842 1145 1245 1204 auctoritatem
1274 1190 1289 1218 ,
1326 1145 1468 1205 adeo
1499 1158 1698 1208 tamen
1730 1152 1962 1231 protriti
1993 1167 2130 1214 sunt
2151 1201 2167 1230 ,
2204 1169 2272 1216 ut

162 1243 509 1302 recentiores
556 1245 947 1300 Protestantes
995 1261 1212 1299 novam
1250 1239 1403 1299 hanc
1447 1242 1630 1303 aciem
1670 1243 2002 1306 deserentes
2025 1294 2040 1322 .,
2078 1249 2271 1311 denuo

166 1338 240 1397 ad
276 1359 466 1396 arcem
491 1382 508 1411 ‚
557 1347 622 1394 ut
667 1345 879 1396 vocant
905 1379 921 1409 ‚
972 1334 1402 1416 Scripturarum
1448 1357 1510 1396 se
1545 1339 1873 1419 receperint
1917 1341 2028 1422 (l).
2084 1345 2277 1427 Aliqui

165 1436 344 1493 etiam
381 1435 629 1513 ingenue
670 1431 802 1489 fassi
846 1441 1017 1507 sunt,
1070 1430 1144 1491 de
1178 1452 1344 1490 causa
1381 1443 1576 1492 actum
1616 1455 1738 1495 esse
1764 1481 1780 1509 ,
1823 1440 1871 1495 si
1917 1441 2157 1519 quaestio
2202 1441 2277 1501 ad

166 1530 408 1589 Patrum
437 1527 839 1587 auctoritatem
861 1537 1163 1586 revocetur
1190 1526 1300 1606 (2).
1334 1528 1451 1586 Nec
1478 1528 1725 1602 mirum3
1757 1529 2085 1593 floruerunt
2116 1537 2275 1595 enim

238 1718 309 1784 (Ι)
347 1718 447 1784 Quo
467 1727 620 1766 tamen
638 1714 779 1777 exitu,
815 1717 1038 1782 superiori
1069 1733 1176 1781 pro-

144 1805 305 1867 posit.
353 1798 571 1849 vidimus.
611 1797 829 1847 Ceterum
876 1789 1071 1864 Mornay
1113 1798 1178 1846 du

168 1874 365 1942 Plessis,
413 1884 624 1930 omnium
667 1879 799 1929 facile
844 1882 1020 1946 primus
1059 1881 1179 1928 inter

168 1964 441 2014 Calvinistas
472 1978 705 2028 aggressus
746 1971 844 2022 est,
876 1961 982 2011 data
1009 1979 1174 2026 opera,

170 2047 432 2096 subsidium
458 2046 647 2094 Patrum
665 2059 863 2110 quaerere
889 2045 947 2092 ad
966 2043 1181 2092 calvinia-

1256 1726 1357 1763 tum
1391 1709 1606 1764 adversus
1638 1718 1721 1766 hoc
1749 1736 1865 1784 opus
1885 1758 1898 1780 ‚
1931 1723 2276 1787 tumladversus

1258 1790 1432 1845 librum
1450 1796 1550 1846 Jac.
1573 1793 1753 1847 Novetii
1782 1798 1833 1849 S.
1869 1788 1917 1850 J.
1949 1801 2026 1851 La
2047 1809 2274 1870 presence

1258 1874 1315 1925 de
1345 1877 1393 1927 J,
1433 1878 1489 1927 C.
1522 1878 1644 1927 <lans
1682 1880 1722 1927 le
1752 1877 2067 1948 Sacrament,
2119 1890 2275 1935 insur-

1259 1963 1375 2009 rexit
1394 1978 1516 2010 anno
1558 1959 1701 2011 1668.
1735 1962 1870 2012 Tunc
1896 1965 2086 2015 demum
2111 1968 2281 2032 prodiit

1260 2045 1310 2091 in
1331 2042 1483 2091 lucem
1509 2043 1868 2093 celeberrimum
1886 2060 2001 2110 opus
2033 2065 2047 2096 ε
2075 2037 2146 2097 Za
2160 2066 2277 2115 per-

173 2146 283 2176 nam
322 2130 574 2176 doctrinam
609 2126 971 2188 adstruendam3
1011 2137 1079 2174 ast
1108 2129 1179 2190 ip-
1253 2126 1437 2189 petuite
1463 2124 1519 2172 cle
1546 2123 1592 2172 la
1602 2125 1677 2189 foi
1705 2126 1762 2173 de
1783 2111 1988 2191 I’E'ylise
2007 2129 2273 2196 catholique

172 2221 275 2258 sum
315 2219 360 2258 et
417 2226 528 2256 voce
582 2210 634 2256 in
692 2210 880 2271 privatis
935 2209 1182 2272 congressi-

173 2290 262 2339 bus
285 2300 330 2339 εἰ
357 2291 522 2354 scripto
548 2291 600 2336 in
619 2288 749 2336 libris
769 2289 903 2355 editis
916 2286 1182 2351 plenissime

175 2373 432 2421 confutavit
462 2370 602 2419 Care.-
623 2369 725 2419 Jace
755 2368 874 2418 Dav.
900 2369 964 2418 du
991 2369 1180 2418 Perron.

176 2453 270 2501 cfr.
291 2452 390 2518 ejus
417 2452 587 2500 Traite
603 2451 671 2499 du
688 2451 962 2499 Sacrement
974 2451 1029 2498 de
1049 2449 1186 2498 z'Eu-

174 2534 416 2594 chamae,
435 2535 542 2582 edit.
569 2532 619 2580 3e
641 2569 654 2593 ,
672 2533 829 2581 in·fol.
852 2533 977 2581 Paris
995 2568 1008 2593 ‚
1036 2531 1182 2582 1633.

177 2617 232 2665 In
251 2631 438 2679 scenam
467 2626 623 2680 postea
646 2615 814 2680 prodiit
830 2633 883 2663 ex
903 2615 1186 2663 Calvinianis

176 2698 297 2747 Dan.
353 2698 592 2746 Chamiers
611 2733 624 2755 ,
675 2699 806 2763 cujus
853 2696 1185 2744 Panstratiam

179 2780 323 2829 edidit
338 2781 482 2829 Bern.
505 2780 775 2828 Turretinus
789 2797 910 2827 anno
936 2775 1061 2826 1626
1076 2795 1090 2841 3
1106 2796 1187 2843 po-

183 2864 410 2910 tissimum
452 2879 558 2910 vero
597 2861 874 2909 Edmundus
921 2859 1188 2908 Albertinus

184 2946 235 2991 in
269 2960 403 3007 opere
432 2941 508 2990 De
537 2941 872 2991 Eucharistiae
903 2943 1003 2990 sive
1044 2958 1187 2990 coenoe

186 3025 442 3072 dovninicae
458 3019 497 3069 S
500 3032 770 3071 aeramento
791 3023 906 3071 libri
919 3032 1010 3071 tres
1023 3059 1036 3083 ‚
1063 3023 1189 3090 quod

186 3106 387 3169 vulgavit
424 3103 573 3152 David
603 3104 867 3154 Blondellus
891 3140 908 3166 ‚
933 3105 1190 3154 Daventriae

193 3186 321 3250 1654
341 3225 354 3246 ‚
377 3186 471 3235 vol.
495 3202 514 3233 1
537 3186 618 3234 fol.
641 3186 735 3234 Hos
755 3188 1011 3235 confutavit
1030 3187 1192 3236 Petrus

186 3271 391 3319 Nicolius
404 3285 525 3316 anno
545 3265 672 3334 1659
682 3270 731 3317 in
741 3269 1012 3333 praef.officii
1028 3268 1192 3319 SS.Sa-

187 3354 406 3402 cramenti
428 3353 534 3413 3cui
555 3386 566 3408 ,
585 3366 691 3396 cum
711 3350 988 3414 respondere
1004 3361 1193 3400 conatus

176 3444 296 3486 esset
327 3434 464 3482 Joan.
497 3430 718 3479 Claudius
751 3433 962 3481 minister
1001 3433 1194 3483 charen—

177 3518 398 3574 tonensis‚
428 3517 596 3562 iterum
614 3512 820 3560 Nicolius
846 3530 955 3560 eum
982 3517 1196 3578 repressit

180 3617 259 3663 op.
299 3600 374 3646 cui
418 3596 604 3643 titulum
639 3595 746 3643 fecit
778 3611 792 3642 t
833 3593 902 3640 La
927 3597 1198 3660 perpetuite

182 3678 239 3726 de
254 3678 299 3727 la
310 3678 381 3742 foi
395 3678 451 3725 de
473 3674 508 3723 l’
509 3668 560 3724 E
559 3675 676 3741 qlise
691 3674 954 3739 catholiqne
973 3675 1200 3725 touchant

182 3757 553 3827 l'Eucharistie‚
616 3755 761 3820 1664.
810 3757 891 3806 Ast
942 3756 1191 3822 Claudius,

1261 2205 1492 2254 touchant
1505 2205 1858 2256 l'Eucharistie
1879 2245 1892 2267 ‚
1911 2209 2148 2273 defendite
2166 2230 2285 2261 con-

1261 2294 1331 2335 tre
1357 2286 1399 2335 le
1431 2286 1550 2336 livre
1588 2288 1655 2336 du
1685 2289 1819 2336 sieur
1850 2289 2036 2338 Claude
2056 2329 2069 2351 ‚
2099 2310 2145 2341 ιν
2180 2295 2277 2344 vol.

1262 2367 1373 2432 in-4
1387 2405 1400 2428 ‚
1421 2368 1547 2417 Paris
1570 2384 1586 2415 1
1601 2368 1696 2435 704
1708 2399 1724 2430 ,
1744 2371 1914 2435 quibus
1936 2377 2122 2422 accessit
2140 2376 2232 2423 vol.
2247 2394 2275 2425 v

1264 2449 1540 2498 Renaudotii
1559 2488 1571 2509 ‚
1606 2469 1700 2499 una
1725 2468 1834 2500 eum
1865 2453 2131 2504 defensione
2154 2457 2281 2506 Per-

1258 2533 1513 2597 petuitatis
1533 2531 1652 2595 fidei
1671 2568 1684 2591 ,
1714 2535 1765 2580 in
1791 2552 1884 2599 qua
1911 2552 2008 2583 non
2035 2538 2187 2586 solum
2213 2558 2281 2588 ar·

1266 2615 1399 2677 gutiae
1437 2630 1596 2662 omnes
1633 2612 1817 2662 Claudii
1845 2615 2158 2681 dissipantur,
2197 2638 2278 2670 ve·-

1266 2712 1370 2742 rum
1384 2698 1520 2743 etiam
1536 2713 1654 2744 nova
1668 2697 1959 2760 proferuntur
1975 2698 2278 2752 monumenta

1268 2777 1328 2824 ad
1372 2782 1644 2841 perpetuam
1670 2777 1885 2826 Ecclesiae
1924 2780 2062 2829 fidem
2110 2785 2282 2832 confir-

1269 2858 1509 2907 mandam.
1551 2858 1651 2908 Hoc
1686 2878 1822 2926 opere
1853 2860 2113 2912 Calviniani
2137 2864 2279 2930 plane

1268 2942 1445 3004 protriti
1468 2950 1593 2989 sunt.

1339 3022 1409 3086 (²2)
1446 3021 1628 3071 Possem
1658 3023 1738 3071 hic
1763 3028 1861 3072 non
1893 3042 2039 3089 pauca
2072 3026 2285 3077 adversa-

1269 3105 1444 3152 riorum
1494 3107 1751 3153 testimonia
1795 3119 2055 3170 congerere.
2083 3099 2284 3158 ⁴Verum

1270 3203 1368 3234 non
1389 3196 1455 3234 est
1474 3203 1686 3245 necesse,
1713 3203 1821 3234 cum
1851 3205 1922 3236 res
1949 3191 2187 3239 notissima
2211 3194 2286 3240 sit.

1271 3267 1388 3317 Satis
1412 3268 1527 3315 mihi
1542 3271 1625 3316 erit
1649 3268 1810 3317 afferre
1832 3269 1969 3317 verba
1985 3270 2280 3336 Ho‘spiniani‚

1273 3352 1418 3416 quiin
1436 3351 1497 3397 H
1503 3352 1579 3397 ist.
1612 3352 2000 3399 sacramentarioe
2019 3390 2032 3412 ‚
2072 3364 2192 3417 part.
2230 3372 2248 3401 1
2269 3391 2284 3414 ‚

1272 3432 1358 3481 lib.
1391 3449 1438 3481 vr
1460 3469 1473 3491 ‚
1506 3449 1610 3497 cap.
1641 3449 1669 3479 2
1688 3466 1702 3493 ‚
1737 3433 1896 3480 scribit
1929 3449 1943 3481 :
1989 3432 2285 3496 Confirmare

1273 3514 1706 3580 superstitiosorum
1747 3513 1999 3562 hominum
2028 3514 2287 3563 catholico-

1275 3612 1395 3643 rum
1421 3596 1703 3642 sententiam
1726 3594 1928 3660 phrases
1965 3594 2294 3659 hyperbolicas

1271 3677 1541 3742 primitivae
1557 3675 1607 3723 E
1608 3675 1787 3724 cclesiae
1805 3676 2012 3723 Patrem
2026 3709 2042 3735 ‚
2074 3671 2175 3725 SS.
2201 3676 2296 3742 Cy-

1272 3758 1471 3824 priani,
1493 3757 1777 3820 Ambrosii,
1811 3757 2164 3820 Chrysostomi‚
2199 3759 2291 3822 Cy-

1864 3851 1962 3910 12.
