2502 4186
332 197 454 260 366

953 216 1274 256 TRACTATUS
1317 219 1384 255 m:
1427 219 1817 261 POENITENTIA.

333 360 431 423 vel
454 358 527 419 ab
565 357 705 439 ipsis
741 355 988 416 ethnicis
1014 356 1224 416 erroris
1262 357 1556 438 arguitur.
1594 379 1665 418 ex
1705 380 1958 441 quorum
1997 366 2289 424 constanti
2313 385 2442 424 sen-

330 455 515 516 tentia
543 453 607 511 in
631 460 910 511 anteactae
935 450 1068 510 vitae
1089 451 1402 511 criminum
1430 451 1813 513 detestatione
1836 455 2185 518 Poenitentia
2220 460 2441 519 consis-

328 552 401 609 tit
436 549 548 627 (1).
579 548 876 621 Quatenus
914 568 1052 607 vero
1083 558 1172 606 est
1209 547 1651 607 Sacramentum
1676 593 1691 623 7
1723 549 2075 608 Poenitentia
2107 554 2321 632 passim
2345 553 2442 613 de-

324 644 528 703 finitur
561 665 575 701 :
610 644 1076 702 Sacramentum
1109 664 1149 700 a
1176 643 1402 701 Christo
1441 643 1705 702 Domino
1745 647 2097 703 institutam
2119 687 2140 715 ,
2178 667 2293 723 quo
2325 668 2443 726 per

305 740 663 819 juridicam
703 739 1040 797 Sacerdotis
1078 738 1509 796 ahsolutionem
1541 737 1782 796 homini
1804 743 2053 797 contrito
2089 750 2148 798 et
2186 743 2443 818 confesso

325 839 729 895 remittuntur
745 843 993 913 peccata
1024 843 1159 912 post
1195 834 1588 912 Baptismum
1614 837 1951 892 commissa.
2001 834 2139 907 Quae
2181 832 2444 894 definitio

325 927 825 1012 quemadmodum
858 950 1153 989 summam
1182 928 1444 987 continet
1470 927 1648 986 totius
1675 926 1970 987 catholicae
1992 928 2269 988 doctrinae
2296 930 2445 988 circa

323 1025 436 1087 hoc
462 1026 903 1085 Sacramentum
919 1069 937 1102 ,
962 1024 1044 1083 ita
1067 1025 1245 1085 etiam
1267 1034 1548 1083 tractatus
1568 1022 1741 1101 hujus
1764 1023 1950 1082 nostri
1973 1045 2268 1083 summam
2291 1045 2448 1083 com-

323 1120 622 1205 plectitur.
655 1121 739 1180 De
765 1121 1010 1181 veritate
1034 1119 1325 1202 siquidem
1349 1119 1711 1179 Sacramenti
1737 1139 1904 1199 agere
1941 1118 2005 1178 in
2043 1120 2246 1200 primis
2270 1118 2444 1179 nobis

321 1215 690 1299 propositum
719 1226 836 1290 est3
863 1227 993 1274 tum
1014 1215 1089 1275 de
1119 1219 1241 1294 ejus
1267 1213 1564 1297 partibuS‚
1595 1214 1943 1274 contritione
1971 1213 2273 1290 videlicet,
2300 1236 2445 1276 con-

321 1312 568 1372 fessione
597 1321 658 1372 et
689 1311 1114 1386 satisfactione;
1143 1309 1217 1370 de
1246 1309 1492 1370 materia
1520 1309 1778 1393 denique
1798 1356 1814 1386 ⁷
1840 1309 2027 1369 forma
2056 1331 2122 1370 ac
2146 1310 2441 1371 ministro·

1220 1498 1464 1558 CAPUT
1509 1498 1552 1557 Ι.

764 1675 834 1711 DE
880 1671 1154 1712 VERITATE
1197 1672 1557 1710 SAGRAMENTI
1599 1672 2005 1712 POENl'rENTlAE.

400 1855 460 1916 3.
509 1858 830 1917 Novatores
882 1853 1059 1915 seculi
1098 1855 1232 1914 XVI
1261 1853 1527 1913 omnium
1555 1854 1731 1935 primi
1765 1855 2075 1916 veritatem
2113 1855 2286 1934 hujus
2328 1858 2440 1915 Sa-

315 1953 605 2011 cramenti
656 1949 844 2009 adorti
888 1961 1047 2008 sunt.
1098 1951 1250 2028 Nam
1298 1970 1489 2030 neque
1530 1950 1902 2011 Montanistae
1942 1962 2044 2009 aut
2087 1952 2396 2011 Novatiani
2421 1997 2438 2024 ,

316 2068 508 2128 neque
532 2045 872 2106 Waldenses
904 2056 1006 2104 aut
1029 2043 1378 2119 Wicleffitae‚
1412 2045 1499 2101 uti
1534 2044 1793 2103 ostendit
1817 2046 2125 2104 Bossuetus
2154 2045 2264 2126 (2),
2292 2046 2443 2104 illud

315 2146 662 2220 rejecerunt.
715 2140 1002 2199 Lutherus
1047 2139 1334 2221 principio
1382 2138 1640 2197 incertus
1679 2139 1861 2197 animi
1907 2139 2215 2221 pendenS,
2266 2140 2442 2200 modo

317 2237 584 2312 retinuit,
621 2235 796 2296 modo
820 2236 1129 2317 expunxit,
1149 2234 1567 2295 Poenitentiam
1585 2254 1616 2293 e
1636 2235 2148 2294 Sacramentorum
2165 2235 2299 2295 albo
2325 2237 2436 2318 (3).

316 2333 455 2406 Quae
488 2331 878 2391 inconstantia
928 2332 991 2390 in
1032 2328 1364 2410 auctoribus
1420 2329 1767 2389 Lutheranis
1813 2329 2108 2413 plerisque
2164 2331 2438 2392 omnibus

315 2427 609 2510 reperitur
649 2427 758 2508 (4).
807 2426 1082 2488 Calvinus
1119 2448 1255 2486 cum
1279 2425 1396 2484 suis
1426 2426 1821 2505 Reformatis
1844 2428 2287 2487 Sacramentum
2331 2427 2440 2486 hoc

313 2635 376 2684 In
400 2636 588 2684 notione
610 2652 717 2684 vero
731 2634 1075 2701 resipiscentia?
1104 2633 1334 2682 Lutherus

313 2719 553 2766 constituit
595 2717 954 2766 fundamentum
988 2733 1078 2765 suae
1115 2715 1335 2764 doctrinas

313 2801 433 2847 circa
455 2797 795 2848 Paenitentiam.

382 2879 454 2943 (l)
484 2879 591 2928 Noti
614 2891 721 2928 sunt
756 2897 914 2930 versus
943 2878 1130 2939 Ovidii,
1172 2877 1260 2928 lib.
1290 2894 1333 2940 1,

314 2962 395 3011 De
423 2959 591 3019 Ponto,
618 2962 704 3027 Ep.
738 2979 755 3010 1
774 3000 788 3023 ‚
810 2966 866 3010 ‘v.
885 2960 951 3029 59
976 2979 992 3010 ε

371 3044 588 3096 Paenitet,
620 3046 681 3085 o!
709 3045 750 3086 si
776 3042 887 3101 quid
912 3045 1166 3104 miserorum
1191 3041 1334 3084 credi-

431 3125 505 3157 tur
533 3115 637 3170 ulti,
1218 3132 1231 3154 ι

374 3187 561 3228 Poem‘tet
573 3216 589 3239 ,
624 3196 668 3228 et
689 3186 825 3239 ficto
856 3191 1064 3243 torqueor·
1102 3185 1194 3240 ipse
1222 3198 1329 3226 meo.

314 3258 431 3307 Item
471 3257 666 3306 Ausonii
698 3258 962 3324 Epiyram.
1006 3274 1089 3316 xi,
1142 3257 1224 3304 ubi
1265 3259 1330 3304 sic

311 3340 639 3389 Poenitentiam
667 3340 934 3406 loquentem
967 3339 1148 3388 inducit
1177 3355 1192 3386 ε

370 3422 471 3464 Sum
524 3420 619 3462 Dea
641 3450 657 3474 ,
703 3435 802 3479 quoe
828 3421 959 3474 facti
997 3435 1087 3462 non
1120 3418 1331 3477 fictique

429 3493 558 3551 exigo
582 3506 748 3550 poenas.

370 3567 535 3621 Nempe
557 3596 573 3620 ,
624 3574 672 3608 ut
705 3564 917 3622 poeniteat
931 3594 947 3618 ,
997 3564 1059 3606 sic
1092 3564 1329 3606 Metanoea

428 3650 578 3685 vocor.

1491 2631 1564 2697 (2)
1601 2629 1743 2681 Hice.
1768 2630 1851 2679 des
1881 2629 1938 2677 V
1934 2633 2173 2681 ariations
2194 2671 2206 2694 ‚
2241 2633 2326 2682 lib.
2354 2651 2401 2682 xx
2420 2671 2434 2694 ‚

1419 2731 1473 2764 n.
1510 2711 1605 2777 ¹⁰4
1629 2724 1675 2763 et
1699 2732 1750 2762 n.
1787 2711 1896 2762 165.

1491 2793 1555 2859 (3)
1593 2794 1691 2843 Cfr.
1736 2794 1888 2843 Baron
1925 2795 1983 2844 de
2031 2796 2222 2857 Stat-ck,
2256 2796 2440 2846 Enere-

1419 2879 1543 2926 tie-ns
1580 2877 1970 2944 philosophique-s
1987 2917 2001 2940 ‚
2051 2897 2162 2946 page
2213 2877 2270 2929 15
2289 2919 2302 2939 ‚
2348 2880 2438 2929 Pa-

1420 2963 1482 3009 ris
1531 2958 1692 3021 18183
1739 2971 1784 3009 et
1824 2960 2110 3010 Cateckiam.
2144 2961 2440 3011 christianus

1419 3039 1638 3092 Doctoris
1670 3042 1889 3091 Martini
1916 3043 2124 3092 Lacheri
2140 3082 2154 3105 ,
2190 3062 2294 3110 pag.
2318 3046 2435 3105 323,

1420 3125 1569 3173 editus
1595 3143 1621 3172 a
1658 3124 1856 3174 Doctore
1887 3124 2214 3192 Christophoro
2239 3127 2401 3176 Besold
2422 3165 2436 3189 ‚

1420 3204 1636 3270 Augusta)
1664 3205 1854 3255 Vindel.
1892 3205 2049 3268 1828,
2092 3212 2173 3274 qui
2206 3209 2336 3273 plura
2366 3227 2435 3257 re·

1421 3287 1574 3335 serunt
1606 3305 1664 3335 ex
1691 3285 1880 3337 Lutheri
1909 3290 2126 3354 operibus
2151 3291 2338 3339 collecta
2354 3300 2439 3339 tes-

1421 3371 1614 3418 timonia
1636 3407 1650 3430 ‚
1675 3369 1844 3437 quibus
1871 3372 1948 3420 ille
1979 3372 2172 3421 adstruit
2199 3376 2437 3422 veritatem

1417 3449 1701 3501 Sacramenti
1733 3452 2015 3502 Poenitentiae
2045 3456 2263 3503 divinitus
2303 3456 2437 3501 insti-

1417 3535 1507 3580 tuti
1522 3535 1844 3584 etomnimode
1869 3537 2133 3584 necessarii
2142 3535 2199 3583 ad
2220 3535 2434 3585 salutem.

1487 3615 1553 3680 (4)
1569 3616 1666 3665 cfr.
1679 3616 1902 3678 Moehler,
1918 3613 1958 3664 S
1960 3615 2245 3682 ymbolique,
2267 3627 2381 3665 tom.
2399 3634 2433 3677 ι,

1417 3714 1522 3763 pag.
1554 3695 1654 3764 314
1680 3708 1725 3747 et
1750 3717 1849 3767 seq.
1876 3700 1987 3749 edit.
2016 3701 2097 3749 cit.
