2502 4186
956 237 1024 316 nii
1062 275 1384 315 sxcmmclo.
2083 249 2203 312 267

96 422 238 495 ficii,
289 431 359 479 ut
401 430 639 493 vocant,
678 439 800 478 non
849 419 985 477 satis
1035 416 1342 500 patefaciat
1388 414 1515 493 (l);
1565 423 1695 470 tum
1748 412 2002 497 denique
2041 415 2202 496 quod

96 529 393 600 postrema
415 515 770 575 definitionis
805 513 1058 572 conditio
1076 557 1092 587 7
1135 511 1266 592 'quae
1291 519 1377 568 est
1401 508 1474 567 de
1502 509 1912 570 immutatione
1951 511 2203 570 victimae

95 635 197 673 seu
242 612 327 671 rei
383 611 625 684 ohlatae,
670 631 791 669 non
853 608 1118 668 videatur
1174 606 1236 663 in
1284 603 1569 662 Sacrificio
1625 605 1811 663 Missae
1871 606 2156 666 verificari
2182 651 2199 683 ,

93 709 338 789 ideoque
363 707 546 786 ipsam
572 706 969 764 definitionem
998 723 1118 760 non
1147 720 1315 781 posse
1338 698 1620 757 Sacrificio
1649 699 1956 758 incruento
1986 702 2198 780 aptari.

175 803 315 860 246.
363 804 552 874 Quare
590 791 968 881 Vasquezius,
1011 797 1100 855 hi‘s
1148 791 1586 853 difficultatibus
1630 805 1968 874 permotuS‚
2023 794 2206 855 aliam-

98 895 340 974 subJecit
380 892 815 970 definitionem,
855 914 984 975 quae
1021 890 1147 950 illa-s
1199 887 1483 965 declinet,
1527 900 1587 948 et
1625 888 1941 948 faciliorem
1979 900 2227 950 sternat'

94 992 249 1051 viam
284 989 360 1047 ad
398 991 707 1050 veritatem
746 988 1012 1049 Sacrificii
1045 985 1228 1044 nostri
1271 985 1690 1045 vindicandam
1727 984 2004 1044 adversus
2051 988 2201 1044 Pro-

91 1095 392 1144 testanteS.
439 1087 567 1166 Ipse
603 1087 778 1165 igitur
824 1083 1147 1164 >generatim
1183 1079 1466 1141 ¹observat
1493 1126 1509 1155 7
1557 1081 1849 1140 rationem
1887 1080 2202 1140 formalem

92 1181 359 1239 Sacrificii
388 1181 637 1262 positam
671 1194 794 1239 esse
818 1181 878 1238 in
904 1177 1321 1258 significatione
1349 1177 1791 1258 omnipotentiae
1821 1177 1926 1235 Dei
1954 1176 2202 1235 auctoris

91 1275 228 1334 vitae
265 1286 324 1334 et
355 1276 557 1334 mortis
581 1272 709 1356 (2>;4
741 1267 811 1333 ex
843 1295 960 1355 quo
994 1273 1203 1348 infert,
1228 1274 1313 1332 rei
1339 1271 2051 1349 oblataessimmutationem
2078 1293 2202 1330 non

91 1392 214 1430 esse
252 1370 324 1431 de
364 1372 586 1430 ratione
619 1369 849 1433 formali
891 1369 1180 1428 Sacrificii.
1218 1370 1394 1427 Juxta
1424 1367 1577 1426 hanc
1611 1359 1914 1426 notic‘mem
1950 1367 2076 1448 ipse
2106 1366 2204 1426 de-

89 1467 220 1524 finit
252 1467 602 1526 Sacrificium
629 1465 743 1524 hoc·
760 1464 938 1524 modo
975 1486 989 1521 t
1027 1465 1414 1542 Sacraficz'um
1442 1474 1526 1521 est
1549 1474 1690 1521 nota
1719 1468 1970 1521 existens
1999 1467 2071 1520 in
2100 1483 2164 1520 re
2177 1505 2199 1534 ,

89 1584 210 1641 qua
227 1563 588 1641 profitemur
620 1563 820 1622 Deum
854 1570 1159 1619 auctorem
1194 1564 1331 1616 vitoe
1360 1568 1415 1616 et
1439 1563 1648 1616 mortis
1675 1557 1787 1635 (3).

169 1657 315 1716 247.
365 1659 490 1730 Quo
529 1657 718 1739 posito
744 1655 1131 1714 fundamento
1153 1699 1169 1727 a
1213 1652 1431 1733 duplex
1464 1652 1769 1731 distinguit
1810 1651 2200 1726 Sacrificium,

90 1751 340 1811 alterum
383 1753 725 1810 ahsolutum
743 1794 764 1823 ,
809 1750 1062 1811 alterum
1089 1748 1409 1806 relativum
1449 1769 1551 1806 seu
1589 1751 2204 1805 commemor-aticum.

88 1845 434 1906 Absolutum
467 1845 614 1906 illud
651 1846 862 1905 dicitur
884 1891 900 1920 v
942 1843 1100 1927 quod
1134 1842 1251 1902 tale
1290 1863 1397 1924 per
1433 1864 1494 1902 se
1534 1838 1622 1902 est
1658 1841 1877 1923 absque
1919 1840 2211 1902 relatione*

91 1942 168 2001 ad
193 1942 443 2002 alterum
465 1988 480 2018 ,
517 1963 626 2001 nec
659 1954 746 2002 est
781 1941 1017 2002 alterius
1046 1939 1522 1999 commemoratio
1541 1983 1556 2013 ,
1584 1937 1768 1999 veluti
1801 1938 2074 1996 mactatio
2097 1958 2206 2019 pe·-

87 2037 246 2096 cudis
267 2084 282 2113 .,
326 2038 420 2098 vel
459 2037 695 2096 alterius
722 2038 806 2096 rei
840 2035 1208 2115 consumptio
1235 2059 1253 2106 3·
1291 2032 1604 2092 relativum
1639 2053 1778 2092 vero
1807 2054 1909 2092 seu
1945 2054 2204 2092 comme-

87 2133 441 2191 morativum
476 2131 625 2190 illud
659 2127 900 2192 vocatur
926 2176 941 2206 ‚
984 2129 1144 2211 quod
1168 2128 1288 2188 tale
1315 2140 1550 2187 tantum
1587 2139 1674 2187 est
1716 2126 1791 2186 ob
1825 2127 2203 2202 relationem,

89 2247 265 2307 quam
312 2226 489 2286 habet
538 2225 613 2285 ad
648 2221 896 2285 alterum
923 2270 939 2300 ‚
997 2229 1158 2303 cujus
1195 2224 1812 2283 commemorationem
1851 2244 1949 2282 seu
1988 2243 2206 2305 reprae-

90 2322 477 2381 sentationem
516 2323 813 2396 continet3
866 2320 1189 2399 cujusmodi
1237 2331 1325 2378 est
1370 2319 1723 2378 Sacrificium
1781 2318 2002 2392 Missae,
2045 2317 2207 2399 quod

88 2417 337 2474 refertur
371 2417 445 2475 ad
481 2418 834 2476 Sacrificium
860 2417 1044 2476 crucis·
1064 2462 1079 2490 ,
1118 2420 1277 2493 cujus
1318 2414 1933 2473 commemorationem
1956 2457 1972 2488 ,
2001 2413 2121 2471 imo
2146 2425 2205 2471 et

88 2513 666 2591 repraesentationem
702 2533 823 2594 prae
865 2534 925 2571 se
963 2513 1074 2570 fert
1113 2533 1220 2592 per
1255 2511 1508 2572 duarum
1538 2511 1862 2591 specierum
1900 2529 2203 2569 consecra-

88 2607 309 2666 tionem
339 2629 439 2667 seu
475 2610 777 2688 mysticam
815 2607 1277 2666 immolationem
1322 2606 1430 2685 (4).

169 2701 312 2762 248.
364 2706 431 2763 In
459 2705 743 2763 Sacrificio
773 2703 1039 2762 absoluto
1070 2725 1137 2762 ex
1175 2715 1342 2784 parte
1380 2702 1636 2761 materiae
1661 2703 1981 2761 necessario
2016 2703 2205 2782 requi·

89 2919 213 2965 tione
231 2916 295 2966 rei
322 2919 553 2968 sensibilis
583 2905 642 2968 ad
671 2921 916 2969 colendum
944 2920 1095 2969 Deum
1179 2919 1307 2986 quod
1328 2918 1427 2969 Deo
1443 2920 1799 2968 submissionem
1815 2930 1859 2969 et
1873 2921 2192 2970 adorationem

91 3001 300 3048 ordinata
325 3037 337 3057 ‚
370 3018 474 3066 quae
494 3001 546 3050 fit
564 3020 589 3050 a
609 3003 814 3068 legitimo
847 3005 1064 3051 ministro
1078 3040 1092 3063 ‚
1179 3013 1275 3050 tam
1292 3021 1370 3067 per
1383 2989 1672 3050 Sacrificium
1690 3018 1828 3068 quam
1845 3012 1927 3067 pe‘r
1941 3005 2203 3067 simplicem

89 3092 135 3129 et
165 3098 268 3147 quae
295 3082 540 3130 destruitur
556 3095 601 3132 et
627 3087 914 3133 immutatur.
947 3084 1095 3134 Nemo
1182 3084 1464 3133 oblationem
1501 3086 1653 3132 testari
1695 3087 1943 3147 possimus.
1973 3082 2065 3132 Sed
2101 3083 2201 3134 Cfr.

89 3173 246 3210 tamen
263 3164 410 3225 dicet,
430 3165 1096 3216 thurificationemesseSacri-
1184 3165 1399 3234 Vasquez
1420 3205 1433 3228 ,
1465 3165 1535 3213 In
1558 3183 1611 3214 ιιι
1624 3175 1758 3232 part.
1785 3163 1841 3216 S.
1876 3167 1924 3214 T
1923 3166 2048 3215 hom.
2084 3169 2203 3231 disp.

89 3245 248 3293 ficium
276 3249 455 3310 proprie
484 3247 675 3295 dictum.
1037 3289 1040 3291 .
1192 3267 1322 3309 ccxx,
1358 3267 1456 3318 cap.
1491 3248 1540 3297 3.

158 3326 219 3390 (1)
257 3327 373 3375 Nam
393 3364 407 3386 ‚
435 3331 471 3374 si
506 3331 621 3376 ratio
648 3329 851 3377 formalis
879 3327 1105 3380 Sacrificii'
1252 3331 1317 3394 (2)
1357 3332 1479 3379 Ibid.
1514 3331 1631 3395 disp.
1667 3344 1809 3378 ccxxn
1830 3367 1845 3391 ‚
1877 3348 1981 3396 cap.
2023 3327 2075 3380 8.

89 3411 353 3457 consisteret
396 3411 446 3456 in
494 3411 749 3473 profitenda
797 3400 1143 3480 submissione÷
1251 3413 1315 3476 (3)
1355 3414 1485 3479 Disp.
1540 3431 1704 3477 ccxxx,
1757 3433 1859 3480 cap.
1906 3416 1951 3463 3.
2010 3414 2067 3462 In
2114 3415 2203 3461 hac

89 3489 186 3538 Deo
223 3491 377 3539 dehita
408 3502 452 3540 et
477 3492 608 3540 cultu
635 3492 777 3539 latriae
809 3485 1093 3554 exhibendo.
1159 3509 1167 3514 ”
1187 3495 1459 3546 definitione
1498 3497 1699 3546 habetur
1729 3499 1842 3546 ratio
1880 3496 2083 3546 formalis
2121 3494 2204 3544 Sa-

29 3627 32 3630 ,
92 3589 186 3619 non
207 3573 410 3621 differret
430 3610 442 3631 ‚
468 3576 627 3632 aiunt,
649 3576 761 3621 ratio
788 3575 992 3623 formalis
1012 3575 1098 3624 Sa·
1183 3580 1366 3627 crificii.

101 3652 256 3700 crificii
282 3654 341 3701 ab
366 3656 656 3713 adoratione,
676 3658 724 3702 in
753 3674 844 3722 qua
869 3657 1007 3705 iidem
1026 3675 1102 3705 ac·
1255 3661 1322 3723 (lo)
1361 3661 1482 3708 Ibid.
1523 3662 1641 3725 disp.
1689 3678 1797 3708 ccxx
1816 3697 1828 3719 ,
1877 3678 1981 3724 cap.
2040 3660 2069 3706 3
2092 3696 2105 3719 ,
2160 3668 2205 3707 et

98 3740 168 3778 tus
202 3751 302 3798 erga
331 3735 481 3784 Deum
517 3745 795 3785 exercentur
819 3773 836 3799 ‚
876 3755 928 3785 eo
959 3741 1104 3802 magis
1185 3742 1308 3806 disp.
1353 3759 1530 3803 ccxxu,
1557 3759 1656 3806 cap.
1691 3739 1741 3790 8.
