2502 4186
2066 180 2141 239 47

605 211 722 251 car.
767 210 848 251 1v.
897 211 967 247 nn
1009 207 1262 245 nArrlsnn
1307 178 1591 243 s'unmc'ro.

54 367 327 420 revocant
357 353 806 415 Manichaeorum
850 349 1055 432 placita
1086 393 1102 421 ,
1141 369 1269 428 quae
1304 347 1363 406 S.
1404 345 1752 425 Augustinus
1787 344 2013 423 jamdiu
2036 345 2145 405 dis-

45 459 296 531 jecerat,
326 448 644 531 praesertim
678 447 741 503 in
765 444 914 503 libro
941 444 1027 501 De
1055 443 1312 499 utilitate
1353 441 1636 498 credendi
1664 441 1775 517 (l).

139 546 275 604 109.
323 546 405 602 Ex
443 542 548 600 hac
590 537 842 619 generali
882 535 1270 595 controversia
1307 532 1591 615 profluxit
1633 533 1813 592 altera
1839 535 2097 616 partialis
2126 582 2142 611 ,

55 662 254 702 eorum
286 657 498 716 nempe
526 680 542 709 7
585 634 684 714 qui
717 629 1077 691 contendunt
1097 672 1112 701 .,
1151 627 1441 685 catholicis
1469 628 1660 708 pueris
1688 673 1702 702 ,
1736 650 1869 688 cum
1907 631 2146 689 rationis

54 733 333 796 beneficio
369 730 481 788 frui
514 728 798 808 coeperint
819 771 834 798 ,
863 722 1283 782 dubitationem
1327 743 1449 781 esse
1473 724 1928 803 permittendam
1965 726 2036 784 de
2061 747 2148 785 re-

53 827 273 907 ligionis
306 822 677 903 Ecclesiaeque
706 841 819 879 suae
842 818 1080 878 veritate
1103 861 1118 890 .‚
1150 837 1449 896 quousque
1471 861 1486 890 ,
1527 838 1592 877 re
1615 817 1767 877 bene
1793 832 2091 900 perspecta
2127 866 2144 895 ‚

54 923 141 980 cui
170 919 321 1001 parti
348 917 696 977 haerendum
728 917 833 979 sit,
873 910 1192 992 prudenter
1226 909 1568 970 deliberent.
1601 914 1788 985 Quam
1810 915 2148 994 opinionem

54 1017 199 1075 circa
249 1004 507 1072 medium
530 1057 546 1085 7
579 1022 643 1068 ut
685 1007 1011 1078 innuimuS‚
1051 1004 1225 1063 seculi
1261 1003 1440 1086 elapsi
1483 1010 1873 1088 propugnavit
1912 1010 2148 1089 Anony-

53 1131 219 1184 mus7
271 1108 419 1166 datis
458 1106 532 1165 ad
574 1099 946 1183 Anysii-Podii
989 1100 1333 1180 Episcopum
1371 1100 1595 1159 litteris,
1642 1101 1744 1161 Ille
1784 1103 1943 1162 enim
1981 1105 2149 1186 Epis-

54 1226 228 1285 copus
261 1204 322 1261 in
358 1222 564 1283 opere,
608 1195 763 1278 quod
790 1195 1061 1253 adversus
1100 1192 1428 1252 incredulos
1461 1194 1761 1270 ediderat,
1797 1195 1868 1256 de
1905 1197 2149 1258 rationis

53 1321 162 1357 usu
202 1310 259 1356 et
281 1302 411 1376 jure
442 1313 613 1372 agens
652 1291 714 1348 in
738 1289 1030 1368 religionis
1068 1289 1298 1367 negotio
1327 1334 1343 1360 ,
1375 1289 1802 1364 affirmaverat,
1845 1291 2012 1352 fateri
2041 1315 2148 1352 nos

56 1394 323 1473 quidem,
360 1409 463 1448 nos
493 1386 717 1444 ratione
749 1406 870 1442 non
911 1383 1406 1462 comprehendere
1442 1386 1597 1462 quid
1640 1384 1997 1446 credendum
2033 1389 2146 1466 sit,

54 1486 322 1566 mysteria
345 1481 556 1541 scilicet
591 1501 719 1560 quae
741 1477 976 1537 rationis
999 1479 1179 1535 aciem
1210 1476 1495 1547 excedunt
1513 1522 1528 1552 ‚
1562 1500 1667 1536 nos
1692 1491 1891 1538 tamen
1915 1483 1978 1540 in
2012 1505 2149 1543 exa-

54 1602 188 1638 men
206 1596 470 1637 revoeare
487 1595 674 1653 quare
699 1570 1055 1631 credendum
1079 1572 1154 1629 sit
1176 1616 1190 1642 ,
1217 1590 1323 1628 nec
1353 1582 1543 1629 actum
1570 1571 1703 1631 fidei
1728 1595 1894 1654 posse
1923 1578 2043 1634 Deo
2064 1599 2152 1636 ac-

54 1684 286 1754 ceptum
309 1691 430 1730 esse
451 1715 467 1743 ‚
488 1669 597 1727 nisi
622 1689 692 1727 ex
710 1667 985 1749 prudenti
1010 1666 1231 1725 motivo
1253 1665 1651 1726 credibilitatis
1671 1672 2014 1748 processerit
2037 1673 2147 1752 (2).

53 1769 140 1826 Sic
178 1767 308 1840 ille,
349 1777 416 1824 ut
456 1766 512 1823 J.
546 1766 603 1822 J.
644 1765 934 1821 Rousseau
962 1771 1021 1820 et
1059 1762 1256 1820 Freret
1289 1761 1668 1842 responderet
1708 1763 2109 1841 objicientibus
2133 1813 2149 1842 ‚

54 1884 85 1921 a
115 1861 419 1921 Catholicis
452 1880 688 1918 omnem
716 1857 955 1916 rationis
988 1878 1159 1914 usum
1194 1856 1459 1916 interdici
1489 1859 1551 1916 in
1582 1858 1869 1938 religionis
1896 1864 2146 1940 negotio.

137 1959 271 2016 110.
324 1958 536 2016 Verum
581 1956 919 2033 Anonymus
963 1952 1060 2012 ille
1096 1952 1492 2035 subsumpsit,
1539 1955 1863 2014 Catholicos
1911 1960 2153 2018 rationis

54 2075 223 2112 usum
262 2051 452 2113 verbis
496 2049 803 2123 extollere„
845 2047 1006 2107 factis
1048 2059 1106 2106 et
1144 2049 1309 2129 praxi
1343 2071 1572 2127 negare.
1628 2051 1857 2109 Etenim
1880 2096 1895 2125 ,
1945 2053 1992 2110 si
2032 2075 2154 2111 non

58 2158 248 2229 potest
274 2150 392 2206 Deo
420 2158 611 2226 gratus
644 2156 703 2204 et
736 2155 1001 2224 acceptus
1027 2163 1148 2201 esse
1168 2142 1302 2202 fidei
1324 2156 1482 2203 actus
1504 2190 1519 2219 ,
1549 2167 1724 2226 quem
1755 2168 1876 2205 non
1907 2169 2155 2228 praeces-

58 2242 198 2300 serit
225 2261 469 2300 examen
495 2240 849 2299 motivorum
876 2236 1307 2312 credibilitatis3
1341 2259 1474 2318 ergo
1499 2284 1515 2313 .,
1544 2240 1830 2299 inferebat
1847 2287 1862 2316 ‚
1893 2243 2151 2323 parvulis

126 2459 190 2519 (l)
225 2458 402 2505 Horum
438 2456 776 2504 incredulorum
798 2463 1061 2518 argumenta

57 2541 228 2606 profert.
266 2549 309 2588 et
353 2539 564 2603 expendit
609 2535 859 2601 Spedalieri
901 2538 951 2582 in
982 2551 1059 2597 op⁴

59 2625 132 2670 cui
155 2624 227 2669 tit.
251 2638 264 2669 ε
293 2619 495 2669 Analisi
508 2617 769 2666 dell’esame
793 2618 958 2665 critico
990 2614 1067 2662 del

59 2702 162 2767 Siq.
191 2701 307 2751 Nic.
327 2703 493 2749 Freret
521 2738 534 2760 ‚
558 2717 663 2765 cap.
688 2715 743 2747 12
762 2736 775 2760 ‚
802 2709 887 2747 art.
909 2716 946 2747 ι.
973 2699 1063 2746 Ea-

62 2783 168 2832 dem
190 2799 323 2848 porro
348 2783 482 2831 solvit
507 2792 591 2830 art.
625 2797 689 2830 vx.

119 2865 198 2925 (Ξ)
235 2864 345 2913 Haec
369 2874 523 2912 autem
561 2862 752 2926 intelligi
794 2860 965 2910 dehent
1009 2862 1065 2910 de

73 2945 127 2990 iis
146 2979 160 3002 ‚
189 2946 268 3009 qui
295 2961 350 2992 ex
367 2945 632 2993 infidelitate
647 2954 726 2993 aut
749 2944 1066 2992 incredulitate

71 3024 128 3072 ad
157 3041 309 3072 veram
329 3025 466 3073 fidem
490 3029 724 3091 pervenire
753 3028 960 3090 cupiunt.
984 3025 1066 3074 His

72 3107 197 3153 enim
230 3107 429 3168 permitti
450 3117 594 3170 potest
617 3144 630 3165 ‚
665 3110 760 3154 imo
786 3107 1066 3172 quandoque

72 3188 379 3234 necessarium
413 3197 510 3243 est,
554 3188 709 3237 saltem
747 3188 804 3238 de
833 3190 905 3237 via
940 3189 1065 3236 ordi·

71 3271 199 3314 naria
219 3304 230 3326 ‚
253 3285 444 3315 examen
462 3271 763 3317 extrinsecum
776 3307 790 3331 ‚
811 3279 864 3317 ut
878 3279 1064 3329 vocant,

74 3350 348 3395 motivorum
392 3347 722 3397 credibilitatis.
754 3349 871 3398 Nam
913 3351 1067 3416 quoad

73 3445 149 3476 eos
169 3466 182 3488 ‚
218 3432 296 3494 qui
324 3433 373 3478 in
399 3448 547 3477 errore
575 3441 808 3479 versantur
823 3467 838 3491 ‚
871 3432 1066 3481 dubium

76 3520 139 3557 est
181 3511 319 3558 veluti
359 3514 530 3576 primus
562 3511 725 3575 gradus
743 3548 757 3571 ‚
782 3522 835 3559 ut
861 3512 970 3561 alias
993 3516 1066 3562 in-

74 3593 260 3640 nuimus
284 3630 298 3652 ‚
326 3594 381 3641 ad
419 3595 686 3655 veritatem3
713 3593 799 3640 hoc
825 3609 956 3656 porro
982 3594 1069 3643 du-

71 3668 201 3721 bium
225 3676 545 3739 ipsi'excutere
575 3674 745 3724 debent
771 3692 851 3740 per
875 3691 1068 3726 examen

1141 2455 1420 2502 motivorum
1441 2456 1781 2518 credibilitatis‚
1818 2460 1990 2524 quibus
2019 2461 2154 2510 fulci-

1141 2545 1215 2581 tur·
1242 2553 1346 2583 vera
1372 2537 1529 2600 religio
1547 2574 1559 2595 ‚
1588 2548 1729 2604 atque
1757 2542 1806 2587 in
1828 2540 1916 2588 hoc
1944 2545 2156 2591 examine

1141 2618 1422 2665 instituendo
1462 2629 1609 2682 partes
1645 2638 1746 2667 suas
1775 2624 1914 2668 exerit
1941 2622 2149 2671 humana

1140 2701 1273 2746 ratio.
1306 2697 1428 2747 Hinc
1444 2702 1645 2763 apposite
1667 2699 1717 2752 S.
1749 2700 1978 2762 Thomaei,
2000 2719 2027 2750 2
2053 2740 2066 2761 ‚
2104 2718 2152 2763 2,

1142 2797 1192 2845 q.
1233 2797 1251 2827 1
1279 2817 1292 2841 ‚
1322 2796 1365 2827 a.
1397 2778 1449 2843 4.
1482 2781 1539 2828 ad
1571 2796 1598 2827 2
1634 2798 1649 2829 ε
1678 2779 1762 2828 Εα
1786 2819 1798 2841 ,
1823 2799 1930 2847 quoe
1956 2784 2159 2832 subsunt

1138 2860 1286 2924 fidei,
1323 2863 1509 2927 inquit,
1557 2861 1813 2928 dupliciter
1855 2864 2161 2914 considerari

1136 2951 1340 3007 possunt
1369 2959 1384 2990 ε
1427 2959 1526 2990 uno
1556 2944 1691 2992 modo
1733 2945 1789 2992 in
1829 2946 2030 3011 speciali
2048 2971 2070 3003 ,·
2114 2955 2161 2995 et

1143 3025 1215 3070 sic
1248 3039 1347 3071 non
1382 3032 1588 3089 possunt
1632 3041 1728 3072 esse
1776 3026 1927 3073 simul
1969 3029 2075 3075 visa
2115 3035 2161 3075 et

1143 3105 1322 3154 credita
1341 3126 1360 3162 ;
1390 3106 1486 3154 alio
1519 3106 1655 3154 modo
1683 3109 1738 3154 in
1770 3107 1985 3172 qenerali
2010 3145 2024 3167 ‚
2065 3111 2161 3157 sci-

1144 3187 1252 3235 licet
1285 3187 1373 3235 sub
1406 3189 1650 3236 communi
1682 3190 1867 3236 ratione
1893 3190 2154 3252 credibilis,

1144 3277 1190 3316 et
1217 3270 1287 3316 eie
1320 3277 1435 3316 sunt
1484 3272 1590 3316 visa
1621 3270 1682 3317 ab
1726 3286 1812 3328 eo,
1858 3273 1944 3335 qui
1986 3272 2155 3321 credit.

1145 3349 1261 3398 Non
1296 3351 1423 3398 enim
1462 3350 1667 3399 crederet
1688 3387 1702 3410 ,
1745 3352 1849 3398 nisi
1888 3353 2068 3400 videret
2103 3369 2160 3401 ea

1144 3448 1241 3479 esse
1268 3431 1502 3481 credenda
1524 3469 1536 3490 ‚
1564 3449 1646 3481 vn,
1669 3449 1858 3480 raon-rsa
1893 3449 2158 3482 tvmmmnt

1147 3530 1360 3561 sienontm
1382 3551 1396 3574 ‚
1448 3531 1529 3563 vn.
1563 3530 1749 3562 reomau
1788 3531 1964 3570 suomi>
2000 3529 2159 3561 ansus-

1145 3611 1264 3642 nom.
1289 3594 1416 3660 Saepe
1444 3605 1596 3643 tamen
1620 3632 1634 3654 ,
1656 3601 1707 3643 ut
1742 3595 1947 3644 dicemus
1968 3631 1981 3654 ,
2009 3612 2159 3661 neque

1143 3678 1235 3727 hoc
1263 3680 1473 3728 examine
1495 3693 1610 3743 opus
1627 3687 1712 3727 est.
