2502 4186
743 257 868 294 eff.
911 254 992 294 iv.
1038 254 1106 290 ιιιι
1148 249 1586 291 sArisrAcrionz.
2100 229 2217 291 447

107 397 533 459 absolutionem
568 408 628 456 et
659 394 1074 455 Eucharistiam
1095 393 1351 451 instante
1381 392 1783 474 persecutione
1818 403 1947 451 tum
1964 393 2043 452 ‘iis
2065 438 2082 468 .‚
2118 394 2220 481 qui

110 495 174 552 in
200 493 424 553 deserta
450 489 780 570 fugiebant,
811 500 940 549 tum
971 489 1038 546 iis
1061 486 1315 567 denique
1342 486 1614 546 omnibus
1633 486 2067 549 concedendam
2096 510 2220 550 esse

93 609 346 669 pacem,
377 587 475 668 qui
504 606 638 669 vere
673 584 909 643 contriti
948 579 1468 654 existimabantur,
1499 581 1759 663 adeoque
1796 582 2058 642 nondum
2090 605 2221 666 per—

108 683 333 757 soluta,
390 680 486 743 vel
529 667 704 740 etiam
746 678 1011 737 nondum
1051 677 1306 757 incoepta
1363 676 1760 736 Satisfactione
1814 678 1924 757 (1).
1979 680 2221 738 Constat

110 789 429 860 praeterea
454 796 487 833 a
510 773 671 833 mille
706 773 931 832 circiter
960 782 1019 831 et
1048 781 1380 830 tercentum
1409 772 1577 829 annis
1599 770 1909 835 Ecclesiam
1937 794 2181 852 graecam
2201 818 2218 848 .‚

106 885 173 932 et
194 870 499 930 duodecim
533 868 605 928 ad
635 869 830 927 minus
861 865 1061 927 seculis
1087 864 1395 924 Ecclesiam
1424 865 1686 925 latinam
1684 859 2059 927 consuevisse
2084 879 2221 928 ante

112 965 461 1048 completam
501 963 962 1024 Satisfactionem
1007 962 1333 1038 injunctam
1372 960 1798 1042 poenitentibus
1840 975 2223 1023 sacramenta-

111 1061 230 1120 lem
271 1060 695 1120 absolutionem
734 1057 1058 1139 impertiri,
1096 1075 1308 1136 eosque
1350 1054 1424 1114 ad
1453 1076 1675 1114 sacram
1712 1057 1957 1136 synaxin
2001 1057 2223 1117 admit-

110 1168 236 1216 tere
262 1157 372 1236 (2).
393 1155 532 1229 Quis
562 1175 738 1236 porro
767 1152 876 1211 nisi
894 1151 1160 1210 haeretico
1180 1150 1388 1231 spiritu
1416 1149 1621 1210 ductus
1647 1147 1860 1210 audeat
1887 1151 2178 1212 affirmare
2200 1197 2217 1227 ‚

112 1252 420 1312 Ecclesiam
467 1261 632 1323 tanto
679 1246 1008 1308 seculorum
1066 1245 1311 1306 decursu
1357 1244 1389 1304 a
1437 1256 1596 1307 recto
1609 1259 1626 1291 ’ὃ
1655 1246 1916 1308 veritatis
1985 1248 2222 1308 tramite

110 1347 447 1407 aberrasse?
1584 1358 1586 1361 ’

192 1442 333 1502 205.
378 1441 528 1501 Hinc
547 1485 564 1519 ,
586 1461 719 1500 cum
741 1441 949 1499 Petrus
970 1436 1043 1498 de
1068 1439 1244 1497 Osma
1275 1428 1562 1499 docuisset
1593 1433 1606 1496 :'
1643 1438 1786 1498 Non
1810 1450 2063 1519 peracta
2086 1462 2223 1520 ρω-

113 1541 373 1595 nitentia
397 1538 726 1615 confitentes
751 1535 972 1617 absolvi
995 1554 1113 1592 non
1143 1533 1351 1593 dehere
1366 1577 1382 1599 ,
1407 1555 1440 1591 a
1476 1533 1636 1593 Sixto
1660 1533 1734 1593 IV
1761 1533 1925 1595 velut
1953 1535 2224 1596 haeretica

113 1636 234 1710 ejus
256 1631 521 1690 doctrina
543 1630 865 1713 proscripta
889 1639 977 1688 est
998 1627 1118 1709 (3);
1158 1639 1222 1688 et·
1250 1626 1579 1717 Alexander
1602 1629 1731 1686 VIII
1759 1627 2065 1690 damnavit
2092 1653 2224 1711 pro-

111 1726 461 1809 positionem
486 1769 504 1801 ,
543 1747 673 1806 quae
717 1734 806 1784 est
844 1745 908 1782 n.
952 1724 1081 1781 XVI
1133 1744 1148 1780 ι
1189 1723 1482 1781 Ordinem
1512 1725 1934 1801 proemittendi
1971 1726 2225 1805 Satisfa-

106 1827 364 1881 ctionem
385 1822 760 1879 absolutioni
784 1819 1039 1876 induxit
1056 1837 1178 1876 non
1191 1819 1415 1897 politia
1438 1827 1551 1875 aut
1579 1813 1881 1877 institutio
1903 1819 2186 1879 Ecclesioe
2198 1865 2223 1894 ,

106 1918 210 1977 sed
227 1922 363 1996 ipsa
404 1915 632 1976 Christi
662 1917 755 1973 lea·
784 1924 841 1973 et
863 1916 1284 1993 praescriptio
1323 1923 1550 1972 natura
1580 1918 1675 1971 rei
1696 1915 1778 1972 id
1790 1916 2223 2009 quodammodo

103 2016 369 2074 dictante
393 2013 501 2095 (4).
530 2014 677 2072 Cum
708 2033 847 2074 vero
872 2009 1217 2084 Quesnellus
1242 2008 1508 2068 eamdem
1535 1999 1864 2069 doctrinam
1888 2025 2226 2073 renovasset

112 2132 281 2191 prop.
326 2108 679 2167 Lxxxvzll
715 2107 933 2167 Modus
954 2107 1177 2186 plenus
1217 2109 1549 2185 sapientia,
1588 2107 1819 2165 lumine
1848 2119 1904 2166 et
1933 2110 2226 2168 charitate

109 2216 196 2265 est
217 2206 366 2265 dare
388 2205 721 2263 animabus
746 2214 975 2282 tempus
1003 2203 1302 2282 portandi
1323 2222 1460 2260 eum
1485 2204 1825 2263 humili-tate
1852 2215 1908 2262 et
1933 2207 2230 2264 sentiendi

112 2312 336 2361 statum
379 2304 618 2381 peccati
634 2342 656 2370 ,
691 2299 941 2378 petendi
982 2302 1273 2378 spiritum
1311 2301 1685 2377 poenitentioe
1727 2299 1782 2358 et
1813 2303 2225 2372 contritionis,

114 2408 173 2456 et
200 2397 546 2476 incipiendi
565 2390 653 2454 ad
678 2397 889 2453 minus
917 2397 1265 2473 satisfacere
1288 2398 1553 2472 justitiae
1581 2396 1701 2454 Dei
1717 2440 1733 2469 7
1768 2406 2093 2476 antequam
2131 2418 2227 2455 re-

114 2494 554 2566 concilientur,
603 2489 871 2550 Clemens
906 2491 984 2547 Xl
1021 2510 1151 2548 eam
1180 2487 1372 2548 denuo
1405 2490 1641 2548 confixit
1681 2490 1792 2571 (5).

196 2586 338 2646 206.
389 2588 601 2646 Mirum
632 2596 765 2667 post
787 2584 909 2645 haec
936 2584 1123 2646 videri
1147 2595 1373 2667 potest,
1402 2584 1695 2667 quomodo
1717 2586 2227 2669 pseudo-synodus

183 2749 244 2812 (l)
282 2748 381 2797 Cfr.
409 2749 618 2798 Morinos
635 2767 712 2815 op.
728 2750 808 2797 cit.
839 2748 924 2797 lib.
952 2765 1001 2810 x;
1017 2747 1124 2797 Nat.
1212 2749 1378 2796 aionis
1408 2747 1643 2798 Ecclesiis
1689 2759 1923 2818 receptam
1969 2760 2229 2818 quantum·

117 2831 251 2881 Alex.
287 2831 396 2880 diss.
429 2847 480 2879 rx
503 2833 554 2879 in
581 2831 727 2880 secul.
759 2847 843 2891 m,
874 2847 1005 2896 prop.
1035 2847 1070 2878 11
1083 2840 1129 2878 et
1213 2847 1416 2898 eumque
1447 2831 1754 2882 diuturnam.

117 2930 249 2977 seqq.
1287 2912 1352 2976 (3)
1406 2912 1461 2960 In
1507 2913 1713 2964 Constit.
1758 2915 1863 2963 data
1901 2932 2024 2963 anno
2067 2914 2223 2982 1479,

188 2993 253 3057 (2)
293 2993 391 3041 Cfr.
428 2991 583 3041 Petav.
618 2991 689 3042 De
726 2989 903 3041 Poenit.
942 2993 1029 3042 lib.
1059 3010 1126 3053 11,
1214 2995 1341 3059 apud
1390 2994 1539 3045 Hard.
1599 2996 1726 3044 Acta
1773 2996 1923 3046 Cone.
1968 3006 2083 3045 tom.
2129 3002 2179 3044 ix
2213 3032 2228 3055 ‚

119 3090 224 3139 cap.
253 3090 329 3134 10,
348 3072 403 3140 §§
447 3089 540 3132 ιι,
580 3075 636 3123 13
670 3084 714 3123 et
742 3072 819 3138 ι4.
849 3074 950 3125 cfr.
991 3076 1130 3123 etiam
1214 3076 1307 3125 col.
1343 3073 1487 3143 1499.

124 3156 366 3214 Morinos,
391 3153 462 3204 De
491 3154 682 3204 Poenit.
713 3155 799 3205 lib.
821 3169 1023 3222 vucap.
1050 3154 1130 3220 24.
1286 3158 1350 3222 (k)
1391 3157 1447 3205 In
1477 3175 1616 3224 quam
1663 3175 1845 3224 propos.
1889 3169 1933 3208 et
1975 3177 2106 3226 seqq.
2140 3177 2233 3208 xvn

122 3236 244 3285 Cum
273 3234 464 3303 quidam
505 3236 734 3297 Brachet,
766 3239 817 3285 in
856 3237 939 3285 lib.
971 3235 1134 3286 Verus
1216 3250 1262 3288 et
1297 3257 1406 3288 xvm
1422 3274 1440 3301 ‚
1466 3240 1637 3305 quibus
1667 3241 1792 3290 idem
1820 3259 1946 3290 error
1960 3242 2232 3302 adstruitur,

113 3318 353 3386 pacificus
373 3354 387 3378 ‚
435 3319 652 3382 carpisset
697 3318 969 3367 hodiernam
1013 3319 1136 3368 hanc
1215 3320 1302 3372 cfr.
1329 3321 1447 3370 Viva
1477 3339 1555 3387 op.
1590 3324 1667 3371 cit.
1691 3321 1944 3372 Damnatae
1978 3323 2146 3373 theses.

124 3400 434 3464 disciplinam,
467 3398 675 3447 Facultas
701 3398 952 3448 Sorbonica
977 3400 1134 3450 adver·
1286 3403 1350 3468 (ὅ)
1382 3403 1480 3454 Cfr.
1516 3403 1722 3453 Fontana
1749 3444 1767 3466 ‚
1822 3405 1986 3454 Const.
2028 3421 2234 3452 muamu-

126 3499 200 3529 sus
231 3480 367 3529 illum
404 3479 578 3528 librum
595 3481 692 3528 -hoc
729 3481 873 3530 edidit
898 3481 1133 3531 decretum
1218 3502 1295 3534 rus
1334 3485 1584 3552 theoloqiee
1607 3493 1918 3553 propuqnata
1952 3523 1964 3542 ‚
1999 3496 2112 3534 tom.
2165 3501 2236 3546 ιιι,

128 3579 252 3610 anno
287 3558 415 3625 1644
450 3578 463 3608 τ
505 3561 839 3610 Temerarium
872 3571 975 3624 est,
1014 3580 1135 3612 erro·
1218 3569 1268 3615 in
1314 3568 1436 3617 hanc
1468 3586 1652 3635 propos·
1702 3586 1804 3634 cap.
1835 3566 1865 3616 5
1903 3577 1949 3616 et
1990 3584 2121 3632 seqq.
2155 3565 2239 3615 ubi

127 3659 271 3691 neum
294 3651 338 3691 et
357 3642 634 3692 hoeretioum
650 3643 882 3694 damnare
909 3644 1133 3712 discipli-
1218 3652 1399 3715 copiose
1433 3667 1488 3699 ac
1525 3653 1643 3700 scitu
1672 3651 1944 3713 dignissima
1969 3647 2129 3696 scribit
2152 3647 2236 3696 ad-

129 3740 246 3774 stans
288 3725 350 3775 ab
395 3726 618 3775 omnibus
649 3725 891 3778 catholiea·
922 3744 1135 3778 commu·
1221 3748 1376 3782 versus
1404 3732 1528 3782 hanc
1551 3732 1918 3782 Janse'nistarum
1949 3730 2137 3780 thesim.
