2502 4186
263 262 343 322 24
807 329 817 340 x
934 275 1250 317 rnAc'rA'rUS
1294 274 1362 310 mi
1403 272 1691 314 Bar-msam.

254 421 476 483 <Gelasii
526 419 600 481 ad
646 419 953 502 Episcopos
988 415 1254 476 Lucaniae
1299 413 1715 498 depromptum
1757 427 1862 476 est.
1909 418 2114 478 isthaec
2160 427 2356 479 autem

269 517 576 579 necessitas
605 510 1002 574 aestimabatur
1031 532 1102 570 ex
1135 511 1569 592 opportunitate
1606 510 1882 592 baptismi
1927 514 2260 573 conferendi
2298 526 2357 574 et

265 611 527 671 absentia
555 607 818 689 Episcopi
851 605 945 667 vel
976 605 1293 665 Sacerdotis
1310 650 1326 682 7
1354 600 1513 664 ut'ex
1539 605 1790 664 Concilio
1825 604 2177 664 illiberitano
2204 607 2360 672 colli-

265 706 420 787 gitur
448 705 558 784 (l).
603 706 728 761 Imo
762 712 989 762 constat
1016 747 1033 776 7
1075 702 1138 759 in
1175 699 1417 760 Ecclesia
1459 701 1717 758 Romana
1751 701 1812 758 in
1847 702 2133 760 Paschatis
2170 701 2362 781 pervi-

262 799 396 880 gilio
424 798 690 857 Diaconis
723 797 1043 877 antiquitus
1073 795 1372 854 indultum
1411 794 1581 852 fuisse
1611 793 1939 876 baptizare,
1983 807 2222 877 propter
2269 796 2364 853 in-

260 904 496 974 gentem
526 914 728 953 eorum
756 890 1226 963 multitudinem,
1253 890 1352 971 qui
1375 889 1449 947 ad
1472 889 1832 977 baptismum
1862 890 2210 950 accedebant
2239 891 2358 970 (2)3

265 988 425 1071 quod
468 988 686 1070 pariter
734 987 948 1069 passim
996 985 1355 1067 praestabant
1403 984 1466 1042 in
1508 984 1791 1042 Diaconiis
1816 1029 1832 1057 7
1882 985 1943 1042 in
1996 985 2204 1066 quibus
2253 986 2364 1067 ipsi

263 1081 501 1165 plebem
527 1080 806 1162 regebant
831 1127 847 1157 7
883 1092 948 1139 ut
979 1080 1163 1162 liquet
1193 1101 1264 1139 ex
1294 1079 1389 1137 cit.
1431 1078 1682 1137 Concilio
1716 1078 2091 1138 Illiberitano.
2128 1082 2248 1140 Hac
2270 1103 2366 1140 ra·-

271 1178 432 1237 tione
467 1177 802 1259 exponitur,
831 1174 990 1257 quod
1013 1176 1074 1233 in
1106 1175 1494 1234 Diaconorum
1530 1173 1893 1232 ordinatione
1922 1173 2129 1233 dicitur
2157 1198 2170 1232 ε
2207 1178 2367 1235 Βία-

266 1293 485 1332 conum
523 1281 744 1350 oportet¹
775 1275 1126 1328 ministrare
1170 1270 1255 1328 ad
1293 1271 1519 1342 altare7
1563 1269 1871 1347 baptizare
1913 1279 1970 1327 et
1993 1271 2357 1347 praedicare.

269 1368 409 1439 Quae
433 1364 610 1426 verba
637 1353 1226 1444 significant'quide‘m
1249 1408 1265 1437 7
1302 1363 1582 1422 Diaconos
1614 1365 1672 1423 vi
1704 1364 1955 1444 propriae
1984 1364 2362 1422 ordinationis

271 1459 510 1520 idoneos
549 1458 728 1533 effici,
774 1468 841 1516 ut
877 1458 952 1517 ad
988 1457 1422 1538 praedicandum
1465 1478 1528 1516 ac
1559 1456 1975 1539 baptizandum
2014 1459 2229 1517 assumi
2271 1480 2373 1517 seu

274 1553 540 1636 deputari
563 1553 819 1636 possint3
851 1553 953 1614 sed
976 1575 1099 1612 non
1121 1551 1438 1613 excludunt
1466 1553 1808 1611 mandatum
1829 1564 1888 1612 et
1917 1553 2337 1632 delegationem
2353 1598 2369 1628 7

276 1659 454 1731 prout
481 1659 745 1707 autumat
771 1648 1046 1708 Cellotius
1069 1648 1156 1728 (3)
1176 1693 1191 1722 7
1220 1646 1578 1706 contendens
1605 1647 1742 1706 inde
1768 1693 1783 1722 7
1821 1648 2081 1706 Diaconis
2101 1653 2195 1725 jus
2223 1669 2375 1707 com-

281 1755 482 1826 petere
508 1743 844 1818 conferendi
867 1744 1223 1824 Baptismum
1251 1764 1322 1802 eoe
1344 1744 1547 1821 officio.
1572 1742 1611 1800 A
1619 1744 1846 1823 pposite
1868 1743 2121 1802 ostendit
2153 1745 2207 1800 S.
2226 1743 2373 1800 Tho-

277 1859 404 1897 mas
423 1883 439 1915 7
459 1839 740 1898 Diaconos
765 1840 999 1920 praecise
1021 1839 1315 1896 institutos
1343 1858 1499 1909 esse,
1522 1848 1590 1894 ut
1612 1842 2022 1896 ministerium
2047 1838 2376 1896 adhibeant

283 1937 426 1991 aliis
458 1935 793 2012 majoribus
822 1932 1190 2014 (ordinibus)
1218 1937 1287 1990 in
1322 1934 1850 1991 Sacramentorum
1881 1934 2240 1990 eoebz'bz'tione
2264 1931 2374 2012 (4).

356 2027 455 2086 58.
504 2030 650 2087 Cum
703 2028 849 2086 circa
897 2027 1046 2086 hanc
1083 2027 1539 2108 propositionem
1586 2026 1746 2085 nulla
1768 2072 1784 2101 7
1834 2037 1900 2085 ut
1955 2027 2204 2085 diximus
2233 2071 2248 2100 7
2302 2027 2377 2084 sit

273 2120 442 2180 nobis
472 2143 602 2180 cum
637 2121 1098 2181 Protestantibus
1130 2123 1519 2182 controversia
1539 2171 1554 2200 7
1593 2143 1657 2180 ac
1679 2167 1695 2197 7
1738 2123 1785 2180 si
1811 2144 1940 2203 quae
1971 2123 2231 2180 oriantur
2259 2121 2378 2178 dif-

275 2215 560 2275 ficultates
587 2217 648 2275 in
666 2215 1065 2276 conciliatione
1089 2228 1356 2278 veterum
1383 2227 1900 2276 monumentorum
1922 2262 1938 2290 7
1970 2226 2378 2300 praeoccupatae

274 2314 397 2389 jam
430 2311 646 2371 fuerint
667 2356 682 2387 7
717 2321 1212 2394 supervacaneum
1243 2311 1506 2370 ducimus
1536 2332 1629 2369 eas
1664 2331 2010 2393 proponere.

347 2545 430 2611 (1)·
450 2545 568 2595 Can.
595 2563 683 2594 Lxx
698 2579 714 2607 ,
748 2548 831 2612 qui
862 2549 925 2595 ita
950 2564 995 2595 se
1026 2546 1166 2594 habet
1191 2542 1290 2618 :Si
1369 2545 1549 2592 sionem
1581 2549 1884 2609 peccatorum
1912 2539 1928 2604 (
1958 2557 2038 2605 per
2066 2539 2379 2606 Baptismum)

279 2630 389 2693 quis
415 2626 673 2676 Diaconus
722 2644 888 2692 reqens
927 2628 1111 2694 plebem
1131 2665 1147 2689 7
1185 2630 1290 2676 sine
1369 2634 1413 2672 et
1438 2624 1767 2672 ministerium
1804 2621 2000 2687 implere
2016 2631 2375 2684 consueverunt,

278 2707 530 2774 Episcopo
560 2707 634 2754 vel
649 2707 928 2771 Presbytero
948 2745 960 2767 7
980 2709 1162 2772 aliquos
1176 2709 1290 2774 bap·
1369 2708 1515 2753 etiam
1547 2712 1781 2771 praesente
1820 2703 2062 2770 Episcopo
2099 2705 2157 2750 in
2198 2703 2378 2767 fontem

232 2829 235 2833 .
283 2791 539 2848 tizaverit7
571 2787 844 2854 Episcopus
871 2806 945 2836 eos
976 2807 1067 2855 per
1087 2790 1287 2850 benedi·
1368 2803 1548 2852 quoque
1578 2785 2008 2851 ipsi‘descendunt.

282 2872 485 2918 ctionem
492 2870 718 2935 perficere
740 2869 940 2918 debebit.
971 2870 1024 2918 ln
1053 2889 1191 2936 quem
1209 2888 1287 2919 ca·
1438 2868 1501 2931 (3)
1542 2867 1619 2915 De
1651 2867 1946 2915 Hierarchia
1973 2874 2017 2914 et
2045 2864 2336 2915 Hierarchis
2364 2903 2377 2927 7

287 2968 459 2999 nonem
505 2952 592 3000 cfr.
637 2950 951 3015 Albaspinaeus
985 2962 1030 3000 et
1063 2951 1201 3001 Card.
1233 2953 1290 3001 de
1371 2950 1455 2998 lib.
1480 2967 1526 2997 vr
1549 2987 1561 3010 7
1597 2967 1698 3014 cap.
1730 2950 1806 2999 13.

285 3031 476 3096 Aguirre
494 3068 507 3091 ,
538 3043 654 3080 tom.
674 3050 712 3091 1,
737 3031 1038 3081 Collectiom's
1065 3035 1290 3080 maximae
1414 3043 1417 3046 ’
1441 3031 1507 3094 (h)
1546 3031 1665 3080 Part.
1685 3046 1737 3079 111
1761 3067 1773 3089 ‚
1798 3049 1845 3096 q.
1872 3028 1935 3096 67
1955 3066 1971 3092 7
1997 3040 2080 3078 art.
2109 3046 2152 3078 ι.
2184 3029 2303 3079 Sane
2331 3033 2382 3077 in

288 3111 613 3161 Conciliorum
643 3115 856 3162 omnium
877 3114 1155 3179 Hispanioe.
1348 3117 1451 3162 cit.
1479 3116 1612 3178 epist.
1642 3109 1690 3161 S.
1720 3112 1869 3160 siricii
1893 3123 1992 3176 post
2028 3113 2222 3159 adducta
2244 3111 2381 3160 verba

353 3193 420 3255 (2)
459 3194 515 3241 Id
548 3204 671 3259 patet
692 3213 743 3244 ex
768 3194 932 3261 Epist.
957 3214 1003 3255 x,
1027 3191 1211 3245 vSiricii
1231 3193 1295 3242 ad
1372 3197 1519 3260 pergit
1535 3194 1583 3243 S.
1602 3194 1809 3242 Pontifex
1829 3211 1842 3242 ε
1862 3193 2104 3242 Diaconis
2118 3210 2224 3240 vero
2242 3190 2380 3239 nulla

287 3273 461 3339 Episc.
492 3275 623 3325 Gall.
655 3293 754 3341 cap.
783 3294 861 3338 iv,
894 3294 944 3324 n.
970 3292 1063 3338 ¹03
1090 3276 1171 3323 ubi
1200 3276 1296 3323 haec
1375 3275 1570 3324 licentia
1616 3275 1907 3341 (baptizandi
1933 3274 1947 3338 )
1996 3275 2245 3323 invenitur
2286 3288 2383 3319 esse

285 3354 503 3419 leguntur
540 3373 554 3405 ε
588 3357 795 3406 Paschae
831 3365 1033 3422 tempore
1049 3352 1299 3420 Presbyter
1376 3373 1609 3406 concessa.

292 3444 342 3485 et
360 3434 608 3488 Diaconiis
633 3456 727 3507 per
744 3440 986 3508 paraecias
1003 3437 1116 3486 dare
1129 3438 1297 3486 remis-
