2502 4186
693 197 813 234 car.
864 197 926 233 11.
972 197 1039 232 mi
1082 196 1245 234 MISSA
1289 195 1551 234 rnlvA'rA.
2074 174 2190 234 311

87 341 289 401 munio
307 338 616 421 spiritualis
642 361 931 421 nusquam
957 350 1241 421 praecepta
1258 338 1384 418 (l);
1411 337 1664 419 alioquin
1687 359 1918 421 semper
1939 339 2194 400 dubitari

84 445 279 517 posset
313 433 385 494 de
427 433 624 494 valore
669 435 970 508 Sacrfficii,
1019 452 1150 492 cum
1194 432 1508 513 spiritualis
1551 433 1834 509 ejusmodi
1861 436 2196 495 communio

84 530 326 589 interior
366 529 475 602 sit,
515 545 624 587 nec
661 528 776 587 ulla
817 528 1043 588 ratione
1083 526 1346 587 sensibus
1384 526 1741 605 subjiciatur.

900 677 1383 723 DIFFICULTATES.

167 806 308 865 324.
353 803 487 883 Obj.
513 807 573 864 1ο
592 805 833 866 Nullum
853 852 871 881 .‚
890 806 1163 888 inquiunt
1182 850 1198 880 .,
1231 816 1318 865 est
1342 816 1754 886 argumentum
1779 806 2200 890 depromptum

85 921 155 960 ex
188 899 552 960 invaliditate
581 901 880 976 Sacrificii‚
919 902 983 959 in
1009 918 1125 982 quo
1154 921 1332 960 nemo
1367 901 1442 959 sit
1471 902 1572 982 qui
1596 904 2019 980 communicet,
2061 925 2195 964 cum

83 996 414 1054 communio
452 995 652 1077 populi
699 1006 838 1054 tunc
873 1016 905 1053 a
945 993 1253 1055 Sacerdote
1283 995 1646 1078 suppleatur.
1685 997 1755 1054 2⁰
1793 997 2014 1057 Fideles
2043 1020 2199 1080 prae-

82 1099 238 1148 terea
258 1095 353 1168 jus
386 1090 607 1158 habent
630 1089 704 1150 ad
722 1093 1107 1150 Sacramenta
1136 1112 1168 1149 a
1200 1091 1432 1150 Christo
1460 1113 1568 1173 pro
1600 1092 1861 1173 ipsorum
1887 1093 2073 1154 salute
2102 1096 2198 1153 in·-

82 1184 306 1243 stituta.
372 1185 437 1243 30
487 1187 723 1245 Certum
778 1196 902 1260 est,
962 1206 1130 1262 eum,
1190 1186 1291 1267 qui
1330 1187 1391 1244 in
1433 1187 1607 1246 Missa
1638 1189 2032 1248 communicat
2057 1234 2073 1262 .‚
2107 1190 2198 1248 cui

80 1279 342 1338 interfuit
361 1325 376 1354 .,
397 1279 659 1339 obtinere
683 1279 955 1339 effectum
975 1283 1304 1340 orationum
1328 1327 1344 1356 ,
1371 1303 1502 1363 quae
1528 1304 1558 1341 a
1587 1282 1894 1352 Sacerdote
1910 1305 2018 1365 pro
2041 1303 2198 1344 com·-

79 1375 512 1434 municantibus
543 1374 871 1435 funduntur
889 1420 905 1451 ,
945 1375 1192 1458 ideoque
1222 1377 1405 1456 magis
1429 1379 1751 1459 proficuam
1780 1400 1904 1439 esse
1939 1400 2197 1440 commu-

78 1470 315 1530 nionem
367 1472 427 1529 in
472 1471 643 1530 Missa·
701 1492 877 1553 quam
930 1482 1093 1531 extra
1123 1473 1350 1553 ipsam.
1405 1472 1474 1530 4⁰
1515 1474 1817 1532 Dominica
1864 1475 2156 1535 institutio
2175 1523 2197 1552 7

78 1562 320 1646 liturgiae
339 1611 355 1641 ,
394 1566 651 1625 Ecclesiae
677 1568 871 1647 praxis
891 1611 906 1640 ,
941 1568 1149 1627 veteris
1180 1566 1442 1626 Ecclesiae
1475 1566 1816 1649 disciplina,
1855 1569 2106 1630 collectae
2130 1593 2195 1630 ac

79 1681 278 1742 preces
308 1705 324 1734 ,
354 1681 481 1741 quae
519 1661 580 1718 in
609 1662 780 1720 Missa
812 1662 1130 1721 recitantur
1148 1706 1164 1735 ‚
1209 1663 1683 1722 communionem
1705 1663 2033 1743 liturgicam
2057 1687 2191 1725 sua-

78 1756 241 1815 dent.
276 1757 440 1834 Ergo·

158 1851 297 1910 325.
348 1853 520 1933 Resp.
574 1851 661 1911 Ad
705 1853 818 1925 lm,
848 1852 1015 1932 ξΝιῆᾳ.
1062 1852 1292 1911 Etenim
1311 1897 1330 1926 n
1356 1853 1403 1911 si
1427 1854 1761 1913 communio
1794 1855 2035 1936 populi,
2067 1858 2197 1917 sive·

74 1944 242 2005 realis
287 1946 408 2006 sive
442 1946 755 2027 spiritualis
774 1980 807 2022 ,ψ
830 1947 904 2005 ad
936 1947 1246 2006 essentiam
1285 1949 1552 2007 Sacrificii
1595 1950 1852 2029 pertinet
1872 1995 1888 2025 ,
1929 1950 2192 2032 suppleri

75 2062 108 2099 a
134 2040 692 2121 Sacerdotenequit.
712 2043 794 2103 ,In
812 2041 920 2101 hac
938 2054 1216 2123 praeterea
1239 2042 1703 2103 adversariorum
1730 2045 2039 2126 hypothesi
2058 2047 2184 2105 fru-

71 2146 190 2193 stra
218 2147 686 2216 propugnaretur
705 2137 1013 2196 necessitas
1035 2139 1458 2197 communionis
1486 2139 1765 2220 liturgicae
1785 2166 1801 2214 ς
1821 2141 1966 2200 dum
1994 2142 2195 2224 itaque

71 2229 197 2314 haec
220 2229 387 2290 nobis
411 2243 741 2313 opponunt,
770 2234 987 2314 seipsos
1008 2233 1368 2294 confodiunt.
1394 2236 1516 2294 Dici
1535 2237 1711 2295 etiam
1731 2238 1951 2318 pariter
1964 2249 2184 2319 posset,

73 2325 370 2384 Christum
415 2328 668 2407 potuisse
721 2328 991 2410 supplere
1050 2331 1523 2389 communionem
1555 2332 1963 2412 Apostolorum
1994 2354 2016 2409 3.
2067 2333 2184 2391 ruit

69 2421 315 2502 proinde
332 2467 348 2496 ,
381 2423 664 2504 quidquid
686 2424 796 2506 ipsi
819 2445 887 2503 ex
915 2410 1282 2484 Eucharistiae
1301 2425 1669 2485 institutione
1687 2427 2018 2506 proferunt.

153 2516 290 2575 326.
343 2518 428 2576 Ad
468 2519 584 2591 2¹¹¹,
622 2521 776 2579 Dz'st.
825 2519 1047 2579 Fideles
1075 2525 1172 2599 jus
1216 2520 1438 2580 habent
1475 2521 1551 2581 ad
1590 2522 1961 2582 Sacramenta
1993 2523 2185 2605 perci-

72 2612 281 2692 pienda
299 2658 314 2687 ‚
351 2635 538 2681 conc.;
556 2615 631 2673 ad
658 2614 897 2673 modum
917 2660 932 2690 ἦ
955 2637 1069 2696 quo
1088 2615 1184 2674 illa
1209 2617 1427 2698 percipi
1447 2616 1624 2676 debet
1639 2661 1654 2692 7
1671 2639 1802 2698 oley.
1826 2620 2189 2678 Praestituere

75 2706 231 2765 enim
270 2709 545 2786 modum,
581 2721 812 2792 tempus
835 2755 850 2786 ‚
884 2711 1075 2770 locum
1097 2758 1113 2786 ,
1149 2724 1453 2793 ceteraque
1489 2712 1760 2791 adjuncta
1781 2758 1797 2786 a
1831 2734 1958 2795 quae
1984 2716 2187 2773 Sacra-

75 2811 409 2862 mentorum
465 2804 832 2866 collationem
891 2808 1236 2889 respiciunt,
1287 2818 1510 2888 spectat
1564 2807 1639 2866 ad
1686 2808 2027 2886 Ecclesiam,
2096 2809 2192 2868 cui

75 2895 335 2957 Christus
363 2899 512 2959 hanc
555 2912 902 2982 potestatem
945 2902 1212 2962 contulit.
1283 2903 1593 2976 Quodnam
1636 2904 1810 2984 igitur
1841 2910 1936 2983 jus
1971 2910 2192 2983 jactare

72 3005 315 3073 possunt
343 2992 539 3054 fideles
575 2998 650 3056 ad
672 2997 994 3077 liturgicam
1036 2998 1555 3058 communionem?

142 3184 204 3246 (l)
243 3184 563 3233 Tridentinum
578 3187 771 3236 affirmat
787 3189 972 3254 quidem
994 3227 1006 3247 ,
1026 3206 1078 3238 eo
1161 3191 1414 3251 invalidas,
1447 3193 1498 3238 in
1531 3192 1701 3256 quibus
1731 3209 1867 3240 nemo
1891 3195 1947 3239 sit
1976 3195 2056 3256 qui
2091 3194 2187 3256 spi·

72 3267 209 3313 etiam
247 3270 435 3314 nomine
469 3267 624 3315 Missas
651 3269 751 3317 illas
768 3307 780 3329 ‚
824 3273 875 3318 in
912 3271 1082 3336 quibus
1162 3274 1389 3322 ritualiter
1404 3276 1742 3333 communicet3
1768 3291 1921 3339 neque
1944 3274 1992 3322 id
2018 3274 2191 3338 profert

70 3366 208 3396 nemo
236 3351 293 3396 sit
309 3353 389 3414 qui
404 3354 713 3399 communicet
731 3389 743 3411 ‚
763 3369 861 3400 esse
876 3370 1084 3402 commu·-
1164 3365 1216 3403 ut
1230 3356 1541 3403 conditionem
1564 3392 1576 3414 ‚
1598 3358 1695 3404 sine
1723 3373 1814 3421 qua
1844 3355 1992 3403 Missae
2009 3355 2100 3402 illae
2118 3372 2196 3402 ce-

70 3447 151 3478 nes
164 3468 176 3490 ‚
208 3432 332 3496 quod
349 3432 497 3496 plures
514 3434 807 3497 spiritualiter
820 3451 879 3482 ex
896 3435 1084 3484 'adstan-
1165 3437 1329 3486 lebrari
1345 3456 1439 3486 non
1454 3426 1653 3486 deheant
1671 3454 1685 3501 3
1704 3437 1912 3502 alioquin
1927 3437 2188 3484 innumeris

72 3511 193 3560 tibus
222 3517 595 3577 communicent3
630 3527 695 3564 ast
719 3534 815 3564 nou
842 3534 893 3565 eo
919 3518 1012 3566 fine
1037 3518 1085 3566 id
1167 3520 1589 3588 perturbationibus
1602 3521 1947 3582 viaaperiretur.
1962 3517 2190 3582 Loquitur

75 3597 260 3655 asserit,
283 3599 413 3661 quasi
431 3599 662 3659 insinuare
696 3599 906 3658 voluerit,
928 3599 1087 3649 Missas
1168 3603 1307 3667 igitur
1338 3602 1396 3651 de
1416 3619 1489 3662 eo,
1527 3603 1651 3668 quod
1683 3602 1783 3649 fieri
1821 3610 1997 3666 potest,
2026 3609 2069 3648 et
2090 3597 2190 3650 fieri

74 3678 318 3726 censendas
366 3695 459 3728 esse
497 3679 706 3742 illicitas,
754 3682 898 3731 multo
937 3685 1089 3732 minus
1172 3687 1406 3733 consuevit
1432 3686 1561 3749 apiis
1582 3682 1814 3733 fidelibus.
