<?xml version="1.0" encoding="UTF-8"?>
<!DOCTYPE html PUBLIC "-//W3C//DTD XHTML 1.0 Transitional//EN"
    "http://www.w3.org/TR/xhtml1/DTD/xhtml1-transitional.dtd">
<html xmlns="http://www.w3.org/1999/xhtml" xml:lang="en" lang="en">
 <head>
  <title>
</title>
<meta http-equiv="Content-Type" content="text/html;charset=utf-8" />
  <meta name='ocr-system' content='tesseract 3.04.00' />
  <meta name='ocr-capabilities' content='ocr_page ocr_carea ocr_par ocr_line ocrx_word'/>
</head>
<body>
  <div class='ocr_page' id='page_1' title='image "a603693806perruoft_0074.png"; bbox 0 0 2502 4186; ppageno 0'>
   <div class='ocr_carea' id='block_1_1' title="bbox 947 200 1705 270">
    <p class='ocr_par' dir='ltr' id='par_1_1' title="bbox 947 200 1705 270">
     <span class='ocr_line' id='line_1_1' title="bbox 947 200 1705 270; baseline -0.005 0"><span class='ocrx_word' id='word_1_1' title='bbox 947 200 1264 270; x_wconf 68' lang='lat' dir='ltr'><strong>mmnus</strong></span> <span class='ocrx_word' id='word_1_2' title='bbox 1307 228 1375 264; x_wconf 69' lang='grc' dir='ltr'><strong>ΒΕ</strong></span> <span class='ocrx_word' id='word_1_3' title='bbox 1418 226 1705 266; x_wconf 72' lang='lat' dir='ltr'><strong>urrisun.</strong></span> 
     </span>
    </p>
   </div>
   <div class='ocr_carea' id='block_1_2' title="bbox 272 216 364 277">
    <p class='ocr_par' dir='ltr' id='par_1_2' title="bbox 272 216 364 277">
     <span class='ocr_line' id='line_1_2' title="bbox 272 216 364 277; baseline -0.033 0"><span class='ocrx_word' id='word_1_4' title='bbox 272 216 364 277; x_wconf 70' lang='lat'><strong>66.</strong></span> 
     </span>
    </p>
   </div>
   <div class='ocr_carea' id='block_1_3' title="bbox 190 365 2388 1970">
    <p class='ocr_par' dir='ltr' id='par_1_3' title="bbox 276 365 2377 638">
     <span class='ocr_line' id='line_1_3' title="bbox 276 365 2377 462; baseline -0.007 -23"><span class='ocrx_word' id='word_1_5' title='bbox 276 396 446 462; x_wconf 85' lang='lat' dir='ltr'><strong>posse</strong></span> <span class='ocrx_word' id='word_1_6' title='bbox 494 374 712 455; x_wconf 85' lang='lat' dir='ltr'><strong>absque</strong></span> <span class='ocrx_word' id='word_1_7' title='bbox 752 370 962 432; x_wconf 87' lang='lat' dir='ltr'><strong>erroris</strong></span> <span class='ocrx_word' id='word_1_8' title='bbox 1012 367 1180 450; x_wconf 88' lang='lat' dir='ltr'><strong>culpa</strong></span> <span class='ocrx_word' id='word_1_9' title='bbox 1209 411 1226 443; x_wconf 95' lang='lat'><strong>,</strong></span> <span class='ocrx_word' id='word_1_10' title='bbox 1287 365 1513 426; x_wconf 88' lang='lat' dir='ltr'><strong>etiamsi</strong></span> <span class='ocrx_word' id='word_1_11' title='bbox 1575 365 1954 444; x_wconf 84' lang='lat' dir='ltr'><strong>Evangelium</strong></span> <span class='ocrx_word' id='word_1_12' title='bbox 1997 389 2120 426; x_wconf 88' lang='lat' dir='ltr'><strong>non</strong></span> <span class='ocrx_word' id='word_1_13' title='bbox 2165 369 2377 428; x_wconf 89' lang='lat' dir='ltr'><strong>referat</strong></span> 
     </span>
     <span class='ocr_line' id='line_1_4' title="bbox 276 459 2370 555; baseline -0.006 -21"><span class='ocrx_word' id='word_1_14' title='bbox 276 470 682 555; x_wconf 83' lang='lat' dir='ltr'><strong>Apostolorum</strong></span> <span class='ocrx_word' id='word_1_15' title='bbox 716 465 1007 546; x_wconf 86' lang='lat' dir='ltr'><strong>Baptisma</strong></span> <span class='ocrx_word' id='word_1_16' title='bbox 1025 463 1136 544; x_wconf 84' lang='lat' dir='ltr'><strong>(l).</strong></span> <span class='ocrx_word' id='word_1_17' title='bbox 1157 463 1358 544; x_wconf 87' lang='lat' dir='ltr'><strong>Neque</strong></span> <span class='ocrx_word' id='word_1_18' title='bbox 1390 461 1549 520; x_wconf 92' lang='lat' dir='ltr'><strong>enim</strong></span> <span class='ocrx_word' id='word_1_19' title='bbox 1579 459 1772 519; x_wconf 89' lang='lat' dir='ltr'><strong>omnia</strong></span> <span class='ocrx_word' id='word_1_20' title='bbox 1794 505 1810 534; x_wconf 91' lang='lat'><strong>,</strong></span> <span class='ocrx_word' id='word_1_21' title='bbox 1848 482 1978 541; x_wconf 81' lang='lat' dir='ltr'><strong>quae</strong></span> <span class='ocrx_word' id='word_1_22' title='bbox 2013 473 2170 540; x_wconf 84' lang='lat' dir='ltr'><strong>gesta</strong></span> <span class='ocrx_word' id='word_1_23' title='bbox 2193 474 2331 521; x_wconf 85' lang='lat' dir='ltr'><strong>sunt</strong></span> <span class='ocrx_word' id='word_1_24' title='bbox 2352 506 2370 538; x_wconf 92' lang='lat'><strong>,</strong></span> 
     </span>
     <span class='ocr_line' id='line_1_5' title="bbox 277 559 1128 638; baseline -0.014 -11"><span class='ocrx_word' id='word_1_25' title='bbox 277 566 483 627; x_wconf 88' lang='lat' dir='ltr'><strong>litteris</strong></span> <span class='ocrx_word' id='word_1_26' title='bbox 507 564 744 622; x_wconf 85' lang='lat' dir='ltr'><strong>fuerunt</strong></span> <span class='ocrx_word' id='word_1_27' title='bbox 771 559 1128 638; x_wconf 89' lang='lat' dir='ltr'><strong>consignata.</strong></span> 
     </span>
    </p>

    <p class='ocr_par' dir='ltr' id='par_1_4' title="bbox 190 650 2388 1970">
     <span class='ocr_line' id='line_1_6' title="bbox 362 650 2377 736; baseline -0.003 -18"><span class='ocrx_word' id='word_1_28' title='bbox 362 660 496 719; x_wconf 75' lang='lat'><strong>149.</strong></span> <span class='ocrx_word' id='word_1_29' title='bbox 545 655 714 731; x_wconf 85' lang='lat' dir='ltr'><strong>Quod</strong></span> <span class='ocrx_word' id='word_1_30' title='bbox 745 665 969 736; x_wconf 85' lang='lat' dir='ltr'><strong>spectat</strong></span> <span class='ocrx_word' id='word_1_31' title='bbox 1005 653 1080 713; x_wconf 88' lang='lat' dir='ltr'><strong>ad</strong></span> <span class='ocrx_word' id='word_1_32' title='bbox 1118 655 1179 713; x_wconf 90' lang='lat' dir='ltr'><strong>B.</strong></span> <span class='ocrx_word' id='word_1_33' title='bbox 1231 653 1557 733; x_wconf 81' lang='lat' dir='ltr'><strong>Virginem,</strong></span> <span class='ocrx_word' id='word_1_34' title='bbox 1611 672 1732 709; x_wconf 91' lang='lat' dir='ltr'><strong>non</strong></span> <span class='ocrx_word' id='word_1_35' title='bbox 1764 650 2080 710; x_wconf 88' lang='lat' dir='ltr'><strong>defuerunt</strong></span> <span class='ocrx_word' id='word_1_36' title='bbox 2129 653 2229 733; x_wconf 88' lang='lat' dir='ltr'><strong>qui</strong></span> <span class='ocrx_word' id='word_1_37' title='bbox 2270 674 2377 712; x_wconf 89' lang='lat' dir='ltr'><strong>ne-</strong></span> 
     </span>
     <span class='ocr_line' id='line_1_7' title="bbox 277 746 2378 835; baseline -0.004 -21"><span class='ocrx_word' id='word_1_38' title='bbox 277 764 479 835; x_wconf 84' lang='lat' dir='ltr'><strong>garent</strong></span> <span class='ocrx_word' id='word_1_39' title='bbox 498 797 515 827; x_wconf 88' lang='lat'><strong>,</strong></span> <span class='ocrx_word' id='word_1_40' title='bbox 544 773 672 811; x_wconf 87' lang='lat' dir='ltr'><strong>eam</strong></span> <span class='ocrx_word' id='word_1_41' title='bbox 695 751 1017 832; x_wconf 84' lang='lat' dir='ltr'><strong>percepisse</strong></span> <span class='ocrx_word' id='word_1_42' title='bbox 1046 748 1404 829; x_wconf 88' lang='lat' dir='ltr'><strong>Baptismum</strong></span> <span class='ocrx_word' id='word_1_43' title='bbox 1423 793 1438 820; x_wconf 93' lang='lat'><strong>,</strong></span> <span class='ocrx_word' id='word_1_44' title='bbox 1473 758 1600 805; x_wconf 91' lang='lat' dir='ltr'><strong>tum</strong></span> <span class='ocrx_word' id='word_1_45' title='bbox 1624 746 1757 826; x_wconf 90' lang='lat' dir='ltr'><strong>quia</strong></span> <span class='ocrx_word' id='word_1_46' title='bbox 1792 767 1863 805; x_wconf 79' lang='lat' dir='ltr'><strong>ex</strong></span> <span class='ocrx_word' id='word_1_47' title='bbox 1884 748 2068 806; x_wconf 89' lang='lat' dir='ltr'><strong>causis</strong></span> <span class='ocrx_word' id='word_1_48' title='bbox 2088 793 2104 824; x_wconf 93' lang='lat'><strong>,</strong></span> <span class='ocrx_word' id='word_1_49' title='bbox 2135 746 2211 805; x_wconf 89' lang='lat' dir='ltr'><strong>ob</strong></span> <span class='ocrx_word' id='word_1_50' title='bbox 2236 768 2378 828; x_wconf 89' lang='lat' dir='ltr'><strong>quas</strong></span> 
     </span>
     <span class='ocr_line' id='line_1_8' title="bbox 190 841 2371 928; baseline -0.005 -19"><span class='ocrx_word' id='word_1_51' title='bbox 190 856 195 859; x_wconf 65' lang='grc'><em>”</em></span> <span class='ocrx_word' id='word_1_52' title='bbox 276 850 373 909; x_wconf 89' lang='lat' dir='ltr'><strong>ille</strong></span> <span class='ocrx_word' id='word_1_53' title='bbox 398 848 738 928; x_wconf 89' lang='lat' dir='ltr'><strong>suscipitur,</strong></span> <span class='ocrx_word' id='word_1_54' title='bbox 770 843 935 903; x_wconf 91' lang='lat' dir='ltr'><strong>nulla</strong></span> <span class='ocrx_word' id='word_1_55' title='bbox 969 863 1311 924; x_wconf 85' lang='lat' dir='ltr'><strong>permovere</strong></span> <span class='ocrx_word' id='word_1_56' title='bbox 1348 853 1578 924; x_wconf 87' lang='lat' dir='ltr'><strong>poterat</strong></span> <span class='ocrx_word' id='word_1_57' title='bbox 1620 841 1897 912; x_wconf 76' lang='lat' dir='ltr'><strong>Mariam,</strong></span> <span class='ocrx_word' id='word_1_58' title='bbox 1946 853 2075 900; x_wconf 86' lang='lat' dir='ltr'><strong>tum</strong></span> <span class='ocrx_word' id='word_1_59' title='bbox 2113 843 2246 922; x_wconf 89' lang='lat' dir='ltr'><strong>quia</strong></span> <span class='ocrx_word' id='word_1_60' title='bbox 2278 842 2371 900; x_wconf 89' lang='lat' dir='ltr'><strong>in-</strong></span> 
     </span>
     <span class='ocr_line' id='line_1_9' title="bbox 264 936 2375 1023; baseline -0.004 -19"><span class='ocrx_word' id='word_1_61' title='bbox 264 945 483 1023; x_wconf 84' lang='lat' dir='ltr'><strong>juriosa</strong></span> <span class='ocrx_word' id='word_1_62' title='bbox 511 942 711 1000; x_wconf 88' lang='lat' dir='ltr'><strong>fuisset</strong></span> <span class='ocrx_word' id='word_1_63' title='bbox 747 939 971 999; x_wconf 77' lang='lat' dir='ltr'><strong>eximiae</strong></span> <span class='ocrx_word' id='word_1_64' title='bbox 1002 938 1348 998; x_wconf 71' lang='lat' dir='ltr'><strong>innocentiae</strong></span> <span class='ocrx_word' id='word_1_65' title='bbox 1390 936 1627 1016; x_wconf 78' lang='lat' dir='ltr'><strong>Virginis</strong></span> <span class='ocrx_word' id='word_1_66' title='bbox 1659 945 1717 994; x_wconf 93' lang='lat' dir='ltr'><strong>et</strong></span> <span class='ocrx_word' id='word_1_67' title='bbox 1757 936 2049 995; x_wconf 77' lang='lat' dir='ltr'><strong>sanctitati</strong></span> <span class='ocrx_word' id='word_1_68' title='bbox 2089 936 2375 1017; x_wconf 87' lang='lat' dir='ltr'><strong>susceptio</strong></span> 
     </span>
     <span class='ocr_line' id='line_1_10' title="bbox 276 1029 2375 1119; baseline -0.004 -22"><span class='ocrx_word' id='word_1_69' title='bbox 276 1038 553 1119; x_wconf 82' lang='lat' dir='ltr'><strong>Baptismi</strong></span> <span class='ocrx_word' id='word_1_70' title='bbox 572 1061 589 1111; x_wconf 67' lang='grc' dir='ltr'><strong>ς</strong></span> <span class='ocrx_word' id='word_1_71' title='bbox 606 1036 733 1101; x_wconf 74' lang='lat' dir='ltr'><strong>hoc</strong></span> <span class='ocrx_word' id='word_1_72' title='bbox 767 1035 927 1093; x_wconf 88' lang='lat' dir='ltr'><strong>enim</strong></span> <span class='ocrx_word' id='word_1_73' title='bbox 952 1044 1121 1115; x_wconf 87' lang='lat' dir='ltr'><strong>pacto</strong></span> <span class='ocrx_word' id='word_1_74' title='bbox 1156 1031 1586 1113; x_wconf 87' lang='lat' dir='ltr'><strong>quodammodo</strong></span> <span class='ocrx_word' id='word_1_75' title='bbox 1610 1029 1956 1090; x_wconf 82' lang='lat' dir='ltr'><strong>declarasset</strong></span> <span class='ocrx_word' id='word_1_76' title='bbox 1975 1076 1991 1106; x_wconf 91' lang='lat'><strong>,</strong></span> <span class='ocrx_word' id='word_1_77' title='bbox 2026 1053 2086 1090; x_wconf 90' lang='lat' dir='ltr'><strong>se</strong></span> <span class='ocrx_word' id='word_1_78' title='bbox 2112 1031 2375 1110; x_wconf 80' lang='lat' dir='ltr'><strong>originali</strong></span> 
     </span>
     <span class='ocr_line' id='line_1_11' title="bbox 274 1126 2378 1214; baseline -0.003 -22"><span class='ocrx_word' id='word_1_79' title='bbox 274 1133 407 1195; x_wconf 88' lang='lat' dir='ltr'><strong>labe</strong></span> <span class='ocrx_word' id='word_1_80' title='bbox 435 1131 724 1214; x_wconf 88' lang='lat' dir='ltr'><strong>pollutam</strong></span> <span class='ocrx_word' id='word_1_81' title='bbox 751 1129 926 1189; x_wconf 89' lang='lat' dir='ltr'><strong>etiam</strong></span> <span class='ocrx_word' id='word_1_82' title='bbox 955 1138 1087 1210; x_wconf 90' lang='lat' dir='ltr'><strong>post</strong></span> <span class='ocrx_word' id='word_1_83' title='bbox 1122 1128 1336 1188; x_wconf 89' lang='lat' dir='ltr'><strong>Christi</strong></span> <span class='ocrx_word' id='word_1_84' title='bbox 1371 1139 1606 1209; x_wconf 88' lang='lat' dir='ltr'><strong>partum</strong></span> <span class='ocrx_word' id='word_1_85' title='bbox 1635 1126 1741 1206; x_wconf 77' lang='lat'><strong>(2).</strong></span> <span class='ocrx_word' id='word_1_86' title='bbox 1779 1128 1911 1184; x_wconf 89' lang='lat' dir='ltr'><strong>Non</strong></span> <span class='ocrx_word' id='word_1_87' title='bbox 1947 1126 2261 1186; x_wconf 83' lang='lat' dir='ltr'><strong>defuerunt</strong></span> <span class='ocrx_word' id='word_1_88' title='bbox 2295 1138 2378 1186; x_wconf 88' lang='lat' dir='ltr'><strong>ta-</strong></span> 
     </span>
     <span class='ocr_line' id='line_1_12' title="bbox 273 1221 2377 1307; baseline -0.002 -20"><span class='ocrx_word' id='word_1_89' title='bbox 273 1247 448 1300; x_wconf 90' lang='lat' dir='ltr'><strong>men,</strong></span> <span class='ocrx_word' id='word_1_90' title='bbox 493 1226 594 1307; x_wconf 91' lang='lat' dir='ltr'><strong>qui</strong></span> <span class='ocrx_word' id='word_1_91' title='bbox 637 1224 999 1283; x_wconf 87' lang='lat' dir='ltr'><strong>affirmarent</strong></span> <span class='ocrx_word' id='word_1_92' title='bbox 1051 1225 1287 1282; x_wconf 86' lang='lat' dir='ltr'><strong>Beatam</strong></span> <span class='ocrx_word' id='word_1_93' title='bbox 1340 1223 1636 1301; x_wconf 82' lang='lat' dir='ltr'><strong>Virginem</strong></span> <span class='ocrx_word' id='word_1_94' title='bbox 1672 1221 2156 1302; x_wconf 86' lang='lat' dir='ltr'><strong>comprehensam</strong></span> <span class='ocrx_word' id='word_1_95' title='bbox 2204 1223 2377 1282; x_wconf 82' lang='lat' dir='ltr'><strong>fuisse</strong></span> 
     </span>
     <span class='ocr_line' id='line_1_13' title="bbox 277 1316 2377 1404; baseline -0.003 -22"><span class='ocrx_word' id='word_1_96' title='bbox 277 1332 565 1404; x_wconf 69' lang='lat' dir='ltr'><strong>praecepto</strong></span> <span class='ocrx_word' id='word_1_97' title='bbox 586 1319 836 1392; x_wconf 90' lang='lat' dir='ltr'><strong>Christi,</strong></span> <span class='ocrx_word' id='word_1_98' title='bbox 860 1320 1031 1377; x_wconf 88' lang='lat' dir='ltr'><strong>Joan.</strong></span> <span class='ocrx_word' id='word_1_99' title='bbox 1073 1318 1150 1376; x_wconf 87' lang='lat'><strong>111</strong></span> <span class='ocrx_word' id='word_1_100' title='bbox 1200 1339 1214 1374; x_wconf 73' lang='grc' dir='ltr'>ε</span> <span class='ocrx_word' id='word_1_101' title='bbox 1258 1316 1406 1376; x_wconf 73' lang='lat' dir='ltr'><strong>Nisi</strong></span> <span class='ocrx_word' id='word_1_102' title='bbox 1433 1322 1565 1396; x_wconf 79' lang='lat' dir='ltr'><strong>quis</strong></span> <span class='ocrx_word' id='word_1_103' title='bbox 1577 1360 1600 1389; x_wconf 88' lang='lat'><strong>,</strong></span> <span class='ocrx_word' id='word_1_104' title='bbox 1651 1327 1757 1375; x_wconf 87' lang='lat' dir='ltr'><strong>etc.</strong></span> <span class='ocrx_word' id='word_1_105' title='bbox 1799 1338 2047 1398; x_wconf 87' lang='lat' dir='ltr'><strong>quorum</strong></span> <span class='ocrx_word' id='word_1_106' title='bbox 2089 1319 2377 1376; x_wconf 87' lang='lat' dir='ltr'><strong>sententia</strong></span> 
     </span>
     <span class='ocr_line' id='line_1_14' title="bbox 276 1411 2375 1497; baseline -0.001 -22"><span class='ocrx_word' id='word_1_107' title='bbox 276 1415 556 1497; x_wconf 89' lang='lat' dir='ltr'><strong>probatur</strong></span> <span class='ocrx_word' id='word_1_108' title='bbox 593 1412 905 1494; x_wconf 86' lang='lat' dir='ltr'><strong>Vasquezio</strong></span> <span class='ocrx_word' id='word_1_109' title='bbox 942 1422 1001 1472; x_wconf 86' lang='lat' dir='ltr'><strong>et</strong></span> <span class='ocrx_word' id='word_1_110' title='bbox 1028 1411 1333 1486; x_wconf 31' lang='lat' dir='ltr'><strong>Dominico·</strong></span> <span class='ocrx_word' id='word_1_111' title='bbox 1364 1413 1499 1470; x_wconf 89' lang='lat' dir='ltr'><strong>Soto</strong></span> <span class='ocrx_word' id='word_1_112' title='bbox 1527 1411 1653 1492; x_wconf 85' lang='lat'><strong>(3),</strong></span> <span class='ocrx_word' id='word_1_113' title='bbox 1680 1412 1788 1470; x_wconf 86' lang='lat' dir='ltr'><strong>etsi</strong></span> <span class='ocrx_word' id='word_1_114' title='bbox 1833 1411 2001 1491; x_wconf 91' lang='lat' dir='ltr'><strong>Virgo</strong></span> <span class='ocrx_word' id='word_1_115' title='bbox 2026 1434 2218 1493; x_wconf 89' lang='lat' dir='ltr'><strong>neque</strong></span> <span class='ocrx_word' id='word_1_116' title='bbox 2247 1433 2375 1494; x_wconf 89' lang='lat' dir='ltr'><strong>pec-</strong></span> 
     </span>
     <span class='ocr_line' id='line_1_15' title="bbox 273 1506 2377 1588; baseline -0.002 -18"><span class='ocrx_word' id='word_1_117' title='bbox 273 1521 469 1570; x_wconf 89' lang='lat' dir='ltr'><strong>catum</strong></span> <span class='ocrx_word' id='word_1_118' title='bbox 505 1509 739 1587; x_wconf 82' lang='lat' dir='ltr'><strong>originis</strong></span> <span class='ocrx_word' id='word_1_119' title='bbox 775 1506 1158 1582; x_wconf 86' lang='lat' dir='ltr'><strong>contraxerit,</strong></span> <span class='ocrx_word' id='word_1_120' title='bbox 1195 1527 1387 1588; x_wconf 87' lang='lat' dir='ltr'><strong>neque</strong></span> <span class='ocrx_word' id='word_1_121' title='bbox 1431 1506 1549 1565; x_wconf 85' lang='lat' dir='ltr'><strong>ulla</strong></span> <span class='ocrx_word' id='word_1_122' title='bbox 1598 1506 1692 1567; x_wconf 88' lang='lat' dir='ltr'><strong>vel</strong></span> <span class='ocrx_word' id='word_1_123' title='bbox 1725 1506 1841 1567; x_wconf 90' lang='lat' dir='ltr'><strong>levi</strong></span> <span class='ocrx_word' id='word_1_124' title='bbox 1875 1506 2087 1565; x_wconf 86' lang='lat' dir='ltr'><strong>actuali</strong></span> <span class='ocrx_word' id='word_1_125' title='bbox 2124 1529 2275 1566; x_wconf 83' lang='lat' dir='ltr'><strong>noxa</strong></span> <span class='ocrx_word' id='word_1_126' title='bbox 2315 1529 2377 1566; x_wconf 87' lang='lat' dir='ltr'><strong>se</strong></span> 
     </span>
     <span class='ocr_line' id='line_1_16' title="bbox 273 1601 2379 1683; baseline -0.002 -18"><span class='ocrx_word' id='word_1_127' title='bbox 273 1603 802 1665; x_wconf 88' lang='lat' dir='ltr'><strong>commaculaverit.</strong></span> <span class='ocrx_word' id='word_1_128' title='bbox 836 1603 983 1662; x_wconf 88' lang='lat' dir='ltr'><strong>Nam</strong></span> <span class='ocrx_word' id='word_1_129' title='bbox 1004 1647 1021 1676; x_wconf 88' lang='lat'><strong>,</strong></span> <span class='ocrx_word' id='word_1_130' title='bbox 1045 1602 1312 1683; x_wconf 87' lang='lat' dir='ltr'><strong>quamvis</strong></span> <span class='ocrx_word' id='word_1_131' title='bbox 1336 1602 1663 1683; x_wconf 87' lang='lat' dir='ltr'><strong>Baptismus</strong></span> <span class='ocrx_word' id='word_1_132' title='bbox 1683 1602 1756 1660; x_wconf 90' lang='lat' dir='ltr'><strong>ad</strong></span> <span class='ocrx_word' id='word_1_133' title='bbox 1772 1601 2122 1661; x_wconf 87' lang='lat' dir='ltr'><strong>remittenda</strong></span> <span class='ocrx_word' id='word_1_134' title='bbox 2146 1613 2379 1682; x_wconf 88' lang='lat' dir='ltr'><strong>peccata</strong></span> 
     </span>
     <span class='ocr_line' id='line_1_17' title="bbox 272 1697 2375 1779; baseline -0.002 -20"><span class='ocrx_word' id='word_1_135' title='bbox 272 1699 625 1761; x_wconf 84' lang='lat' dir='ltr'><strong>necessarius</strong></span> <span class='ocrx_word' id='word_1_136' title='bbox 659 1698 768 1772; x_wconf 84' lang='lat' dir='ltr'><strong>sit,</strong></span> <span class='ocrx_word' id='word_1_137' title='bbox 812 1708 1081 1756; x_wconf 87' lang='lat' dir='ltr'><strong>censetur</strong></span> <span class='ocrx_word' id='word_1_138' title='bbox 1130 1708 1330 1755; x_wconf 86' lang='lat' dir='ltr'><strong>tamen</strong></span> <span class='ocrx_word' id='word_1_139' title='bbox 1358 1697 1550 1756; x_wconf 91' lang='lat' dir='ltr'><strong>adhuc</strong></span> <span class='ocrx_word' id='word_1_140' title='bbox 1588 1698 1941 1756; x_wconf 86' lang='lat' dir='ltr'><strong>necessarius</strong></span> <span class='ocrx_word' id='word_1_141' title='bbox 1969 1698 2046 1756; x_wconf 84' lang='lat' dir='ltr'><strong>ad.</strong></span> <span class='ocrx_word' id='word_1_142' title='bbox 2091 1699 2375 1779; x_wconf 86' lang='lat' dir='ltr'><strong>profiten-</strong></span> 
     </span>
     <span class='ocr_line' id='line_1_18' title="bbox 268 1791 2378 1875; baseline -0.001 -22"><span class='ocrx_word' id='word_1_143' title='bbox 268 1794 414 1853; x_wconf 88' lang='lat' dir='ltr'><strong>dam</strong></span> <span class='ocrx_word' id='word_1_144' title='bbox 445 1793 658 1853; x_wconf 88' lang='lat' dir='ltr'><strong>Christi</strong></span> <span class='ocrx_word' id='word_1_145' title='bbox 686 1792 862 1851; x_wconf 89' lang='lat' dir='ltr'><strong>fidem</strong></span> <span class='ocrx_word' id='word_1_146' title='bbox 881 1837 897 1867; x_wconf 88' lang='lat'><strong>,</strong></span> <span class='ocrx_word' id='word_1_147' title='bbox 925 1813 990 1851; x_wconf 92' lang='lat' dir='ltr'><strong>ac</strong></span> <span class='ocrx_word' id='word_1_148' title='bbox 1022 1793 1391 1851; x_wconf 86' lang='lat' dir='ltr'><strong>Sacramenta</strong></span> <span class='ocrx_word' id='word_1_149' title='bbox 1416 1791 1637 1873; x_wconf 87' lang='lat' dir='ltr'><strong>reliqua</strong></span> <span class='ocrx_word' id='word_1_150' title='bbox 1666 1793 2039 1874; x_wconf 88' lang='lat' dir='ltr'><strong>percipienda</strong></span> <span class='ocrx_word' id='word_1_151' title='bbox 2059 1839 2074 1867; x_wconf 92' lang='lat'><strong>,</strong></span> <span class='ocrx_word' id='word_1_152' title='bbox 2105 1804 2278 1875; x_wconf 85' lang='lat' dir='ltr'><strong>atque</strong></span> <span class='ocrx_word' id='word_1_153' title='bbox 2297 1795 2378 1851; x_wconf 89' lang='lat' dir='ltr'><strong>ita</strong></span> 
     </span>
     <span class='ocr_line' id='line_1_19' title="bbox 266 1886 2388 1970; baseline 0 -23"><span class='ocrx_word' id='word_1_154' title='bbox 266 1888 352 1948; x_wconf 83' lang='lat' dir='ltr'><strong>ad.</strong></span> <span class='ocrx_word' id='word_1_155' title='bbox 386 1886 861 1969; x_wconf 88' lang='lat' dir='ltr'><strong>consequendum</strong></span> <span class='ocrx_word' id='word_1_156' title='bbox 900 1907 1146 1968; x_wconf 84' lang='lat' dir='ltr'><strong>regnum</strong></span> <span class='ocrx_word' id='word_1_157' title='bbox 1187 1886 1486 1946; x_wconf 89' lang='lat' dir='ltr'><strong>coelorum.</strong></span> <span class='ocrx_word' id='word_1_158' title='bbox 1526 1889 1802 1960; x_wconf 84' lang='lat' dir='ltr'><strong>Quamvis</strong></span> <span class='ocrx_word' id='word_1_159' title='bbox 1830 1900 2109 1970; x_wconf 87' lang='lat' dir='ltr'><strong>praeterea</strong></span> <span class='ocrx_word' id='word_1_160' title='bbox 2133 1891 2194 1948; x_wconf 89' lang='grc' dir='ltr'><strong>Β.</strong></span> <span class='ocrx_word' id='word_1_161' title='bbox 2218 1890 2388 1968; x_wconf 90' lang='lat' dir='ltr'><strong>Virgo</strong></span> 
     </span>
    </p>
   </div>
   <div class='ocr_carea' id='block_1_4' title="bbox 284 2117 2388 2186">
    <p class='ocr_par' dir='ltr' id='par_1_5' title="bbox 284 2117 2388 2186">
     <span class='ocr_line' id='line_1_20' title="bbox 284 2117 2388 2186; baseline -0.001 -18"><span class='ocrx_word' id='word_1_162' title='bbox 284 2118 536 2180; x_wconf 69' lang='lat' dir='ltr'><strong>Christus,</strong></span> <span class='ocrx_word' id='word_1_163' title='bbox 565 2122 750 2186; x_wconf 80' lang='lat' dir='ltr'><strong>inquit,</strong></span> <span class='ocrx_word' id='word_1_164' title='bbox 800 2119 1027 2167; x_wconf 72' lang='lat' dir='ltr'><strong>manibus</strong></span> <span class='ocrx_word' id='word_1_165' title='bbox 1057 2120 1159 2184; x_wconf 74' lang='lat' dir='ltr'><strong>ipse</strong></span> <span class='ocrx_word' id='word_1_166' title='bbox 1186 2120 1289 2166; x_wconf 74' lang='lat' dir='ltr'><strong>suis</strong></span> <span class='ocrx_word' id='word_1_167' title='bbox 1372 2119 1487 2167; x_wconf 89' lang='lat' dir='ltr'><strong>dum</strong></span> <span class='ocrx_word' id='word_1_168' title='bbox 1522 2121 1572 2166; x_wconf 89' lang='lat' dir='ltr'><strong>in</strong></span> <span class='ocrx_word' id='word_1_169' title='bbox 1609 2119 1745 2167; x_wconf 84' lang='lat' dir='ltr'><strong>verba</strong></span> <span class='ocrx_word' id='word_1_170' title='bbox 1787 2119 1923 2167; x_wconf 82' lang='lat' dir='ltr'><strong>Joan.</strong></span> <span class='ocrx_word' id='word_1_171' title='bbox 1965 2134 2021 2166; x_wconf 83' lang='lat'><strong>111</strong></span> <span class='ocrx_word' id='word_1_172' title='bbox 2060 2137 2073 2167; x_wconf 90' lang='lat'><strong>:</strong></span> <span class='ocrx_word' id='word_1_173' title='bbox 2119 2117 2177 2164; x_wconf 89' lang='lat' dir='ltr'><em>V</em></span> <span class='ocrx_word' id='word_1_174' title='bbox 2170 2120 2274 2168; x_wconf 68' lang='lat' dir='ltr'><strong>enit,</strong></span> <span class='ocrx_word' id='word_1_175' title='bbox 2299 2120 2388 2166; x_wconf 91' lang='lat' dir='ltr'><strong>Je-</strong></span> 
     </span>
    </p>
   </div>
   <div class='ocr_carea' id='block_1_5' title="bbox 268 2198 1291 3729">
    <p class='ocr_par' dir='ltr' id='par_1_6' title="bbox 268 2198 1291 3729">
     <span class='ocr_line' id='line_1_21' title="bbox 280 2198 1290 2264; baseline -0.001 -17"><span class='ocrx_word' id='word_1_176' title='bbox 280 2198 482 2249; x_wconf 80' lang='lat' dir='ltr'><strong>Petrum</strong></span> <span class='ocrx_word' id='word_1_177' title='bbox 520 2200 843 2249; x_wconf 77' lang='lat' dir='ltr'><strong>tantummodo</strong></span> <span class='ocrx_word' id='word_1_178' title='bbox 878 2200 1162 2264; x_wconf 80' lang='lat' dir='ltr'><strong>baptizavit.</strong></span> <span class='ocrx_word' id='word_1_179' title='bbox 1197 2199 1290 2246; x_wconf 89' lang='lat' dir='ltr'><strong>Pe-</strong></span> 
     </span>
     <span class='ocr_line' id='line_1_22' title="bbox 280 2278 1286 2349; baseline -0.004 -19"><span class='ocrx_word' id='word_1_180' title='bbox 280 2292 381 2330; x_wconf 75' lang='lat' dir='ltr'><strong>trus</strong></span> <span class='ocrx_word' id='word_1_181' title='bbox 392 2299 537 2346; x_wconf 84' lang='lat' dir='ltr'><strong>porro</strong></span> <span class='ocrx_word' id='word_1_182' title='bbox 551 2281 800 2329; x_wconf 78' lang='lat' dir='ltr'><strong>Andream</strong></span> <span class='ocrx_word' id='word_1_183' title='bbox 823 2278 1013 2349; x_wconf 76' lang='lat' dir='ltr'><strong>etfilios</strong></span> <span class='ocrx_word' id='word_1_184' title='bbox 1037 2280 1087 2327; x_wconf 96' lang='lat' dir='ltr'><em>Z</em></span> <span class='ocrx_word' id='word_1_185' title='bbox 1089 2280 1268 2327; x_wconf 82' lang='lat' dir='ltr'><strong>ebedoei</strong></span> <span class='ocrx_word' id='word_1_186' title='bbox 1274 2314 1286 2327; x_wconf 91' lang='lat'>.</span> 
     </span>
     <span class='ocr_line' id='line_1_23' title="bbox 283 2357 1287 2428; baseline -0.005 -17"><span class='ocrx_word' id='word_1_187' title='bbox 283 2363 342 2411; x_wconf 84' lang='lat' dir='ltr'><strong>Ii</strong></span> <span class='ocrx_word' id='word_1_188' title='bbox 367 2363 589 2428; x_wconf 74' lang='lat' dir='ltr'><strong>deinceps</strong></span> <span class='ocrx_word' id='word_1_189' title='bbox 615 2361 821 2426; x_wconf 80' lang='lat' dir='ltr'><strong>reliquos</strong></span> <span class='ocrx_word' id='word_1_190' title='bbox 864 2360 1135 2426; x_wconf 76' lang='lat' dir='ltr'><strong>Apostolos,</strong></span> <span class='ocrx_word' id='word_1_191' title='bbox 1166 2357 1287 2424; x_wconf 86' lang='lat' dir='ltr'><strong>Sep-</strong></span> 
     </span>
     <span class='ocr_line' id='line_1_24' title="bbox 279 2440 1289 2509; baseline -0.005 -17"><span class='ocrx_word' id='word_1_192' title='bbox 279 2446 501 2509; x_wconf 76' lang='lat' dir='ltr'><strong>tuaqinta</strong></span> <span class='ocrx_word' id='word_1_193' title='bbox 524 2452 681 2491; x_wconf 82' lang='lat' dir='ltr'><strong>autem</strong></span> <span class='ocrx_word' id='word_1_194' title='bbox 710 2442 814 2489; x_wconf 73' lang='lat' dir='ltr'><strong>illos</strong></span> <span class='ocrx_word' id='word_1_195' title='bbox 858 2443 1035 2490; x_wconf 81' lang='lat' dir='ltr'><strong>Petrus</strong></span> <span class='ocrx_word' id='word_1_196' title='bbox 1061 2449 1106 2490; x_wconf 81' lang='lat' dir='ltr'><strong>et</strong></span> <span class='ocrx_word' id='word_1_197' title='bbox 1133 2440 1289 2489; x_wconf 80' lang='lat' dir='ltr'><strong>Joan-</strong></span> 
     </span>
     <span class='ocr_line' id='line_1_25' title="bbox 282 2523 1287 2589; baseline -0.003 -16"><span class='ocrx_word' id='word_1_198' title='bbox 282 2542 367 2573; x_wconf 78' lang='lat' dir='ltr'><strong>nes</strong></span> <span class='ocrx_word' id='word_1_199' title='bbox 397 2524 631 2588; x_wconf 76' lang='lat' dir='ltr'><strong>theoloqus</strong></span> <span class='ocrx_word' id='word_1_200' title='bbox 658 2524 815 2572; x_wconf 78' lang='lat' dir='ltr'><strong>dictus</strong></span> <span class='ocrx_word' id='word_1_201' title='bbox 857 2525 1185 2589; x_wconf 77' lang='lat' dir='ltr'><strong>baptizarunt.</strong></span> <span class='ocrx_word' id='word_1_202' title='bbox 1221 2523 1287 2570; x_wconf 81' lang='lat' dir='ltr'><strong>Ex</strong></span> 
     </span>
     <span class='ocr_line' id='line_1_26' title="bbox 284 2604 1287 2671; baseline -0.004 -16"><span class='ocrx_word' id='word_1_203' title='bbox 284 2607 446 2655; x_wconf 86' lang='lat' dir='ltr'><strong>eadem</strong></span> <span class='ocrx_word' id='word_1_204' title='bbox 473 2606 659 2671; x_wconf 79' lang='lat' dir='ltr'><strong>epistola</strong></span> <span class='ocrx_word' id='word_1_205' title='bbox 691 2604 856 2654; x_wconf 83' lang='lat' dir='ltr'><strong>Evodii</strong></span> <span class='ocrx_word' id='word_1_206' title='bbox 901 2604 1114 2653; x_wconf 85' lang='lat' dir='ltr'><strong>Clemens</strong></span> <span class='ocrx_word' id='word_1_207' title='bbox 1155 2604 1287 2652; x_wconf 82' lang='lat' dir='ltr'><strong>Alex.</strong></span> 
     </span>
     <span class='ocr_line' id='line_1_27' title="bbox 285 2685 1288 2751; baseline -0.001 -17"><span class='ocrx_word' id='word_1_208' title='bbox 285 2686 570 2735; x_wconf 84' lang='lat' dir='ltr'><strong>Tertulliano</strong></span> <span class='ocrx_word' id='word_1_209' title='bbox 584 2685 1149 2751; x_wconf 70' lang='lat' dir='ltr'><strong>coaevus,Hypotyposeon</strong></span> <span class='ocrx_word' id='word_1_210' title='bbox 1159 2685 1288 2747; x_wconf 61' lang='lat' dir='ltr'><strong>libs,</strong></span> 
     </span>
     <span class='ocr_line' id='line_1_28' title="bbox 286 2767 1287 2832; baseline -0.002 -16"><span class='ocrx_word' id='word_1_211' title='bbox 286 2768 519 2832; x_wconf 85' lang='lat' dir='ltr'><strong>explicans</strong></span> <span class='ocrx_word' id='word_1_212' title='bbox 564 2767 680 2815; x_wconf 85' lang='lat' dir='ltr'><strong>illud</strong></span> <span class='ocrx_word' id='word_1_213' title='bbox 722 2767 1029 2831; x_wconf 85' lang='lat' dir='ltr'><strong>apostolicum</strong></span> <span class='ocrx_word' id='word_1_214' title='bbox 1070 2767 1247 2815; x_wconf 89' lang='lat' dir='ltr'><strong>dictum</strong></span> <span class='ocrx_word' id='word_1_215' title='bbox 1272 2783 1287 2814; x_wconf 88' lang='lat'>:</span> 
     </span>
     <span class='ocr_line' id='line_1_29' title="bbox 290 2847 1291 2913; baseline -0.002 -17"><span class='ocrx_word' id='word_1_216' title='bbox 290 2847 490 2898; x_wconf 74' lang='lat' dir='ltr'><strong>Gratias</strong></span> <span class='ocrx_word' id='word_1_217' title='bbox 518 2865 606 2913; x_wconf 80' lang='lat' dir='ltr'><strong>aqo</strong></span> <span class='ocrx_word' id='word_1_218' title='bbox 633 2847 767 2909; x_wconf 89' lang='lat' dir='ltr'><strong>Deo,</strong></span> <span class='ocrx_word' id='word_1_219' title='bbox 798 2849 915 2912; x_wconf 79' lang='lat' dir='ltr'><strong>quia</strong></span> <span class='ocrx_word' id='word_1_220' title='bbox 935 2849 1172 2895; x_wconf 74' lang='lat' dir='ltr'><strong>neminem</strong></span> <span class='ocrx_word' id='word_1_221' title='bbox 1188 2864 1291 2895; x_wconf 75' lang='lat' dir='ltr'><strong>ves-</strong></span> 
     </span>
     <span class='ocr_line' id='line_1_30' title="bbox 287 2928 1288 2995; baseline -0.001 -18"><span class='ocrx_word' id='word_1_222' title='bbox 287 2940 414 2978; x_wconf 74' lang='lat' dir='ltr'><strong>trum</strong></span> <span class='ocrx_word' id='word_1_223' title='bbox 439 2930 714 2995; x_wconf 73' lang='lat' dir='ltr'><strong>baptizavi,</strong></span> <span class='ocrx_word' id='word_1_224' title='bbox 733 2928 957 2978; x_wconf 73' lang='lat' dir='ltr'><strong>Christus</strong></span> <span class='ocrx_word' id='word_1_225' title='bbox 978 2966 992 2989; x_wconf 89' lang='lat'><strong>,</strong></span> <span class='ocrx_word' id='word_1_226' title='bbox 1034 2932 1097 2978; x_wconf 88' lang='lat' dir='ltr'><strong>ait</strong></span> <span class='ocrx_word' id='word_1_227' title='bbox 1119 2963 1135 2988; x_wconf 90' lang='lat'><strong>,</strong></span> <span class='ocrx_word' id='word_1_228' title='bbox 1163 2928 1288 2976; x_wconf 79' lang='lat' dir='ltr'><strong><em>dici-</em></strong></span> 
     </span>
     <span class='ocr_line' id='line_1_31' title="bbox 281 3010 1289 3075; baseline -0.001 -16"><span class='ocrx_word' id='word_1_229' title='bbox 281 3021 364 3059; x_wconf 77' lang='lat' dir='ltr'><strong>tur</strong></span> <span class='ocrx_word' id='word_1_230' title='bbox 387 3010 588 3058; x_wconf 77' lang='lat' dir='ltr'><strong>Petrum</strong></span> <span class='ocrx_word' id='word_1_231' title='bbox 615 3010 766 3058; x_wconf 72' lang='lat' dir='ltr'><strong>solum</strong></span> <span class='ocrx_word' id='word_1_232' title='bbox 801 3010 1093 3075; x_wconf 79' lang='lat' dir='ltr'><strong>baptizasse3</strong></span> <span class='ocrx_word' id='word_1_233' title='bbox 1111 3010 1289 3058; x_wconf 78' lang='lat' dir='ltr'><strong>Petrus</strong></span> 
     </span>
     <span class='ocr_line' id='line_1_32' title="bbox 285 3091 1291 3155; baseline 0 -15"><span class='ocrx_word' id='word_1_234' title='bbox 285 3092 534 3140; x_wconf 78' lang='lat' dir='ltr'><strong>Andream</strong></span> <span class='ocrx_word' id='word_1_235' title='bbox 551 3130 564 3152; x_wconf 93' lang='lat'>‚</span> <span class='ocrx_word' id='word_1_236' title='bbox 594 3091 826 3140; x_wconf 60' lang='lat' dir='ltr'><strong>„Iacobum</strong></span> <span class='ocrx_word' id='word_1_237' title='bbox 857 3101 901 3139; x_wconf 80' lang='lat' dir='ltr'><strong>et</strong></span> <span class='ocrx_word' id='word_1_238' title='bbox 916 3091 1184 3155; x_wconf 73' lang='lat' dir='ltr'><strong>Joamzem3</strong></span> <span class='ocrx_word' id='word_1_239' title='bbox 1210 3092 1291 3140; x_wconf 71' lang='lat' dir='ltr'><strong>illi</strong></span> 
     </span>
     <span class='ocr_line' id='line_1_33' title="bbox 274 3162 1283 3239; baseline 0.001 -18"><span class='ocrx_word' id='word_1_240' title='bbox 274 3162 435 3221; x_wconf 77' lang='lat' dir='ltr'><strong>autem</strong></span> <span class='ocrx_word' id='word_1_241' title='bbox 473 3172 690 3237; x_wconf 79' lang='lat' dir='ltr'><strong>reliquos.</strong></span> <span class='ocrx_word' id='word_1_242' title='bbox 727 3173 821 3221; x_wconf 88' lang='lat' dir='ltr'><strong>Cfr.</strong></span> <span class='ocrx_word' id='word_1_243' title='bbox 854 3175 941 3221; x_wconf 88' lang='lat' dir='ltr'><strong>hoc</strong></span> <span class='ocrx_word' id='word_1_244' title='bbox 978 3175 1283 3239; x_wconf 78' lang='lat' dir='ltr'><strong>fragmentum</strong></span> 
     </span>
     <span class='ocr_line' id='line_1_34' title="bbox 281 3253 1283 3320; baseline 0.001 -18"><span class='ocrx_word' id='word_1_245' title='bbox 281 3255 404 3319; x_wconf 85' lang='lat' dir='ltr'><strong>apud</strong></span> <span class='ocrx_word' id='word_1_246' title='bbox 422 3254 558 3303; x_wconf 85' lang='lat' dir='ltr'><strong>Joan.</strong></span> <span class='ocrx_word' id='word_1_247' title='bbox 589 3254 832 3303; x_wconf 85' lang='lat' dir='ltr'><strong>Moschum</strong></span> <span class='ocrx_word' id='word_1_248' title='bbox 851 3291 865 3315; x_wconf 92' lang='lat'><strong>,</strong></span> <span class='ocrx_word' id='word_1_249' title='bbox 894 3257 943 3304; x_wconf 87' lang='lat' dir='ltr'><strong>in</strong></span> <span class='ocrx_word' id='word_1_250' title='bbox 959 3253 1107 3303; x_wconf 73' lang='lat' dir='ltr'><strong>Prato</strong></span> <span class='ocrx_word' id='word_1_251' title='bbox 1132 3257 1283 3320; x_wconf 75' lang='lat' dir='ltr'><strong>spiri-</strong></span> 
     </span>
     <span class='ocr_line' id='line_1_35' title="bbox 279 3333 1279 3402; baseline 0.001 -18"><span class='ocrx_word' id='word_1_252' title='bbox 279 3335 421 3396; x_wconf 73' lang='lat' dir='ltr'><strong>tuali,</strong></span> <span class='ocrx_word' id='word_1_253' title='bbox 440 3353 544 3400; x_wconf 84' lang='lat' dir='ltr'><strong>cap.</strong></span> <span class='ocrx_word' id='word_1_254' title='bbox 567 3352 584 3382; x_wconf 91' lang='lat'>1</span> <span class='ocrx_word' id='word_1_255' title='bbox 596 3333 679 3402; x_wconf 86' lang='lat'><strong>76,</strong></span> <span class='ocrx_word' id='word_1_256' title='bbox 696 3353 750 3385; x_wconf 87' lang='lat' dir='ltr'><strong>ex</strong></span> <span class='ocrx_word' id='word_1_257' title='bbox 764 3353 856 3402; x_wconf 90' lang='lat' dir='ltr'><strong>quo</strong></span> <span class='ocrx_word' id='word_1_258' title='bbox 874 3336 988 3385; x_wconf 86' lang='lat' dir='ltr'><strong>illud</strong></span> <span class='ocrx_word' id='word_1_259' title='bbox 1003 3337 1279 3386; x_wconf 86' lang='lat' dir='ltr'><strong>refertJoan.</strong></span> 
     </span>
     <span class='ocr_line' id='line_1_36' title="bbox 279 3417 1281 3482; baseline 0.003 -18"><span class='ocrx_word' id='word_1_260' title='bbox 279 3417 484 3467; x_wconf 82' lang='lat' dir='ltr'><strong>Potterus</strong></span> <span class='ocrx_word' id='word_1_261' title='bbox 514 3417 762 3482; x_wconf 88' lang='lat' dir='ltr'><strong>Episcopus</strong></span> <span class='ocrx_word' id='word_1_262' title='bbox 780 3417 1056 3467; x_wconf 80' lang='lat' dir='ltr'><strong>Oxouiensis</strong></span> <span class='ocrx_word' id='word_1_263' title='bbox 1074 3456 1087 3478; x_wconf 87' lang='lat'><strong>,</strong></span> <span class='ocrx_word' id='word_1_264' title='bbox 1123 3421 1171 3466; x_wconf 85' lang='lat' dir='ltr'><strong>in</strong></span> <span class='ocrx_word' id='word_1_265' title='bbox 1201 3437 1281 3467; x_wconf 79' lang='lat' dir='ltr'><strong>sua</strong></span> 
     </span>
     <span class='ocr_line' id='line_1_37' title="bbox 278 3498 1277 3564; baseline 0.002 -18"><span class='ocrx_word' id='word_1_266' title='bbox 278 3498 390 3548; x_wconf 81' lang='lat' dir='ltr'><strong>edit.</strong></span> <span class='ocrx_word' id='word_1_267' title='bbox 419 3516 610 3564; x_wconf 87' lang='lat' dir='ltr'><strong>operum</strong></span> <span class='ocrx_word' id='word_1_268' title='bbox 634 3498 881 3548; x_wconf 83' lang='lat' dir='ltr'><strong>Clementis</strong></span> <span class='ocrx_word' id='word_1_269' title='bbox 906 3500 1041 3550; x_wconf 80' lang='lat' dir='ltr'><strong>Alex.-</strong></span> <span class='ocrx_word' id='word_1_270' title='bbox 1075 3509 1190 3551; x_wconf 81' lang='lat' dir='ltr'><strong>tom.</strong></span> <span class='ocrx_word' id='word_1_271' title='bbox 1215 3517 1277 3562; x_wconf 84' lang='lat'><strong>11,</strong></span> 
     </span>
     <span class='ocr_line' id='line_1_38' title="bbox 277 3577 1282 3643; baseline 0.005 -17"><span class='ocrx_word' id='word_1_272' title='bbox 277 3596 382 3643; x_wconf 80' lang='lat' dir='ltr'><strong>pag.</strong></span> <span class='ocrx_word' id='word_1_273' title='bbox 423 3577 773 3642; x_wconf 75' lang='lat' dir='ltr'><strong>1016,‚Venet.</strong></span> <span class='ocrx_word' id='word_1_274' title='bbox 805 3581 876 3630; x_wconf 81' lang='lat' dir='ltr'><strong>Ad</strong></span> <span class='ocrx_word' id='word_1_275' title='bbox 906 3582 1026 3629; x_wconf 84' lang='lat' dir='ltr'><strong>hanc</strong></span> <span class='ocrx_word' id='word_1_276' title='bbox 1042 3581 1204 3630; x_wconf 87' lang='lat' dir='ltr'><strong>Evodii</strong></span> <span class='ocrx_word' id='word_1_277' title='bbox 1236 3591 1282 3631; x_wconf 89' lang='lat' dir='ltr'><strong>et</strong></span> 
     </span>
     <span class='ocr_line' id='line_1_39' title="bbox 268 3658 1265 3729; baseline 0.006 -22"><span class='ocrx_word' id='word_1_278' title='bbox 268 3658 526 3711; x_wconf 72' lang='lat' dir='ltr'><strong>Clementis</strong></span> <span class='ocrx_word' id='word_1_279' title='bbox 538 3662 828 3712; x_wconf 82' lang='lat' dir='ltr'><strong>traditionem</strong></span> <span class='ocrx_word' id='word_1_280' title='bbox 836 3662 999 3712; x_wconf 79' lang='lat' dir='ltr'><strong>alludit</strong></span> <span class='ocrx_word' id='word_1_281' title='bbox 1008 3662 1265 3729; x_wconf 82' lang='lat' dir='ltr'><strong>Eutymius,</strong></span> 
     </span>
    </p>
   </div>
   <div class='ocr_carea' id='block_1_6' title="bbox 1360 2200 2385 3732">
    <p class='ocr_par' dir='ltr' id='par_1_7' title="bbox 1370 2200 2385 2669">
     <span class='ocr_line' id='line_1_40' title="bbox 1370 2200 2385 2264; baseline 0.002 -17"><span class='ocrx_word' id='word_1_282' title='bbox 1370 2217 1471 2259; x_wconf 73' lang='lat' dir='ltr'><strong>suS,</strong></span> <span class='ocrx_word' id='word_1_283' title='bbox 1500 2211 1586 2248; x_wconf 90' lang='lat' dir='ltr'><strong>etc.</strong></span> <span class='ocrx_word' id='word_1_284' title='bbox 1604 2201 1731 2257; x_wconf 81' lang='lat' dir='ltr'><strong>dicit,</strong></span> <span class='ocrx_word' id='word_1_285' title='bbox 1761 2201 1886 2248; x_wconf 86' lang='lat' dir='ltr'><strong>viros</strong></span> <span class='ocrx_word' id='word_1_286' title='bbox 1904 2200 2127 2264; x_wconf 85' lang='lat' dir='ltr'><strong>Apostolis</strong></span> <span class='ocrx_word' id='word_1_287' title='bbox 2155 2203 2385 2264; x_wconf 84' lang='lat' dir='ltr'><strong>proximos</strong></span> 
     </span>
     <span class='ocr_line' id='line_1_41' title="bbox 1372 2278 2381 2344; baseline 0.003 -18"><span class='ocrx_word' id='word_1_288' title='bbox 1372 2282 1620 2343; x_wconf 81' lang='lat' dir='ltr'><strong>scripsisse,</strong></span> <span class='ocrx_word' id='word_1_289' title='bbox 1641 2278 1828 2327; x_wconf 82' lang='lat' dir='ltr'><strong>Petrum</strong></span> <span class='ocrx_word' id='word_1_290' title='bbox 1845 2298 1869 2327; x_wconf 85' lang='lat' dir='ltr'><strong>a</strong></span> <span class='ocrx_word' id='word_1_291' title='bbox 1882 2279 2062 2327; x_wconf 85' lang='lat' dir='ltr'><strong>Christo</strong></span> <span class='ocrx_word' id='word_1_292' title='bbox 2077 2280 2381 2344; x_wconf 84' lang='lat' dir='ltr'><strong>baptizatum.</strong></span> 
     </span>
     <span class='ocr_line' id='line_1_42' title="bbox 1373 2359 2385 2426; baseline 0.003 -19"><span class='ocrx_word' id='word_1_293' title='bbox 1373 2360 1468 2407; x_wconf 86' lang='lat' dir='ltr'><strong>Cfr.</strong></span> <span class='ocrx_word' id='word_1_294' title='bbox 1486 2359 1531 2407; x_wconf 93' lang='lat' dir='ltr'><strong>S.</strong></span> <span class='ocrx_word' id='word_1_295' title='bbox 1548 2360 1847 2426; x_wconf 76' lang='lat' dir='ltr'><strong>AugustinuS‚</strong></span> <span class='ocrx_word' id='word_1_296' title='bbox 1867 2360 1922 2408; x_wconf 87' lang='lat' dir='ltr'><em>E</em></span> <span class='ocrx_word' id='word_1_297' title='bbox 1913 2363 2034 2426; x_wconf 74' lang='lat' dir='ltr'><strong>pist.</strong></span> <span class='ocrx_word' id='word_1_298' title='bbox 2052 2379 2205 2423; x_wconf 73' lang='lat' dir='ltr'><strong>cctxv,</strong></span> <span class='ocrx_word' id='word_1_299' title='bbox 2221 2362 2287 2409; x_wconf 84' lang='lat' dir='ltr'><strong>ad</strong></span> <span class='ocrx_word' id='word_1_300' title='bbox 2301 2361 2385 2410; x_wconf 88' lang='lat' dir='ltr'><strong>Se-</strong></span> 
     </span>
     <span class='ocr_line' id='line_1_43' title="bbox 1371 2441 2384 2509; baseline 0.003 -20"><span class='ocrx_word' id='word_1_301' title='bbox 1371 2441 1661 2507; x_wconf 76' lang='lat' dir='ltr'><strong>leucianam.</strong></span> <span class='ocrx_word' id='word_1_302' title='bbox 1698 2442 1833 2491; x_wconf 82' lang='lat' dir='ltr'><strong>Plura</strong></span> <span class='ocrx_word' id='word_1_303' title='bbox 1862 2446 2003 2491; x_wconf 84' lang='lat' dir='ltr'><strong>etiam</strong></span> <span class='ocrx_word' id='word_1_304' title='bbox 2026 2443 2130 2492; x_wconf 69' lang='lat' dir='ltr'><strong>vide</strong></span> <span class='ocrx_word' id='word_1_305' title='bbox 2166 2445 2288 2509; x_wconf 86' lang='lat' dir='ltr'><strong>apud</strong></span> <span class='ocrx_word' id='word_1_306' title='bbox 2318 2444 2384 2492; x_wconf 87' lang='lat' dir='ltr'><strong>La</strong></span> 
     </span>
     <span class='ocr_line' id='line_1_44' title="bbox 1374 2523 2379 2589; baseline 0.002 -18"><span class='ocrx_word' id='word_1_307' title='bbox 1374 2523 1519 2572; x_wconf 85' lang='lat' dir='ltr'><strong>Cerda</strong></span> <span class='ocrx_word' id='word_1_308' title='bbox 1547 2527 1597 2571; x_wconf 84' lang='lat' dir='ltr'><strong>in</strong></span> <span class='ocrx_word' id='word_1_309' title='bbox 1633 2523 1831 2571; x_wconf 80' lang='lat' dir='ltr'><strong>Adnott.</strong></span> <span class='ocrx_word' id='word_1_310' title='bbox 1869 2525 1934 2572; x_wconf 83' lang='lat' dir='ltr'><strong>ad</strong></span> <span class='ocrx_word' id='word_1_311' title='bbox 1973 2542 2073 2589; x_wconf 83' lang='lat' dir='ltr'><strong>cap.</strong></span> <span class='ocrx_word' id='word_1_312' title='bbox 2110 2541 2188 2584; x_wconf 86' lang='lat'><strong>11,</strong></span> <span class='ocrx_word' id='word_1_313' title='bbox 2242 2537 2284 2573; x_wconf 82' lang='lat' dir='ltr'><strong>et</strong></span> <span class='ocrx_word' id='word_1_314' title='bbox 2324 2541 2379 2573; x_wconf 84' lang='lat'><strong>12</strong></span> 
     </span>
     <span class='ocr_line' id='line_1_45' title="bbox 1371 2602 1970 2669; baseline 0.005 -20"><span class='ocrx_word' id='word_1_315' title='bbox 1371 2602 1488 2652; x_wconf 80' lang='lat' dir='ltr'><strong>libri</strong></span> <span class='ocrx_word' id='word_1_316' title='bbox 1522 2605 1570 2651; x_wconf 89' lang='lat' dir='ltr'><em>T</em></span> <span class='ocrx_word' id='word_1_317' title='bbox 1569 2603 1724 2652; x_wconf 80' lang='lat' dir='ltr'><strong>ertull.</strong></span> <span class='ocrx_word' id='word_1_318' title='bbox 1752 2604 1808 2651; x_wconf 81' lang='lat' dir='ltr'><strong>de</strong></span> <span class='ocrx_word' id='word_1_319' title='bbox 1825 2604 1970 2669; x_wconf 75' lang='lat' dir='ltr'><strong>Rape.</strong></span> 
     </span>
    </p>

    <p class='ocr_par' dir='ltr' id='par_1_8' title="bbox 1365 2683 2379 3304">
     <span class='ocr_line' id='line_1_46' title="bbox 1439 2683 2379 2750; baseline 0.003 -19"><span class='ocrx_word' id='word_1_320' title='bbox 1439 2686 1511 2748; x_wconf 87' lang='lat'><strong>(1)</strong></span> <span class='ocrx_word' id='word_1_321' title='bbox 1542 2683 1595 2732; x_wconf 86' lang='lat' dir='ltr'><em>E</em></span> <span class='ocrx_word' id='word_1_322' title='bbox 1587 2687 1706 2750; x_wconf 70' lang='lat' dir='ltr'><strong>pict.</strong></span> <span class='ocrx_word' id='word_1_323' title='bbox 1723 2687 1802 2734; x_wconf 88' lang='lat' dir='ltr'><strong>cit.</strong></span> <span class='ocrx_word' id='word_1_324' title='bbox 1815 2684 1881 2733; x_wconf 83' lang='lat' dir='ltr'><strong>ad</strong></span> <span class='ocrx_word' id='word_1_325' title='bbox 1891 2683 2250 2747; x_wconf 73' lang='lat' dir='ltr'><strong>seleucianam,</strong></span> <span class='ocrx_word' id='word_1_326' title='bbox 2266 2704 2314 2734; x_wconf 88' lang='lat' dir='ltr'><strong>n.</strong></span> <span class='ocrx_word' id='word_1_327' title='bbox 2329 2685 2379 2750; x_wconf 89' lang='lat'><strong>4.</strong></span> 
     </span>
     <span class='ocr_line' id='line_1_47' title="bbox 1382 2765 2376 2831; baseline 0.004 -20"><span class='ocrx_word' id='word_1_328' title='bbox 1382 2809 1386 2811; x_wconf 5' lang='lat' dir='ltr'><strong>a</strong></span> <span class='ocrx_word' id='word_1_329' title='bbox 1441 2767 1512 2828; x_wconf 77' lang='lat'><strong>(2)</strong></span> <span class='ocrx_word' id='word_1_330' title='bbox 1544 2765 1645 2815; x_wconf 84' lang='lat' dir='ltr'><strong>Cfr.</strong></span> <span class='ocrx_word' id='word_1_331' title='bbox 1685 2767 1809 2831; x_wconf 84' lang='lat' dir='ltr'><strong>apud</strong></span> <span class='ocrx_word' id='word_1_332' title='bbox 1847 2766 2183 2816; x_wconf 89' lang='lat' dir='ltr'><strong>Trombellium</strong></span> <span class='ocrx_word' id='word_1_333' title='bbox 2219 2771 2268 2815; x_wconf 88' lang='lat' dir='ltr'><strong>in</strong></span> <span class='ocrx_word' id='word_1_334' title='bbox 2297 2786 2376 2831; x_wconf 86' lang='lat' dir='ltr'><strong>op.</strong></span> 
     </span>
     <span class='ocr_line' id='line_1_48' title="bbox 1373 2847 2376 2914; baseline 0 -17"><span class='ocrx_word' id='word_1_335' title='bbox 1373 2848 1559 2897; x_wconf 47' lang='lat' dir='ltr'><strong>*Mariae</strong></span> <span class='ocrx_word' id='word_1_336' title='bbox 1571 2847 1663 2896; x_wconf 86' lang='lat' dir='ltr'><strong>SS.</strong></span> <span class='ocrx_word' id='word_1_337' title='bbox 1681 2849 1781 2896; x_wconf 83' lang='lat' dir='ltr'><strong>vita</strong></span> <span class='ocrx_word' id='word_1_338' title='bbox 1794 2864 1850 2895; x_wconf 88' lang='lat' dir='ltr'><strong>ac</strong></span> <span class='ocrx_word' id='word_1_339' title='bbox 1861 2858 2009 2911; x_wconf 77' lang='lat' dir='ltr'><strong>qesta,</strong></span> <span class='ocrx_word' id='word_1_340' title='bbox 2027 2849 2209 2898; x_wconf 88' lang='lat' dir='ltr'><strong>Bonon.</strong></span> <span class='ocrx_word' id='word_1_341' title='bbox 2234 2868 2250 2896; x_wconf 93' lang='lat'>1</span> <span class='ocrx_word' id='word_1_342' title='bbox 2263 2847 2376 2914; x_wconf 84' lang='lat'><strong>763,</strong></span> 
     </span>
     <span class='ocr_line' id='line_1_49' title="bbox 1375 2930 2374 2996; baseline 0.002 -20"><span class='ocrx_word' id='word_1_343' title='bbox 1375 2939 1487 2978; x_wconf 81' lang='lat' dir='ltr'><strong>tom.</strong></span> <span class='ocrx_word' id='word_1_344' title='bbox 1517 2947 1582 2987; x_wconf 80' lang='lat' dir='ltr'><strong>lv,</strong></span> <span class='ocrx_word' id='word_1_345' title='bbox 1614 2939 1731 2993; x_wconf 85' lang='lat' dir='ltr'><strong>part.</strong></span> <span class='ocrx_word' id='word_1_346' title='bbox 1756 2944 1774 2976; x_wconf 92' lang='lat'>1</span> <span class='ocrx_word' id='word_1_347' title='bbox 1792 2966 1807 2992; x_wconf 93' lang='lat'><strong>,</strong></span> <span class='ocrx_word' id='word_1_348' title='bbox 1838 2930 1949 2978; x_wconf 89' lang='lat' dir='ltr'><strong>diss.</strong></span> <span class='ocrx_word' id='word_1_349' title='bbox 1971 2948 2127 2988; x_wconf 75' lang='lat' dir='ltr'><strong>xxxw,</strong></span> <span class='ocrx_word' id='word_1_350' title='bbox 2147 2941 2309 2996; x_wconf 85' lang='lat' dir='ltr'><strong>quaest.</strong></span> <span class='ocrx_word' id='word_1_351' title='bbox 2336 2948 2374 2990; x_wconf 89' lang='lat'><strong>1,</strong></span> 
     </span>
     <span class='ocr_line' id='line_1_50' title="bbox 1371 3000 2377 3074; baseline 0.003 -17"><span class='ocrx_word' id='word_1_352' title='bbox 1371 3010 1452 3058; x_wconf 88' lang='lat' dir='ltr'><strong>ubi</strong></span> <span class='ocrx_word' id='word_1_353' title='bbox 1465 3012 1644 3074; x_wconf 90' lang='lat' dir='ltr'><strong>copiose</strong></span> <span class='ocrx_word' id='word_1_354' title='bbox 1661 3048 1674 3070; x_wconf 91' lang='lat'>‚</span> <span class='ocrx_word' id='word_1_355' title='bbox 1698 3022 1747 3058; x_wconf 90' lang='lat' dir='ltr'><strong>ut</strong></span> <span class='ocrx_word' id='word_1_356' title='bbox 1771 3013 1902 3070; x_wconf 82' lang='lat' dir='ltr'><strong>solet,</strong></span> <span class='ocrx_word' id='word_1_357' title='bbox 1934 3014 2138 3060; x_wconf 86' lang='lat' dir='ltr'><strong>eruditus</strong></span> <span class='ocrx_word' id='word_1_358' title='bbox 2165 3014 2243 3060; x_wconf 90' lang='lat' dir='ltr'><strong>hic</strong></span> <span class='ocrx_word' id='word_1_359' title='bbox 2265 3000 2377 3061; x_wconf 59' lang='lat' dir='ltr'><strong>auc-³</strong></span> 
     </span>
     <span class='ocr_line' id='line_1_51' title="bbox 1370 3095 2378 3160; baseline 0.001 -20"><span class='ocrx_word' id='word_1_360' title='bbox 1370 3103 1439 3140; x_wconf 78' lang='lat' dir='ltr'><strong>tor</strong></span> <span class='ocrx_word' id='word_1_361' title='bbox 1475 3110 1527 3141; x_wconf 89' lang='lat' dir='ltr'><strong>ea</strong></span> <span class='ocrx_word' id='word_1_362' title='bbox 1557 3095 1803 3155; x_wconf 78' lang='lat' dir='ltr'><strong>congessit,</strong></span> <span class='ocrx_word' id='word_1_363' title='bbox 1845 3110 1948 3159; x_wconf 83' lang='lat' dir='ltr'><strong>quae</strong></span> <span class='ocrx_word' id='word_1_364' title='bbox 1980 3098 2160 3160; x_wconf 81' lang='lat' dir='ltr'><strong>utrique</strong></span> <span class='ocrx_word' id='word_1_365' title='bbox 2200 3103 2378 3143; x_wconf 86' lang='lat' dir='ltr'><strong>senten-</strong></span> 
     </span>
     <span class='ocr_line' id='line_1_52' title="bbox 1368 3174 2371 3241; baseline 0 -20"><span class='ocrx_word' id='word_1_366' title='bbox 1368 3177 1447 3221; x_wconf 73' lang='lat' dir='ltr'><strong>tiae</strong></span> <span class='ocrx_word' id='word_1_367' title='bbox 1461 3209 1479 3235; x_wconf 83' lang='lat'><em>‚</em></span> <span class='ocrx_word' id='word_1_368' title='bbox 1511 3174 1757 3223; x_wconf 80' lang='lat' dir='ltr'><strong>affirmanti</strong></span> <span class='ocrx_word' id='word_1_369' title='bbox 1777 3176 1949 3224; x_wconf 87' lang='lat' dir='ltr'><strong>scilicet</strong></span> <span class='ocrx_word' id='word_1_370' title='bbox 1967 3187 2045 3224; x_wconf 86' lang='lat' dir='ltr'><strong>aut</strong></span> <span class='ocrx_word' id='word_1_371' title='bbox 2074 3177 2282 3241; x_wconf 83' lang='lat' dir='ltr'><strong>neganti,</strong></span> <span class='ocrx_word' id='word_1_372' title='bbox 2301 3175 2371 3222; x_wconf 84' lang='lat' dir='ltr'><strong>fa-</strong></span> 
     </span>
     <span class='ocr_line' id='line_1_53' title="bbox 1365 3266 1492 3304; baseline 0.008 -1"><span class='ocrx_word' id='word_1_373' title='bbox 1365 3266 1492 3304; x_wconf 86' lang='lat' dir='ltr'><strong>vent.</strong></span> 
     </span>
    </p>

    <p class='ocr_par' dir='ltr' id='par_1_9' title="bbox 1360 3337 2366 3732">
     <span class='ocr_line' id='line_1_54' title="bbox 1429 3337 2366 3405; baseline 0.001 -19"><span class='ocrx_word' id='word_1_374' title='bbox 1429 3337 1498 3402; x_wconf 84' lang='lat'><strong>(3)</strong></span> <span class='ocrx_word' id='word_1_375' title='bbox 1522 3338 1750 3404; x_wconf 87' lang='lat' dir='ltr'><strong>Vasquez,</strong></span> <span class='ocrx_word' id='word_1_376' title='bbox 1768 3338 1836 3386; x_wconf 79' lang='lat' dir='ltr'><strong>In</strong></span> <span class='ocrx_word' id='word_1_377' title='bbox 1848 3355 1902 3387; x_wconf 90' lang='lat'><strong>111</strong></span> <span class='ocrx_word' id='word_1_378' title='bbox 1910 3347 2044 3405; x_wconf 79' lang='lat' dir='ltr'><strong>part.</strong></span> <span class='ocrx_word' id='word_1_379' title='bbox 2058 3337 2112 3387; x_wconf 87' lang='lat' dir='ltr'><strong>S.</strong></span> <span class='ocrx_word' id='word_1_380' title='bbox 2127 3337 2222 3387; x_wconf 73' lang='lat' dir='ltr'><strong>Th.</strong></span> <span class='ocrx_word' id='word_1_381' title='bbox 2244 3337 2366 3402; x_wconf 85' lang='lat' dir='ltr'><strong>disp.</strong></span> 
     </span>
     <span class='ocr_line' id='line_1_55' title="bbox 1364 3419 2366 3484; baseline 0 -18"><span class='ocrx_word' id='word_1_382' title='bbox 1364 3436 1460 3466; x_wconf 76' lang='lat' dir='ltr'><strong>cxxx</strong></span> <span class='ocrx_word' id='word_1_383' title='bbox 1481 3456 1494 3479; x_wconf 87' lang='lat'><em>‚</em></span> <span class='ocrx_word' id='word_1_384' title='bbox 1517 3437 1613 3484; x_wconf 85' lang='lat' dir='ltr'><strong>cap.</strong></span> <span class='ocrx_word' id='word_1_385' title='bbox 1635 3436 1662 3483; x_wconf 89' lang='lat'><strong>7</strong></span> <span class='ocrx_word' id='word_1_386' title='bbox 1685 3457 1696 3478; x_wconf 93' lang='lat'>‚</span> <span class='ocrx_word' id='word_1_387' title='bbox 1726 3439 1777 3469; x_wconf 89' lang='lat' dir='ltr'><strong>n.</strong></span> <span class='ocrx_word' id='word_1_388' title='bbox 1796 3419 1885 3483; x_wconf 79' lang='lat'><strong>653</strong></span> <span class='ocrx_word' id='word_1_389' title='bbox 1916 3421 2051 3472; x_wconf 89' lang='lat' dir='ltr'><strong>Dom.</strong></span> <span class='ocrx_word' id='word_1_390' title='bbox 2072 3419 2198 3478; x_wconf 81' lang='lat' dir='ltr'><strong>Soto‚</strong></span> <span class='ocrx_word' id='word_1_391' title='bbox 2221 3419 2366 3467; x_wconf 83' lang='lat' dir='ltr'><strong>Com-</strong></span> 
     </span>
     <span class='ocr_line' id='line_1_56' title="bbox 1362 3501 2361 3567; baseline 0.003 -20"><span class='ocrx_word' id='word_1_392' title='bbox 1362 3509 1508 3549; x_wconf 79' lang='lat' dir='ltr'><strong>ment.</strong></span> <span class='ocrx_word' id='word_1_393' title='bbox 1539 3503 1594 3548; x_wconf 78' lang='lat' dir='ltr'><strong>in</strong></span> <span class='ocrx_word' id='word_1_394' title='bbox 1619 3517 1663 3550; x_wconf 86' lang='lat' dir='ltr'><strong>1v</strong></span> <span class='ocrx_word' id='word_1_395' title='bbox 1687 3501 1822 3551; x_wconf 72' lang='lat' dir='ltr'><strong>Sem.</strong></span> <span class='ocrx_word' id='word_1_396' title='bbox 1851 3503 1952 3552; x_wconf 84' lang='lat' dir='ltr'><strong>dist.</strong></span> <span class='ocrx_word' id='word_1_397' title='bbox 1985 3519 2015 3549; x_wconf 87' lang='lat' dir='ltr'>v</span> <span class='ocrx_word' id='word_1_398' title='bbox 2033 3539 2047 3561; x_wconf 89' lang='lat'>‚</span> <span class='ocrx_word' id='word_1_399' title='bbox 2075 3519 2122 3567; x_wconf 87' lang='lat' dir='ltr'><strong>q.</strong></span> <span class='ocrx_word' id='word_1_400' title='bbox 2157 3519 2241 3549; x_wconf 91' lang='lat' dir='ltr'><strong>un.</strong></span> <span class='ocrx_word' id='word_1_401' title='bbox 2273 3511 2361 3550; x_wconf 88' lang='lat' dir='ltr'><strong>art.</strong></span> 
     </span>
     <span class='ocr_line' id='line_1_57' title="bbox 1364 3582 2362 3649; baseline 0 -19"><span class='ocrx_word' id='word_1_402' title='bbox 1364 3598 1426 3643; x_wconf 82' lang='lat'><strong>2,</strong></span> <span class='ocrx_word' id='word_1_403' title='bbox 1454 3593 1569 3632; x_wconf 79' lang='lat' dir='ltr'><strong>tom.</strong></span> <span class='ocrx_word' id='word_1_404' title='bbox 1603 3599 1647 3644; x_wconf 88' lang='lat'><strong>1,</strong></span> <span class='ocrx_word' id='word_1_405' title='bbox 1672 3600 1773 3649; x_wconf 83' lang='lat' dir='ltr'><strong>pag.</strong></span> <span class='ocrx_word' id='word_1_406' title='bbox 1811 3584 1905 3646; x_wconf 81' lang='lat'><strong>237</strong></span> <span class='ocrx_word' id='word_1_407' title='bbox 1937 3594 1980 3632; x_wconf 85' lang='lat' dir='ltr'><strong>et</strong></span> <span class='ocrx_word' id='word_1_408' title='bbox 2008 3601 2104 3649; x_wconf 83' lang='lat' dir='ltr'><strong>seq.</strong></span> <span class='ocrx_word' id='word_1_409' title='bbox 2135 3583 2246 3632; x_wconf 89' lang='lat' dir='ltr'><strong>edit.</strong></span> <span class='ocrx_word' id='word_1_410' title='bbox 2264 3582 2362 3631; x_wconf 87' lang='lat' dir='ltr'><strong>Me-</strong></span> 
     </span>
     <span class='ocr_line' id='line_1_58' title="bbox 1360 3662 1954 3732; baseline -0.003 -19"><span class='ocrx_word' id='word_1_411' title='bbox 1360 3665 1561 3732; x_wconf 83' lang='lat' dir='ltr'><strong>thymnae</strong></span> <span class='ocrx_word' id='word_1_412' title='bbox 1578 3664 1741 3731; x_wconf 84' lang='lat' dir='ltr'><strong>Campi</strong></span> <span class='ocrx_word' id='word_1_413' title='bbox 1759 3702 1773 3726; x_wconf 90' lang='lat'>‚</span> <span class='ocrx_word' id='word_1_414' title='bbox 1814 3662 1954 3714; x_wconf 81' lang='lat'>1581.</span> 
     </span>
    </p>
   </div>
  </div>
 </body>
</html>
