<?xml version="1.0" encoding="UTF-8"?>
<!DOCTYPE html PUBLIC "-//W3C//DTD XHTML 1.0 Transitional//EN"
    "http://www.w3.org/TR/xhtml1/DTD/xhtml1-transitional.dtd">
<html xmlns="http://www.w3.org/1999/xhtml" xml:lang="en" lang="en">
 <head>
  <title>
</title>
<meta http-equiv="Content-Type" content="text/html;charset=utf-8" />
  <meta name='ocr-system' content='tesseract 3.04.00' />
  <meta name='ocr-capabilities' content='ocr_page ocr_carea ocr_par ocr_line ocrx_word'/>
</head>
<body>
  <div class='ocr_page' id='page_1' title='image "a603693806perruoft_0194.png"; bbox 0 0 2502 4186; ppageno 0'>
   <div class='ocr_carea' id='block_1_1' title="bbox 285 233 1794 318">
    <p class='ocr_par' dir='ltr' id='par_1_1' title="bbox 285 233 1794 318">
     <span class='ocr_line' id='line_1_1' title="bbox 285 233 1794 318; baseline 0.001 -26"><span class='ocrx_word' id='word_1_1' title='bbox 285 233 400 318; x_wconf 61' lang='lat'><strong>186</strong></span> <span class='ocrx_word' id='word_1_2' title='bbox 607 281 623 285; x_wconf 76' lang='grc'><strong>,.</strong></span> <span class='ocrx_word' id='word_1_3' title='bbox 928 253 1244 291; x_wconf 69' lang='lat' dir='ltr'><strong>TnAc&#39;rA&#39;rus</strong></span> <span class='ocrx_word' id='word_1_4' title='bbox 1284 255 1355 289; x_wconf 65' lang='lat' dir='ltr'><strong>&gt;mi</strong></span> <span class='ocrx_word' id='word_1_5' title='bbox 1373 278 1383 281; x_wconf 26' lang='lat'><strong>-‡</strong></span> <span class='ocrx_word' id='word_1_6' title='bbox 1397 254 1794 296; x_wconf 56' lang='lat' dir='ltr'><strong>accusamus.</strong></span> 
     </span>
    </p>
   </div>
   <div class='ocr_carea' id='block_1_2' title="bbox 184 394 2399 2680">
    <p class='ocr_par' dir='ltr' id='par_1_2' title="bbox 280 394 2393 668">
     <span class='ocr_line' id='line_1_2' title="bbox 280 394 2393 484; baseline 0.003 -28"><span class='ocrx_word' id='word_1_7' title='bbox 280 409 392 480; x_wconf 77' lang='lat' dir='ltr'><strong>etc.</strong></span> <span class='ocrx_word' id='word_1_8' title='bbox 430 418 556 455; x_wconf 18' lang='lat' dir='ltr'><strong>*uno</strong></span> <span class='ocrx_word' id='word_1_9' title='bbox 590 416 697 455; x_wconf 85' lang='lat' dir='ltr'><strong>-ore</strong></span> <span class='ocrx_word' id='word_1_10' title='bbox 719 395 900 472; x_wconf 85' lang='lat' dir='ltr'><strong>hunc.</strong></span> <span class='ocrx_word' id='word_1_11' title='bbox 939 394 1089 472; x_wconf 26' lang='lat' dir='ltr'><strong>fidei·</strong></span> <span class='ocrx_word' id='word_1_12' title='bbox 1116 394 1426 458; x_wconf 86' lang='lat' dir='ltr'><strong>articulum</strong></span> <span class='ocrx_word' id='word_1_13' title='bbox 1475 416 1607 455; x_wconf 86' lang='lat' dir='ltr'><strong>cum</strong></span> <span class='ocrx_word' id='word_1_14' title='bbox 1644 397 1887 457; x_wconf 77' lang='lat' dir='ltr'>Ecclesia</span> <span class='ocrx_word' id='word_1_15' title='bbox 1922 401 2180 470; x_wconf 79' lang='lat' dir='ltr'><strong>Romana</strong></span> <span class='ocrx_word' id='word_1_16' title='bbox 2219 406 2393 484; x_wconf 80' lang='lat' dir='ltr'><strong>profi-</strong></span> 
     </span>
     <span class='ocr_line' id='line_1_3' title="bbox 281 490 2391 572; baseline 0.003 -20"><span class='ocrx_word' id='word_1_17' title='bbox 281 505 482 564; x_wconf 75' lang='lat' dir='ltr'><strong>tentur</strong></span> <span class='ocrx_word' id='word_1_18' title='bbox 509 537 525 566; x_wconf 76' lang='grc'><em>,</em></span> <span class='ocrx_word' id='word_1_19' title='bbox 563 500 629 548; x_wconf 89' lang='lat' dir='ltr'><strong>ut</strong></span> <span class='ocrx_word' id='word_1_20' title='bbox 657 500 882 562; x_wconf 83' lang='lat' dir='ltr'><strong>constat</strong></span> <span class='ocrx_word' id='word_1_21' title='bbox 914 511 990 550; x_wconf 83' lang='lat' dir='ltr'><strong>ex</strong></span> <span class='ocrx_word' id='word_1_22' title='bbox 1026 490 1166 551; x_wconf 87' lang='lat' dir='ltr'><strong>actis</strong></span> <span class='ocrx_word' id='word_1_23' title='bbox 1203 491 1582 565; x_wconf 77' lang='lat' dir='ltr'>authenticis,</span> <span class='ocrx_word' id='word_1_24' title='bbox 1614 491 1863 572; x_wconf 85' lang='lat' dir='ltr'><strong>publicis</strong></span> <span class='ocrx_word' id='word_1_25' title='bbox 1906 494 2391 572; x_wconf 78' lang='lat' dir='ltr'><strong>confessionibu3‚</strong></span> 
     </span>
     <span class='ocr_line' id='line_1_4' title="bbox 280 584 1581 668; baseline -0.001 -22"><span class='ocrx_word' id='word_1_26' title='bbox 280 585 557 667; x_wconf 68' lang='lat' dir='ltr'><strong>liturgiiS,</strong></span> <span class='ocrx_word' id='word_1_27' title='bbox 589 605 714 667; x_wconf 84' lang='lat' dir='ltr'><strong>quae</strong></span> <span class='ocrx_word' id='word_1_28' title='bbox 745 584 936 645; x_wconf 86' lang='lat' dir='ltr'><strong>adhuc</strong></span> <span class='ocrx_word' id='word_1_29' title='bbox 964 598 1278 668; x_wconf 81' lang='lat' dir='ltr'><strong>supersunt</strong></span> <span class='ocrx_word' id='word_1_30' title='bbox 1303 584 1581 668; x_wconf 48' lang='grc' dir='ltr'><strong>(1).ἱ</strong></span> 
     </span>
    </p>

    <p class='ocr_par' dir='ltr' id='par_1_3' title="bbox 277 679 2396 1339">
     <span class='ocr_line' id='line_1_5' title="bbox 360 679 2392 765; baseline 0.004 -25"><span class='ocrx_word' id='word_1_31' title='bbox 360 681 461 740; x_wconf 89' lang='lat'><strong>70.-</strong></span> <span class='ocrx_word' id='word_1_32' title='bbox 504 681 630 739; x_wconf 87' lang='lat' dir='ltr'><strong>1V0.</strong></span> <span class='ocrx_word' id='word_1_33' title='bbox 676 682 927 742; x_wconf 89' lang='lat' dir='ltr'><strong>Demum</strong></span> <span class='ocrx_word' id='word_1_34' title='bbox 951 679 1252 753; x_wconf 80' lang='lat' dir='ltr'><strong>calumniae</strong></span> <span class='ocrx_word' id='word_1_35' title='bbox 1274 684 1410 765; x_wconf 82' lang='lat' dir='ltr'><strong>ipsae</strong></span> <span class='ocrx_word' id='word_1_36' title='bbox 1433 695 1490 742; x_wconf 89' lang='lat' dir='ltr'><strong>et</strong></span> <span class='ocrx_word' id='word_1_37' title='bbox 1520 681 1997 765; x_wconf 72' lang='lat' dir='ltr'><strong>exprobrationes</strong></span> <span class='ocrx_word' id='word_1_38' title='bbox 2025 684 2392 748; x_wconf 85' lang='lat' dir='ltr'><strong>ethnicorum</strong></span> 
     </span>
     <span class='ocr_line' id='line_1_6' title="bbox 279 773 2394 863; baseline 0.003 -26"><span class='ocrx_word' id='word_1_39' title='bbox 279 776 559 838; x_wconf 83' lang='lat' dir='ltr'><strong>adversus</strong></span> <span class='ocrx_word' id='word_1_40' title='bbox 575 773 934 842; x_wconf 69' lang='lat' dir='ltr'>Christianos</span> <span class='ocrx_word' id='word_1_41' title='bbox 951 821 967 853; x_wconf 63' lang='lat'>7</span> <span class='ocrx_word' id='word_1_42' title='bbox 1000 775 1062 836; x_wconf 90' lang='lat' dir='ltr'><strong>id</strong></span> <span class='ocrx_word' id='word_1_43' title='bbox 1086 777 1280 859; x_wconf 71' lang='lat' dir='ltr'><strong>ipsum</strong></span> <span class='ocrx_word' id='word_1_44' title='bbox 1303 777 1645 841; x_wconf 89' lang='lat' dir='ltr'><strong>ostendunt.</strong></span> <span class='ocrx_word' id='word_1_45' title='bbox 1674 781 1754 843; x_wconf 88' lang='lat' dir='ltr'><strong>Eo</strong></span> <span class='ocrx_word' id='word_1_46' title='bbox 1772 781 1929 839; x_wconf 88' lang='lat' dir='ltr'><strong>enim</strong></span> <span class='ocrx_word' id='word_1_47' title='bbox 1947 792 2214 862; x_wconf 89' lang='lat' dir='ltr'><strong>spectant</strong></span> <span class='ocrx_word' id='word_1_48' title='bbox 2234 827 2249 854; x_wconf 73' lang='grc'><em>,</em></span> <span class='ocrx_word' id='word_1_49' title='bbox 2267 804 2394 863; x_wconf 77' lang='lat' dir='ltr'><strong>quae</strong></span> 
     </span>
     <span class='ocr_line' id='line_1_7' title="bbox 278 869 2393 957; baseline 0.004 -27"><span class='ocrx_word' id='word_1_50' title='bbox 278 871 351 931; x_wconf 90' lang='lat' dir='ltr'><strong>de</strong></span> <span class='ocrx_word' id='word_1_51' title='bbox 375 869 562 954; x_wconf 77' lang='lat' dir='ltr'><strong>epuli-s</strong></span> <span class='ocrx_word' id='word_1_52' title='bbox 589 870 867 952; x_wconf 78' lang='lat' dir='ltr'><strong>thyesteis</strong></span> <span class='ocrx_word' id='word_1_53' title='bbox 884 916 902 948; x_wconf 84' lang='lat'>‚</span> <span class='ocrx_word' id='word_1_54' title='bbox 928 871 1301 945; x_wconf 74' lang='lat' dir='ltr'><strong>infanticidiis</strong></span> <span class='ocrx_word' id='word_1_55' title='bbox 1322 919 1338 949; x_wconf 69' lang='lat'><strong>,</strong></span> <span class='ocrx_word' id='word_1_56' title='bbox 1368 873 1871 956; x_wconf 81' lang='lat' dir='ltr'><strong>anthropophagia</strong></span> <span class='ocrx_word' id='word_1_57' title='bbox 1893 921 1909 949; x_wconf 78' lang='lat'><strong>,</strong></span> <span class='ocrx_word' id='word_1_58' title='bbox 1945 874 2104 957; x_wconf 88' lang='lat' dir='ltr'><strong>apud</strong></span> <span class='ocrx_word' id='word_1_59' title='bbox 2132 876 2393 938; x_wconf 92' lang='lat' dir='ltr'><strong>ethnicos</strong></span> 
     </span>
     <span class='ocr_line' id='line_1_8' title="bbox 278 965 2396 1050; baseline 0.003 -26"><span class='ocrx_word' id='word_1_60' title='bbox 278 965 575 1049; x_wconf 76' lang='lat' dir='ltr'><strong>divulgata</strong></span> <span class='ocrx_word' id='word_1_61' title='bbox 616 978 785 1027; x_wconf 90' lang='lat' dir='ltr'><strong>erant</strong></span> <span class='ocrx_word' id='word_1_62' title='bbox 806 1013 821 1042; x_wconf 75' lang='grc'><em>,</em></span> <span class='ocrx_word' id='word_1_63' title='bbox 866 980 932 1033; x_wconf 85' lang='lat' dir='ltr'><strong>ut</strong></span> <span class='ocrx_word' id='word_1_64' title='bbox 962 978 1099 1050; x_wconf 84' lang='lat' dir='ltr'><strong>pote</strong></span> <span class='ocrx_word' id='word_1_65' title='bbox 1124 989 1199 1035; x_wconf 54' lang='lat' dir='ltr'><strong>&gt;ex</strong></span> <span class='ocrx_word' id='word_1_66' title='bbox 1215 970 1456 1042; x_wconf 79' lang='lat' dir='ltr'><strong>confusa</strong></span> <span class='ocrx_word' id='word_1_67' title='bbox 1484 970 1692 1034; x_wconf 86' lang='lat' dir='ltr'><strong>notitia</strong></span> <span class='ocrx_word' id='word_1_68' title='bbox 1728 971 2140 1048; x_wconf 80' lang='lat' dir='ltr'><strong>mysteriorum</strong></span> <span class='ocrx_word' id='word_1_69' title='bbox 2170 983 2396 1031; x_wconf 85' lang='lat' dir='ltr'><strong>nostro-</strong></span> 
     </span>
     <span class='ocr_line' id='line_1_9' title="bbox 277 1063 2394 1147; baseline 0.003 -26"><span class='ocrx_word' id='word_1_70' title='bbox 277 1085 411 1132; x_wconf 79' lang='lat' dir='ltr'><strong>rum</strong></span> <span class='ocrx_word' id='word_1_71' title='bbox 446 1074 666 1127; x_wconf 86' lang='lat' dir='ltr'><strong>exorta.</strong></span> <span class='ocrx_word' id='word_1_72' title='bbox 715 1063 848 1123; x_wconf 80' lang='lat' dir='ltr'><strong>Dixi</strong></span> <span class='ocrx_word' id='word_1_73' title='bbox 884 1068 1173 1144; x_wconf 74' lang='lat' dir='ltr'><strong>confusa,</strong></span> <span class='ocrx_word' id='word_1_74' title='bbox 1203 1065 1502 1147; x_wconf 66' lang='lat' dir='ltr'><strong>siquidem</strong></span> <span class='ocrx_word' id='word_1_75' title='bbox 1540 1065 1851 1132; x_wconf 80' lang='lat' dir='ltr'><strong>Cluistiani</strong></span> <span class='ocrx_word' id='word_1_76' title='bbox 1877 1076 2041 1133; x_wconf 76' lang='lat' dir='ltr'><strong>tanta</strong></span> <span class='ocrx_word' id='word_1_77' title='bbox 2087 1066 2394 1130; x_wconf 81' lang='lat' dir='ltr'><strong>sedulitate</strong></span> 
     </span>
     <span class='ocr_line' id='line_1_10' title="bbox 277 1152 2394 1244; baseline 0.002 -27"><span class='ocrx_word' id='word_1_78' title='bbox 277 1159 620 1244; x_wconf 78' lang='lat' dir='ltr'><strong>mysterium</strong></span> <span class='ocrx_word' id='word_1_79' title='bbox 656 1158 1118 1223; x_wconf 39' lang='lat' dir='ltr'><strong>,eucharisticum</strong></span> <span class='ocrx_word' id='word_1_80' title='bbox 1165 1152 1412 1227; x_wconf 81' lang='lat' dir='ltr'><strong>ethnicis</strong></span> <span class='ocrx_word' id='word_1_81' title='bbox 1452 1160 1869 1238; x_wconf 74' lang='lat' dir='ltr'><strong>occultabant,</strong></span> <span class='ocrx_word' id='word_1_82' title='bbox 1913 1173 1980 1222; x_wconf 91' lang='lat' dir='ltr'><strong>ut</strong></span> <span class='ocrx_word' id='word_1_83' title='bbox 2016 1163 2165 1225; x_wconf 81' lang='lat' dir='ltr'><strong>mor-i</strong></span> <span class='ocrx_word' id='word_1_84' title='bbox 2203 1164 2394 1243; x_wconf 91' lang='lat' dir='ltr'><strong>potius</strong></span> 
     </span>
     <span class='ocr_line' id='line_1_11' title="bbox 278 1254 2392 1339; baseline 0.003 -27"><span class='ocrx_word' id='word_1_85' title='bbox 278 1276 454 1336; x_wconf 82' lang='lat' dir='ltr'><strong>quam</strong></span> <span class='ocrx_word' id='word_1_86' title='bbox 478 1265 767 1320; x_wconf 80' lang='lat' dir='ltr'><strong>secretum</strong></span> <span class='ocrx_word' id='word_1_87' title='bbox 799 1254 1053 1337; x_wconf 78' lang='lat' dir='ltr'><strong>prodere·</strong></span> <span class='ocrx_word' id='word_1_88' title='bbox 1083 1255 1327 1327; x_wconf 82' lang='lat' dir='ltr'><strong>mallent</strong></span> <span class='ocrx_word' id='word_1_89' title='bbox 1353 1256 1460 1338; x_wconf 78' lang='lat'>(2).</span> <span class='ocrx_word' id='word_1_90' title='bbox 1477 1258 1626 1330; x_wconf 83' lang='lat' dir='ltr'><strong>-Quis</strong></span> <span class='ocrx_word' id='word_1_91' title='bbox 1650 1279 1825 1339; x_wconf 88' lang='lat' dir='ltr'><strong>porro</strong></span> <span class='ocrx_word' id='word_1_92' title='bbox 1862 1255 1972 1320; x_wconf 81' lang='lat' dir='ltr'><strong>sibi</strong></span> <span class='ocrx_word' id='word_1_93' title='bbox 2008 1258 2356 1337; x_wconf 81' lang='lat' dir='ltr'><strong>persuadeat</strong></span> <span class='ocrx_word' id='word_1_94' title='bbox 2376 1304 2392 1333; x_wconf 73' lang='lat'><strong>,</strong></span> 
     </span>
    </p>

    <p class='ocr_par' dir='ltr' id='par_1_4' title="bbox 184 1350 2399 2680">
     <span class='ocr_line' id='line_1_12' title="bbox 278 1350 2395 1417; baseline 0.001 -7"><span class='ocrx_word' id='word_1_95' title='bbox 278 1351 454 1410; x_wconf 91' lang='lat' dir='ltr'><strong>etiam</strong></span> <span class='ocrx_word' id='word_1_96' title='bbox 479 1371 613 1417; x_wconf 80' lang='lat' dir='ltr'><strong>cum</strong></span> <span class='ocrx_word' id='word_1_97' title='bbox 631 1350 765 1414; x_wconf 79' lang='lat' dir='ltr'><strong>vitae</strong></span> <span class='ocrx_word' id='word_1_98' title='bbox 791 1350 1123 1416; x_wconf 82' lang='lat' dir='ltr'><strong>discrimine</strong></span> <span class='ocrx_word' id='word_1_99' title='bbox 1150 1351 1399 1416; x_wconf 86' lang='lat' dir='ltr'><strong>voluisse</strong></span> <span class='ocrx_word' id='word_1_100' title='bbox 1418 1352 1774 1414; x_wconf 81' lang='lat' dir='ltr'><strong>Christianos</strong></span> <span class='ocrx_word' id='word_1_101' title='bbox 1791 1351 2038 1414; x_wconf 87' lang='lat' dir='ltr'><strong>ethnicis</strong></span> <span class='ocrx_word' id='word_1_102' title='bbox 2053 1351 2395 1417; x_wconf 82' lang='lat' dir='ltr'><strong>subtrahere</strong></span> 
     </span>
     <span class='ocr_line' id='line_1_13' title="bbox 184 1438 2396 1530; baseline 0.001 -25"><span class='ocrx_word' id='word_1_103' title='bbox 184 1438 187 1441; x_wconf 36' lang='lat'><strong>⁴</strong></span> <span class='ocrx_word' id='word_1_104' title='bbox 278 1447 671 1525; x_wconf 79' lang='lat' dir='ltr'><strong>cognitionem</strong></span> <span class='ocrx_word' id='word_1_105' title='bbox 710 1446 1075 1515; x_wconf 67' lang='lat' dir='ltr'><strong>eucharistici</strong></span> <span class='ocrx_word' id='word_1_106' title='bbox 1104 1448 1405 1528; x_wconf 75' lang='lat' dir='ltr'><strong>mysterii,</strong></span> <span class='ocrx_word' id='word_1_107' title='bbox 1430 1448 1477 1507; x_wconf 92' lang='lat' dir='ltr'><strong>si</strong></span> <span class='ocrx_word' id='word_1_108' title='bbox 1502 1449 1564 1509; x_wconf 91' lang='lat' dir='ltr'><strong>in</strong></span> <span class='ocrx_word' id='word_1_109' title='bbox 1589 1447 1700 1510; x_wconf 87' lang='lat' dir='ltr'><strong>hoc</strong></span> <span class='ocrx_word' id='word_1_110' title='bbox 1729 1448 1841 1530; x_wconf 85' lang='lat' dir='ltr'><strong>ipsi</strong></span> <span class='ocrx_word' id='word_1_111' title='bbox 1872 1471 1990 1509; x_wconf 85' lang='lat' dir='ltr'><strong>non</strong></span> <span class='ocrx_word' id='word_1_112' title='bbox 2022 1448 2396 1528; x_wconf 80' lang='lat' dir='ltr'><strong>agnovissent</strong></span> 
     </span>
     <span class='ocr_line' id='line_1_14' title="bbox 277 1541 2399 1624; baseline 0.001 -24"><span class='ocrx_word' id='word_1_113' title='bbox 277 1562 412 1622; x_wconf 84' lang='lat' dir='ltr'><strong>cum</strong></span> <span class='ocrx_word' id='word_1_114' title='bbox 448 1541 915 1610; x_wconf 55' lang='lat' dir='ltr'><strong>¹,I’rutcstantihus</strong></span> <span class='ocrx_word' id='word_1_115' title='bbox 970 1544 1083 1610; x_wconf 86' lang='lat' dir='ltr'><strong>nisi</strong></span> <span class='ocrx_word' id='word_1_116' title='bbox 1129 1543 1359 1610; x_wconf 84' lang='lat' dir='ltr'><strong>nudum</strong></span> <span class='ocrx_word' id='word_1_117' title='bbox 1409 1545 1778 1624; x_wconf 75' lang='lat' dir='ltr'><strong>symbolum,</strong></span> <span class='ocrx_word' id='word_1_118' title='bbox 1828 1555 2042 1623; x_wconf 66' lang='lat' dir='ltr'><strong>typum</strong></span> <span class='ocrx_word' id='word_1_119' title='bbox 2095 1554 2197 1604; x_wconf 91' lang='lat' dir='ltr'><strong>aut</strong></span> <span class='ocrx_word' id='word_1_120' title='bbox 2233 1544 2399 1623; x_wconf 68' lang='lat' dir='ltr'><strong>siqu·-</strong></span> 
     </span>
     <span class='ocr_line' id='line_1_15' title="bbox 277 1636 2396 1720; baseline 0.001 -26"><span class='ocrx_word' id='word_1_121' title='bbox 277 1636 460 1696; x_wconf 68' lang='lat' dir='ltr'><strong>ram?</strong></span> <span class='ocrx_word' id='word_1_122' title='bbox 494 1640 759 1717; x_wconf 83' lang='lat' dir='ltr'><strong>Quanam</strong></span> <span class='ocrx_word' id='word_1_123' title='bbox 795 1639 1018 1702; x_wconf 86' lang='lat' dir='ltr'><strong>ratione</strong></span> <span class='ocrx_word' id='word_1_124' title='bbox 1050 1661 1110 1705; x_wconf 86' lang='lat' dir='ltr'><strong>se</strong></span> <span class='ocrx_word' id='word_1_125' title='bbox 1146 1651 1416 1720; x_wconf 79' lang='lat' dir='ltr'><strong>gererent</strong></span> <span class='ocrx_word' id='word_1_126' title='bbox 1453 1643 1852 1706; x_wconf 86' lang='lat' dir='ltr'><strong>Protestantes</strong></span> <span class='ocrx_word' id='word_1_127' title='bbox 1880 1650 1942 1703; x_wconf 83' lang='lat' dir='ltr'><strong>et</strong></span> <span class='ocrx_word' id='word_1_128' title='bbox 1964 1637 2355 1702; x_wconf 85' lang='lat' dir='ltr'><strong>Rationalistae</strong></span> <span class='ocrx_word' id='word_1_129' title='bbox 2375 1683 2396 1711; x_wconf 16' lang='lat' dir='ltr'><strong>,A</strong></span> 
     </span>
     <span class='ocr_line' id='line_1_16' title="bbox 279 1734 2394 1816; baseline 0 -25"><span class='ocrx_word' id='word_1_130' title='bbox 279 1734 327 1791; x_wconf 91' lang='lat' dir='ltr'><strong>si</strong></span> <span class='ocrx_word' id='word_1_131' title='bbox 364 1735 429 1792; x_wconf 92' lang='lat' dir='ltr'><strong>in</strong></span> <span class='ocrx_word' id='word_1_132' title='bbox 469 1734 689 1797; x_wconf 84' lang='lat' dir='ltr'><strong>crimen</strong></span> <span class='ocrx_word' id='word_1_133' title='bbox 729 1745 787 1795; x_wconf 92' lang='lat' dir='ltr'><strong>et</strong></span> <span class='ocrx_word' id='word_1_134' title='bbox 836 1735 971 1803; x_wconf 81' lang='lat' dir='ltr'><strong>vitae</strong></span> <span class='ocrx_word' id='word_1_135' title='bbox 1006 1735 1329 1816; x_wconf 87' lang='lat' dir='ltr'><strong>periculum</strong></span> <span class='ocrx_word' id='word_1_136' title='bbox 1379 1735 1487 1795; x_wconf 89' lang='lat' dir='ltr'><strong>hac</strong></span> <span class='ocrx_word' id='word_1_137' title='bbox 1521 1734 1594 1797; x_wconf 91' lang='lat' dir='ltr'><strong>de</strong></span> <span class='ocrx_word' id='word_1_138' title='bbox 1637 1756 1805 1799; x_wconf 85' lang='lat' dir='ltr'><strong>causa</strong></span> <span class='ocrx_word' id='word_1_139' title='bbox 1853 1735 2247 1798; x_wconf 82' lang='lat' dir='ltr'><strong>vocarentur?</strong></span> <span class='ocrx_word' id='word_1_140' title='bbox 2287 1734 2394 1795; x_wconf 84' lang='lat' dir='ltr'><strong>At-</strong></span> 
     </span>
     <span class='ocr_line' id='line_1_17' title="bbox 282 1829 2396 1901; baseline -0 -14"><span class='ocrx_word' id='word_1_141' title='bbox 282 1841 480 1895; x_wconf 86' lang='lat' dir='ltr'><strong>tamen</strong></span> <span class='ocrx_word' id='word_1_142' title='bbox 514 1850 646 1896; x_wconf 82' lang='lat' dir='ltr'><strong>cum</strong></span> <span class='ocrx_word' id='word_1_143' title='bbox 687 1829 828 1889; x_wconf 89' lang='lat' dir='ltr'><strong>olim</strong></span> <span class='ocrx_word' id='word_1_144' title='bbox 873 1852 1073 1893; x_wconf 88' lang='lat' dir='ltr'><strong>rumor</strong></span> <span class='ocrx_word' id='word_1_145' title='bbox 1111 1830 1347 1894; x_wconf 82' lang='lat' dir='ltr'><strong>illorum</strong></span> <span class='ocrx_word' id='word_1_146' title='bbox 1395 1831 1707 1901; x_wconf 84' lang='lat' dir='ltr'><strong>criminum</strong></span> <span class='ocrx_word' id='word_1_147' title='bbox 1759 1851 1879 1893; x_wconf 83' lang='lat' dir='ltr'><strong>non</strong></span> <span class='ocrx_word' id='word_1_148' title='bbox 1917 1830 2097 1897; x_wconf 84' lang='lat' dir='ltr'><strong>semel</strong></span> <span class='ocrx_word' id='word_1_149' title='bbox 2133 1831 2396 1888; x_wconf 88' lang='lat' dir='ltr'><strong>furorem</strong></span> 
     </span>
     <span class='ocr_line' id='line_1_18' title="bbox 277 1925 2394 2007; baseline 0 -23"><span class='ocrx_word' id='word_1_150' title='bbox 277 1925 627 2007; x_wconf 83' lang='lat' dir='ltr'><strong>popularem</strong></span> <span class='ocrx_word' id='word_1_151' title='bbox 663 1927 725 1987; x_wconf 91' lang='lat' dir='ltr'><strong>in</strong></span> <span class='ocrx_word' id='word_1_152' title='bbox 750 1926 1104 1988; x_wconf 89' lang='lat' dir='ltr'><strong>Christianos</strong></span> <span class='ocrx_word' id='word_1_153' title='bbox 1142 1928 1473 2002; x_wconf 74' lang='lat' dir='ltr'><strong>excitasset,</strong></span> <span class='ocrx_word' id='word_1_154' title='bbox 1503 1926 1660 1986; x_wconf 88' lang='lat' dir='ltr'><strong>unde</strong></span> <span class='ocrx_word' id='word_1_155' title='bbox 1697 1938 1852 1985; x_wconf 84' lang='lat' dir='ltr'><strong>mota</strong></span> <span class='ocrx_word' id='word_1_156' title='bbox 1879 1927 2054 1992; x_wconf 87' lang='lat' dir='ltr'><strong>fuerit</strong></span> <span class='ocrx_word' id='word_1_157' title='bbox 2081 1925 2394 1985; x_wconf 82' lang='lat' dir='ltr'><strong>saevissima</strong></span> 
     </span>
     <span class='ocr_line' id='line_1_19' title="bbox 194 2020 2393 2105; baseline -0.002 -25"><span class='ocrx_word' id='word_1_158' title='bbox 194 2093 203 2102; x_wconf 37' lang='lat'><strong>·</strong></span> <span class='ocrx_word' id='word_1_159' title='bbox 276 2023 601 2102; x_wconf 88' lang='lat' dir='ltr'><strong>persecutio</strong></span> <span class='ocrx_word' id='word_1_160' title='bbox 636 2033 920 2105; x_wconf 88' lang='lat' dir='ltr'><strong>tanquam</strong></span> <span class='ocrx_word' id='word_1_161' title='bbox 957 2024 1021 2083; x_wconf 92' lang='lat' dir='ltr'><strong>in</strong></span> <span class='ocrx_word' id='word_1_162' title='bbox 1054 2023 1322 2082; x_wconf 91' lang='lat' dir='ltr'><strong>homines</strong></span> <span class='ocrx_word' id='word_1_163' title='bbox 1360 2024 1607 2104; x_wconf 75' lang='lat' dir='ltr'><strong>impios,</strong></span> <span class='ocrx_word' id='word_1_164' title='bbox 1644 2022 2010 2088; x_wconf 87' lang='lat' dir='ltr'><strong>infanticidas</strong></span> <span class='ocrx_word' id='word_1_165' title='bbox 2054 2033 2114 2080; x_wconf 90' lang='lat' dir='ltr'><strong>et</strong></span> <span class='ocrx_word' id='word_1_166' title='bbox 2153 2020 2393 2078; x_wconf 89' lang='lat' dir='ltr'><strong>anthro-</strong></span> 
     </span>
     <span class='ocr_line' id='line_1_20' title="bbox 278 2114 2394 2200; baseline -0.001 -26"><span class='ocrx_word' id='word_1_167' title='bbox 278 2116 573 2199; x_wconf 83' lang='lat' dir='ltr'><strong>pophagos</strong></span> <span class='ocrx_word' id='word_1_168' title='bbox 595 2163 626 2192; x_wconf 26' lang='lat' dir='ltr'><strong>,v</strong></span> <span class='ocrx_word' id='word_1_169' title='bbox 660 2119 760 2200; x_wconf 90' lang='lat' dir='ltr'><strong>qui</strong></span> <span class='ocrx_word' id='word_1_170' title='bbox 790 2118 1059 2179; x_wconf 90' lang='lat' dir='ltr'><strong>carnibus</strong></span> <span class='ocrx_word' id='word_1_171' title='bbox 1083 2119 1321 2180; x_wconf 88' lang='lat' dir='ltr'><strong>infantis</strong></span> <span class='ocrx_word' id='word_1_172' title='bbox 1353 2119 1513 2200; x_wconf 88' lang='lat' dir='ltr'><strong>prius</strong></span> <span class='ocrx_word' id='word_1_173' title='bbox 1545 2119 1607 2176; x_wconf 91' lang='lat' dir='ltr'><strong>in</strong></span> <span class='ocrx_word' id='word_1_174' title='bbox 1636 2116 1994 2181; x_wconf 86' lang='lat' dir='ltr'><strong>clanculariis</strong></span> <span class='ocrx_word' id='word_1_175' title='bbox 2027 2114 2271 2175; x_wconf 89' lang='lat' dir='ltr'><strong>coetibus</strong></span> <span class='ocrx_word' id='word_1_176' title='bbox 2296 2135 2394 2175; x_wconf 54' lang='lat' dir='ltr'><strong>oc—</strong></span> 
     </span>
     <span class='ocr_line' id='line_1_21' title="bbox 278 2209 2392 2294; baseline -0.001 -25"><span class='ocrx_word' id='word_1_177' title='bbox 278 2211 379 2269; x_wconf 90' lang='lat' dir='ltr'><strong>cisi</strong></span> <span class='ocrx_word' id='word_1_178' title='bbox 417 2225 824 2289; x_wconf 70' lang='lat' dir='ltr'><strong>vescerentur,</strong></span> <span class='ocrx_word' id='word_1_179' title='bbox 867 2225 925 2274; x_wconf 89' lang='lat' dir='ltr'><strong>et</strong></span> <span class='ocrx_word' id='word_1_180' title='bbox 965 2215 1306 2294; x_wconf 80' lang='lat' dir='ltr'><strong>sanguinem</strong></span> <span class='ocrx_word' id='word_1_181' title='bbox 1341 2213 1667 2294; x_wconf 90' lang='lat' dir='ltr'><strong>potandum</strong></span> <span class='ocrx_word' id='word_1_182' title='bbox 1696 2211 2062 2271; x_wconf 88' lang='lat' dir='ltr'><strong>adstantibus</strong></span> <span class='ocrx_word' id='word_1_183' title='bbox 2087 2209 2392 2268; x_wconf 89' lang='lat' dir='ltr'><strong>distribue·</strong></span> 
     </span>
     <span class='ocr_line' id='line_1_22' title="bbox 277 2305 2390 2391; baseline -0.001 -27"><span class='ocrx_word' id='word_1_184' title='bbox 277 2318 444 2380; x_wconf 79' lang='lat' dir='ltr'><strong>rent3</strong></span> <span class='ocrx_word' id='word_1_185' title='bbox 475 2308 823 2383; x_wconf 86' lang='lat' dir='ltr'><strong>Christiani,</strong></span> <span class='ocrx_word' id='word_1_186' title='bbox 841 2311 939 2391; x_wconf 91' lang='lat' dir='ltr'><strong>qui</strong></span> <span class='ocrx_word' id='word_1_187' title='bbox 959 2321 1216 2369; x_wconf 86' lang='lat' dir='ltr'><strong>tacentes</strong></span> <span class='ocrx_word' id='word_1_188' title='bbox 1235 2308 1526 2391; x_wconf 89' lang='lat' dir='ltr'><strong>suppliciis</strong></span> <span class='ocrx_word' id='word_1_189' title='bbox 1552 2308 1920 2367; x_wconf 86' lang='lat' dir='ltr'><strong>atrocissimis</strong></span> <span class='ocrx_word' id='word_1_190' title='bbox 1943 2305 2390 2384; x_wconf 68' lang='lat' dir='ltr'><strong>objiciebantur,</strong></span> 
     </span>
     <span class='ocr_line' id='line_1_23' title="bbox 277 2401 2386 2490; baseline -0.001 -31"><span class='ocrx_word' id='word_1_191' title='bbox 277 2403 551 2490; x_wconf 90' lang='lat' dir='ltr'><strong>insanum</strong></span> <span class='ocrx_word' id='word_1_192' title='bbox 569 2405 851 2482; x_wconf 88' lang='lat' dir='ltr'><strong>ejusmodi</strong></span> <span class='ocrx_word' id='word_1_193' title='bbox 866 2406 1122 2465; x_wconf 88' lang='lat' dir='ltr'><strong>furorem</strong></span> <span class='ocrx_word' id='word_1_194' title='bbox 1147 2405 1528 2464; x_wconf 89' lang='lat' dir='ltr'><strong>cohonestare</strong></span> <span class='ocrx_word' id='word_1_195' title='bbox 1550 2403 1983 2489; x_wconf 87' lang='lat' dir='ltr'><strong>quodammodo</strong></span> <span class='ocrx_word' id='word_1_196' title='bbox 2010 2401 2386 2463; x_wconf 89' lang='lat' dir='ltr'><strong>videbantur.</strong></span> 
     </span>
     <span class='ocr_line' id='line_1_24' title="bbox 278 2498 2391 2575; baseline -0.002 -18"><span class='ocrx_word' id='word_1_197' title='bbox 278 2499 337 2557; x_wconf 85' lang='lat' dir='ltr'><strong>Si</strong></span> <span class='ocrx_word' id='word_1_198' title='bbox 365 2499 481 2559; x_wconf 91' lang='lat' dir='ltr'><strong>duo</strong></span> <span class='ocrx_word' id='word_1_199' title='bbox 527 2500 648 2561; x_wconf 81' lang='lat' dir='ltr'><strong>haec</strong></span> <span class='ocrx_word' id='word_1_200' title='bbox 692 2501 867 2560; x_wconf 89' lang='lat' dir='ltr'><strong>simul</strong></span> <span class='ocrx_word' id='word_1_201' title='bbox 902 2502 1275 2562; x_wconf 85' lang='lat' dir='ltr'><strong>conferantur</strong></span> <span class='ocrx_word' id='word_1_202' title='bbox 1297 2547 1311 2575; x_wconf 92' lang='lat'><strong>,</strong></span> <span class='ocrx_word' id='word_1_203' title='bbox 1351 2501 1655 2561; x_wconf 70' lang='lat' dir='ltr'><strong>calumnias</strong></span> <span class='ocrx_word' id='word_1_204' title='bbox 1695 2500 1909 2559; x_wconf 88' lang='lat' dir='ltr'><strong>scilicet</strong></span> <span class='ocrx_word' id='word_1_205' title='bbox 1939 2498 2304 2558; x_wconf 88' lang='lat' dir='ltr'><strong>ethnicorum</strong></span> <span class='ocrx_word' id='word_1_206' title='bbox 2331 2506 2391 2553; x_wconf 92' lang='lat' dir='ltr'><strong>et</strong></span> 
     </span>
     <span class='ocr_line' id='line_1_25' title="bbox 278 2593 2387 2680; baseline -0.003 -27"><span class='ocrx_word' id='word_1_207' title='bbox 278 2593 461 2655; x_wconf 91' lang='lat' dir='ltr'><strong>altum</strong></span> <span class='ocrx_word' id='word_1_208' title='bbox 498 2618 563 2655; x_wconf 90' lang='lat' dir='ltr'><strong>ac</strong></span> <span class='ocrx_word' id='word_1_209' title='bbox 590 2596 868 2680; x_wconf 88' lang='lat' dir='ltr'><strong>eloquens</strong></span> <span class='ocrx_word' id='word_1_210' title='bbox 910 2598 1373 2657; x_wconf 89' lang='lat' dir='ltr'><strong>Christianorum</strong></span> <span class='ocrx_word' id='word_1_211' title='bbox 1398 2597 1699 2673; x_wconf 19' lang='lat' dir='ltr'><strong>&#39;silentium</strong></span> <span class='ocrx_word' id='word_1_212' title='bbox 1722 2642 1738 2672; x_wconf 80' lang='grc'><em>,</em></span> <span class='ocrx_word' id='word_1_213' title='bbox 1767 2616 1842 2655; x_wconf 89' lang='lat' dir='ltr'><strong>ne</strong></span> <span class='ocrx_word' id='word_1_214' title='bbox 1879 2593 2221 2674; x_wconf 80' lang='lat' dir='ltr'><strong>mysterium</strong></span> <span class='ocrx_word' id='word_1_215' title='bbox 2250 2612 2387 2671; x_wconf 88' lang='lat' dir='ltr'><strong>pro-—</strong></span> 
     </span>
    </p>
   </div>
   <div class='ocr_carea' id='block_1_3' title="bbox 279 2851 2392 3830">
    <p class='ocr_par' dir='ltr' id='par_1_5' title="bbox 279 2851 2385 3007">
     <span class='ocr_line' id='line_1_26' title="bbox 349 2851 2382 2926; baseline -0.003 -22"><span class='ocrx_word' id='word_1_216' title='bbox 349 2857 414 2923; x_wconf 89' lang='lat'><strong>(1)</strong></span> <span class='ocrx_word' id='word_1_217' title='bbox 449 2855 548 2907; x_wconf 81' lang='lat' dir='ltr'><strong>cfr.</strong></span> <span class='ocrx_word' id='word_1_218' title='bbox 581 2869 791 2907; x_wconf 84' lang='lat' dir='ltr'><strong>auctores</strong></span> <span class='ocrx_word' id='word_1_219' title='bbox 823 2859 1035 2923; x_wconf 82' lang='lat' dir='ltr'><strong>superius</strong></span> <span class='ocrx_word' id='word_1_220' title='bbox 1055 2860 1182 2907; x_wconf 82' lang='lat' dir='ltr'><strong>citati</strong></span> <span class='ocrx_word' id='word_1_221' title='bbox 1208 2860 1289 2926; x_wconf 85' lang='lat' dir='ltr'><strong>qui</strong></span> <span class='ocrx_word' id='word_1_222' title='bbox 1364 2858 1479 2920; x_wconf 84' lang='lat' dir='ltr'><strong>fieri</strong></span> <span class='ocrx_word' id='word_1_223' title='bbox 1502 2862 1691 2921; x_wconf 78' lang='lat' dir='ltr'><strong>posset,</strong></span> <span class='ocrx_word' id='word_1_224' title='bbox 1727 2864 1783 2901; x_wconf 83' lang='lat' dir='ltr'><strong>ut</strong></span> <span class='ocrx_word' id='word_1_225' title='bbox 1811 2852 2021 2917; x_wconf 74' lang='lat' dir='ltr'><strong>infantes</strong></span> <span class='ocrx_word' id='word_1_226' title='bbox 2058 2851 2382 2911; x_wconf 80' lang='lat' dir='ltr'><strong>comederent,</strong></span> 
     </span>
     <span class='ocr_line' id='line_1_27' title="bbox 279 2934 2385 3007; baseline -0.002 -20"><span class='ocrx_word' id='word_1_227' title='bbox 279 2942 557 3006; x_wconf 87' lang='lat' dir='ltr'><strong>scripserunt</strong></span> <span class='ocrx_word' id='word_1_228' title='bbox 587 2941 644 2992; x_wconf 89' lang='lat' dir='ltr'><strong>de</strong></span> <span class='ocrx_word' id='word_1_229' title='bbox 683 2959 731 2990; x_wconf 88' lang='lat' dir='ltr'><strong>re</strong></span> <span class='ocrx_word' id='word_1_230' title='bbox 758 2941 982 3007; x_wconf 82' lang='lat' dir='ltr'><strong>liturgica.</strong></span> <span class='ocrx_word' id='word_1_231' title='bbox 1371 2937 1548 3004; x_wconf 78' lang='lat' dir='ltr'><strong>quibus</strong></span> <span class='ocrx_word' id='word_1_232' title='bbox 1590 2954 1651 2985; x_wconf 73' lang='lat' dir='ltr'><strong>ne</strong></span> <span class='ocrx_word' id='word_1_233' title='bbox 1686 2938 1974 3001; x_wconf 78' lang='lat' dir='ltr'><strong>sanquinem</strong></span> <span class='ocrx_word' id='word_1_234' title='bbox 2029 2934 2221 2999; x_wconf 81' lang='lat' dir='ltr'><strong>quidem</strong></span> <span class='ocrx_word' id='word_1_235' title='bbox 2272 2936 2385 2982; x_wconf 75' lang='lat' dir='ltr'><strong>ani-</strong></span> 
     </span>
    </p>

    <p class='ocr_par' dir='ltr' id='par_1_6' title="bbox 280 3016 2392 3830">
     <span class='ocr_line' id='line_1_28' title="bbox 349 3016 2388 3090; baseline -0.003 -20"><span class='ocrx_word' id='word_1_236' title='bbox 349 3023 414 3085; x_wconf 77' lang='lat'><strong>(2)</strong></span> <span class='ocrx_word' id='word_1_237' title='bbox 451 3021 644 3078; x_wconf 84' lang='lat' dir='ltr'><strong>Summa</strong></span> <span class='ocrx_word' id='word_1_238' title='bbox 671 3024 913 3090; x_wconf 86' lang='lat' dir='ltr'><strong>prudentia</strong></span> <span class='ocrx_word' id='word_1_239' title='bbox 957 3025 1123 3072; x_wconf 86' lang='lat' dir='ltr'><strong>enituit</strong></span> <span class='ocrx_word' id='word_1_240' title='bbox 1153 3027 1204 3071; x_wconf 89' lang='lat' dir='ltr'><strong>in</strong></span> <span class='ocrx_word' id='word_1_241' title='bbox 1223 3041 1293 3074; x_wconf 83' lang='lat' dir='ltr'><strong>re·</strong></span> <span class='ocrx_word' id='word_1_242' title='bbox 1373 3021 1614 3068; x_wconf 68' lang='lat' dir='ltr'><strong>mantiam</strong></span> <span class='ocrx_word' id='word_1_243' title='bbox 1635 3018 1883 3083; x_wconf 75' lang='lat' dir='ltr'><strong>dequstare</strong></span> <span class='ocrx_word' id='word_1_244' title='bbox 1915 3019 2065 3065; x_wconf 72' lang='lat' dir='ltr'><strong>licet?</strong></span> <span class='ocrx_word' id='word_1_245' title='bbox 2090 3016 2161 3064; x_wconf 88' lang='lat' dir='ltr'><strong>En</strong></span> <span class='ocrx_word' id='word_1_246' title='bbox 2182 3035 2235 3065; x_wconf 87' lang='lat' dir='ltr'><strong>ex</strong></span> <span class='ocrx_word' id='word_1_247' title='bbox 2261 3027 2388 3081; x_wconf 86' lang='lat' dir='ltr'><strong>parte</strong></span> 
     </span>
     <span class='ocr_line' id='line_1_29' title="bbox 281 3094 2387 3172; baseline -0.004 -19"><span class='ocrx_word' id='word_1_248' title='bbox 281 3107 542 3170; x_wconf 82' lang='lat' dir='ltr'><strong>sponsione,</strong></span> <span class='ocrx_word' id='word_1_249' title='bbox 562 3094 702 3172; x_wconf 83' lang='lat' dir='ltr'><strong>quam</strong></span> <span class='ocrx_word' id='word_1_250' title='bbox 723 3108 915 3172; x_wconf 82' lang='lat' dir='ltr'><strong>paganis</strong></span> <span class='ocrx_word' id='word_1_251' title='bbox 930 3105 1293 3166; x_wconf 83' lang='lat' dir='ltr'><strong>dedit‚S.Blan-</strong></span> <span class='ocrx_word' id='word_1_252' title='bbox 1376 3120 1403 3150; x_wconf 87' lang='lat' dir='ltr'><strong>a</strong></span> <span class='ocrx_word' id='word_1_253' title='bbox 1453 3104 1592 3150; x_wconf 88' lang='lat' dir='ltr'><strong>servis</strong></span> <span class='ocrx_word' id='word_1_254' title='bbox 1643 3102 1923 3167; x_wconf 84' lang='lat' dir='ltr'><strong>patefactum</strong></span> <span class='ocrx_word' id='word_1_255' title='bbox 1969 3101 2239 3165; x_wconf 86' lang='lat' dir='ltr'><strong>mysterium</strong></span> <span class='ocrx_word' id='word_1_256' title='bbox 2291 3098 2387 3146; x_wconf 88' lang='lat' dir='ltr'><strong>Eu-</strong></span> 
     </span>
     <span class='ocr_line' id='line_1_30' title="bbox 280 3181 2388 3252; baseline -0.003 -18"><span class='ocrx_word' id='word_1_257' title='bbox 280 3186 413 3238; x_wconf 86' lang='lat' dir='ltr'><strong>dina.</strong></span> <span class='ocrx_word' id='word_1_258' title='bbox 449 3186 623 3252; x_wconf 83' lang='lat' dir='ltr'><strong>Pagani·</strong></span> <span class='ocrx_word' id='word_1_259' title='bbox 646 3190 771 3238; x_wconf 87' lang='lat' dir='ltr'><strong>enim</strong></span> <span class='ocrx_word' id='word_1_260' title='bbox 813 3206 838 3236; x_wconf 89' lang='lat' dir='ltr'><strong>a</strong></span> <span class='ocrx_word' id='word_1_261' title='bbox 873 3188 1111 3238; x_wconf 89' lang='lat' dir='ltr'><strong>nonnullis</strong></span> <span class='ocrx_word' id='word_1_262' title='bbox 1156 3189 1295 3235; x_wconf 87' lang='lat' dir='ltr'><strong>servis</strong></span> <span class='ocrx_word' id='word_1_263' title='bbox 1378 3185 1602 3234; x_wconf 85' lang='lat' dir='ltr'><strong>charistiae</strong></span> <span class='ocrx_word' id='word_1_264' title='bbox 1631 3187 1850 3251; x_wconf 86' lang='lat' dir='ltr'><strong>paganis,</strong></span> <span class='ocrx_word' id='word_1_265' title='bbox 1890 3194 1934 3233; x_wconf 90' lang='lat' dir='ltr'><strong>et</strong></span> <span class='ocrx_word' id='word_1_266' title='bbox 1968 3200 2152 3232; x_wconf 86' lang='lat' dir='ltr'><strong>rursum</strong></span> <span class='ocrx_word' id='word_1_267' title='bbox 2185 3181 2388 3231; x_wconf 84' lang='lat' dir='ltr'><strong>occulta·</strong></span> 
     </span>
     <span class='ocr_line' id='line_1_31' title="bbox 280 3266 2390 3336; baseline -0.004 -19"><span class='ocrx_word' id='word_1_268' title='bbox 280 3269 623 3318; x_wconf 84' lang='lat' dir='ltr'><strong>catechumenis</strong></span> <span class='ocrx_word' id='word_1_269' title='bbox 655 3280 953 3336; x_wconf 85' lang='lat' dir='ltr'><strong>acceperant,</strong></span> <span class='ocrx_word' id='word_1_270' title='bbox 990 3271 1138 3335; x_wconf 86' lang='lat' dir='ltr'><strong>reipsa</strong></span> <span class='ocrx_word' id='word_1_271' title='bbox 1161 3268 1295 3317; x_wconf 79' lang='lat' dir='ltr'><strong>Chri·</strong></span> <span class='ocrx_word' id='word_1_272' title='bbox 1378 3278 1478 3316; x_wconf 88' lang='lat' dir='ltr'><strong>tum</strong></span> <span class='ocrx_word' id='word_1_273' title='bbox 1507 3286 1558 3317; x_wconf 86' lang='lat' dir='ltr'><strong>ex</strong></span> <span class='ocrx_word' id='word_1_274' title='bbox 1594 3268 1832 3316; x_wconf 84' lang='lat' dir='ltr'><strong>Blandinae</strong></span> <span class='ocrx_word' id='word_1_275' title='bbox 1859 3266 2134 3333; x_wconf 83' lang='lat' dir='ltr'><strong>prudentia,</strong></span> <span class='ocrx_word' id='word_1_276' title='bbox 2170 3281 2270 3329; x_wconf 82' lang='lat' dir='ltr'><strong>quae</strong></span> <span class='ocrx_word' id='word_1_277' title='bbox 2304 3280 2390 3310; x_wconf 67' lang='lat' dir='ltr'><strong>nev</strong></span> 
     </span>
     <span class='ocr_line' id='line_1_32' title="bbox 282 3345 2391 3418; baseline -0.004 -19"><span class='ocrx_word' id='word_1_278' title='bbox 282 3353 450 3400; x_wconf 88' lang='lat' dir='ltr'><strong>stianos</strong></span> <span class='ocrx_word' id='word_1_279' title='bbox 471 3355 751 3401; x_wconf 58' lang='lat' dir='ltr'><strong>vescit-arne</strong></span> <span class='ocrx_word' id='word_1_280' title='bbox 785 3359 831 3401; x_wconf 81' lang='lat' dir='ltr'><strong>et</strong></span> <span class='ocrx_word' id='word_1_281' title='bbox 857 3354 1075 3418; x_wconf 86' lang='lat' dir='ltr'><strong>sanguine</strong></span> <span class='ocrx_word' id='word_1_282' title='bbox 1093 3352 1298 3399; x_wconf 89' lang='lat' dir='ltr'><strong>humano</strong></span> <span class='ocrx_word' id='word_1_283' title='bbox 1380 3353 1503 3416; x_wconf 83' lang='lat' dir='ltr'><strong>gavit</strong></span> <span class='ocrx_word' id='word_1_284' title='bbox 1569 3350 1759 3416; x_wconf 89' lang='lat' dir='ltr'><strong>quidem</strong></span> <span class='ocrx_word' id='word_1_285' title='bbox 1831 3350 2056 3414; x_wconf 80' lang='lat' dir='ltr'><strong>flagitium</strong></span> <span class='ocrx_word' id='word_1_286' title='bbox 2118 3345 2391 3393; x_wconf 82' lang='lat' dir='ltr'><strong>Christianis</strong></span> 
     </span>
     <span class='ocr_line' id='line_1_33' title="bbox 281 3427 2392 3501; baseline -0.003 -20"><span class='ocrx_word' id='word_1_287' title='bbox 281 3435 334 3481; x_wconf 89' lang='lat' dir='ltr'><strong>in</strong></span> <span class='ocrx_word' id='word_1_288' title='bbox 365 3436 457 3482; x_wconf 88' lang='lat' dir='ltr'><strong>suis</strong></span> <span class='ocrx_word' id='word_1_289' title='bbox 489 3437 747 3501; x_wconf 81' lang='lat' dir='ltr'><strong>mysteriis3</strong></span> <span class='ocrx_word' id='word_1_290' title='bbox 782 3452 923 3501; x_wconf 85' lang='lat' dir='ltr'><strong>quare</strong></span> <span class='ocrx_word' id='word_1_291' title='bbox 953 3437 1097 3500; x_wconf 80' lang='lat' dir='ltr'><strong>magis</strong></span> <span class='ocrx_word' id='word_1_292' title='bbox 1135 3436 1301 3482; x_wconf 86' lang='lat' dir='ltr'><strong>exarsit</strong></span> <span class='ocrx_word' id='word_1_293' title='bbox 1381 3434 1635 3497; x_wconf 86' lang='lat' dir='ltr'><strong>impactum</strong></span> <span class='ocrx_word' id='word_1_294' title='bbox 1658 3471 1671 3493; x_wconf 90' lang='lat'><strong>,</strong></span> <span class='ocrx_word' id='word_1_295' title='bbox 1693 3433 1771 3480; x_wconf 88' lang='lat' dir='ltr'><strong>sed</strong></span> <span class='ocrx_word' id='word_1_296' title='bbox 1785 3432 2051 3490; x_wconf 87' lang='lat' dir='ltr'><strong>occultavit,</strong></span> <span class='ocrx_word' id='word_1_297' title='bbox 2073 3427 2200 3496; x_wconf 90' lang='lat' dir='ltr'><strong>quod</strong></span> <span class='ocrx_word' id='word_1_298' title='bbox 2218 3435 2392 3475; x_wconf 85' lang='lat' dir='ltr'><strong>secreto</strong></span> 
     </span>
     <span class='ocr_line' id='line_1_34' title="bbox 291 3507 2391 3583; baseline -0.005 -19"><span class='ocrx_word' id='word_1_299' title='bbox 291 3517 422 3566; x_wconf 83' lang='lat' dir='ltr'><strong>furor</strong></span> <span class='ocrx_word' id='word_1_300' title='bbox 469 3518 631 3583; x_wconf 87' lang='lat' dir='ltr'><strong>populi</strong></span> <span class='ocrx_word' id='word_1_301' title='bbox 675 3519 724 3566; x_wconf 89' lang='lat' dir='ltr'><strong>in</strong></span> <span class='ocrx_word' id='word_1_302' title='bbox 769 3517 1071 3571; x_wconf 84' lang='lat' dir='ltr'><strong>Christianos.</strong></span> <span class='ocrx_word' id='word_1_303' title='bbox 1114 3516 1301 3566; x_wconf 86' lang='lat' dir='ltr'><strong>Judices</strong></span> <span class='ocrx_word' id='word_1_304' title='bbox 1382 3532 1548 3563; x_wconf 89' lang='lat' dir='ltr'><strong>arcano</strong></span> <span class='ocrx_word' id='word_1_305' title='bbox 1598 3515 1792 3565; x_wconf 86' lang='lat' dir='ltr'><strong>debebat</strong></span> <span class='ocrx_word' id='word_1_306' title='bbox 1840 3512 2075 3564; x_wconf 85' lang='lat' dir='ltr'><strong>custodiri.</strong></span> <span class='ocrx_word' id='word_1_307' title='bbox 2117 3508 2215 3557; x_wconf 79' lang='lat' dir='ltr'><strong>Cfr.</strong></span> <span class='ocrx_word' id='word_1_308' title='bbox 2265 3507 2391 3556; x_wconf 82' lang='lat' dir='ltr'><strong>Acta</strong></span> 
     </span>
     <span class='ocr_line' id='line_1_35' title="bbox 288 3587 2384 3663; baseline -0.006 -15"><span class='ocrx_word' id='word_1_309' title='bbox 288 3600 532 3649; x_wconf 89' lang='lat' dir='ltr'><strong>voluerunt</strong></span> <span class='ocrx_word' id='word_1_310' title='bbox 561 3611 895 3659; x_wconf 86' lang='lat' dir='ltr'><strong>tormentorum</strong></span> <span class='ocrx_word' id='word_1_311' title='bbox 912 3602 956 3648; x_wconf 82' lang='lat' dir='ltr'><strong>vi</strong></span> <span class='ocrx_word' id='word_1_312' title='bbox 977 3600 1160 3662; x_wconf 84' lang='lat' dir='ltr'><strong>adigere</strong></span> <span class='ocrx_word' id='word_1_313' title='bbox 1187 3598 1298 3646; x_wconf 86' lang='lat' dir='ltr'><strong>San·</strong></span> <span class='ocrx_word' id='word_1_314' title='bbox 1384 3598 1666 3663; x_wconf 73' lang='lat' dir='ltr'><strong>IlIartyae-um</strong></span> <span class='ocrx_word' id='word_1_315' title='bbox 1695 3599 1883 3646; x_wconf 79' lang='lat' dir='ltr'><strong>sincera</strong></span> <span class='ocrx_word' id='word_1_316' title='bbox 1909 3594 2135 3643; x_wconf 78' lang='lat' dir='ltr'><strong>Ruinarlii</strong></span> <span class='ocrx_word' id='word_1_317' title='bbox 2156 3629 2173 3652; x_wconf 77' lang='lat'><strong>„</strong></span> <span class='ocrx_word' id='word_1_318' title='bbox 2199 3606 2303 3656; x_wconf 85' lang='lat' dir='ltr'><strong>pag.</strong></span> <span class='ocrx_word' id='word_1_319' title='bbox 2328 3587 2384 3637; x_wconf 86' lang='lat'><strong>51</strong></span> 
     </span>
     <span class='ocr_line' id='line_1_36' title="bbox 290 3675 2107 3747; baseline -0.005 -17"><span class='ocrx_word' id='word_1_320' title='bbox 290 3693 421 3732; x_wconf 84' lang='lat' dir='ltr'><strong>ctum</strong></span> <span class='ocrx_word' id='word_1_321' title='bbox 449 3689 496 3732; x_wconf 91' lang='lat' dir='ltr'><strong>et</strong></span> <span class='ocrx_word' id='word_1_322' title='bbox 523 3683 797 3731; x_wconf 88' lang='lat' dir='ltr'><strong>Blandinam</strong></span> <span class='ocrx_word' id='word_1_323' title='bbox 825 3681 991 3730; x_wconf 87' lang='lat' dir='ltr'><strong>adhoc</strong></span> <span class='ocrx_word' id='word_1_324' title='bbox 1013 3681 1298 3745; x_wconf 86' lang='lat' dir='ltr'><strong>patefacien·</strong></span> <span class='ocrx_word' id='word_1_325' title='bbox 1380 3692 1423 3730; x_wconf 87' lang='lat' dir='ltr'><strong>et</strong></span> <span class='ocrx_word' id='word_1_326' title='bbox 1453 3698 1583 3747; x_wconf 78' lang='lat' dir='ltr'><strong>seqq.</strong></span> <span class='ocrx_word' id='word_1_327' title='bbox 1609 3681 1723 3729; x_wconf 89' lang='lat' dir='ltr'><strong>edit.</strong></span> <span class='ocrx_word' id='word_1_328' title='bbox 1750 3679 1919 3728; x_wconf 90' lang='lat' dir='ltr'><strong>Veron.</strong></span> <span class='ocrx_word' id='word_1_329' title='bbox 1964 3675 2107 3740; x_wconf 83' lang='lat'><strong>1731.</strong></span> 
     </span>
     <span class='ocr_line' id='line_1_37' title="bbox 289 3762 1301 3830; baseline -0.001 -20"><span class='ocrx_word' id='word_1_330' title='bbox 289 3763 438 3828; x_wconf 86' lang='lat' dir='ltr'><strong>dum;</strong></span> <span class='ocrx_word' id='word_1_331' title='bbox 482 3773 552 3814; x_wconf 88' lang='lat' dir='ltr'><strong>ast</strong></span> <span class='ocrx_word' id='word_1_332' title='bbox 587 3765 815 3814; x_wconf 85' lang='lat' dir='ltr'><strong>Blandina</strong></span> <span class='ocrx_word' id='word_1_333' title='bbox 859 3764 1091 3830; x_wconf 79' lang='lat' dir='ltr'><strong>respondit</strong></span> <span class='ocrx_word' id='word_1_334' title='bbox 1131 3780 1145 3810; x_wconf 72' lang='grc' dir='ltr'><strong><em>ε</em></strong></span> <span class='ocrx_word' id='word_1_335' title='bbox 1197 3762 1301 3830; x_wconf 76' lang='lat' dir='ltr'><strong>Qui</strong></span> 
     </span>
    </p>
   </div>
  </div>
 </body>
</html>
