<?xml version="1.0" encoding="UTF-8"?>
<!DOCTYPE html PUBLIC "-//W3C//DTD XHTML 1.0 Transitional//EN"
    "http://www.w3.org/TR/xhtml1/DTD/xhtml1-transitional.dtd">
<html xmlns="http://www.w3.org/1999/xhtml" xml:lang="en" lang="en">
 <head>
  <title>
</title>
<meta http-equiv="Content-Type" content="text/html;charset=utf-8" />
  <meta name='ocr-system' content='tesseract 3.04.00' />
  <meta name='ocr-capabilities' content='ocr_page ocr_carea ocr_par ocr_line ocrx_word'/>
</head>
<body>
  <div class='ocr_page' id='page_1' title='image "a603693806perruoft_0273.png"; bbox 0 0 2502 4186; ppageno 0'>
   <div class='ocr_carea' id='block_1_1' title="bbox 422 223 2204 300">
    <p class='ocr_par' dir='ltr' id='par_1_1' title="bbox 422 223 2204 300">
     <span class='ocr_line' id='line_1_1' title="bbox 422 223 2204 300; baseline -0.003 -11"><span class='ocrx_word' id='word_1_1' title='bbox 422 250 546 289; x_wconf 73' lang='lat' dir='ltr'><strong>cAr.</strong></span> <span class='ocrx_word' id='word_1_2' title='bbox 591 250 670 287; x_wconf 77' lang='grc' dir='ltr'><strong>ιν.</strong></span> <span class='ocrx_word' id='word_1_3' title='bbox 718 249 787 288; x_wconf 72' lang='grc' dir='ltr'><strong>ΒΕ</strong></span> <span class='ocrx_word' id='word_1_4' title='bbox 828 246 1218 289; x_wconf 75' lang='lat' dir='ltr'><strong>EuanmsrrAE</strong></span> <span class='ocrx_word' id='word_1_5' title='bbox 1261 247 1666 300; x_wconf 66' lang='lat' dir='ltr'><strong>necassnui&#39;rn,</strong></span> <span class='ocrx_word' id='word_1_6' title='bbox 1711 246 1833 284; x_wconf 75' lang='lat' dir='ltr'><strong>Ero.</strong></span> <span class='ocrx_word' id='word_1_7' title='bbox 2083 223 2204 284; x_wconf 82' lang='lat'><strong>265</strong></span> 
     </span>
    </p>
   </div>
   <div class='ocr_carea' id='block_1_2' title="bbox 93 383 2204 568">
    <p class='ocr_par' dir='ltr' id='par_1_2' title="bbox 93 383 2204 568">
     <span class='ocr_line' id='line_1_2' title="bbox 95 383 2202 473; baseline -0.005 -19"><span class='ocrx_word' id='word_1_8' title='bbox 95 404 288 454; x_wconf 88' lang='lat' dir='ltr'><strong>catum</strong></span> <span class='ocrx_word' id='word_1_9' title='bbox 329 390 522 473; x_wconf 90' lang='lat' dir='ltr'><strong>quoad</strong></span> <span class='ocrx_word' id='word_1_10' title='bbox 561 411 838 472; x_wconf 75' lang='lat' dir='ltr'><strong>poenam,</strong></span> <span class='ocrx_word' id='word_1_11' title='bbox 889 389 1039 452; x_wconf 85' lang='lat' dir='ltr'><strong>levia</strong></span> <span class='ocrx_word' id='word_1_12' title='bbox 1079 399 1275 449; x_wconf 88' lang='lat' dir='ltr'><strong>autem</strong></span> <span class='ocrx_word' id='word_1_13' title='bbox 1319 388 1496 447; x_wconf 87' lang='lat' dir='ltr'><strong>etiam</strong></span> <span class='ocrx_word' id='word_1_14' title='bbox 1545 384 1736 467; x_wconf 89' lang='lat' dir='ltr'><strong>quoad</strong></span> <span class='ocrx_word' id='word_1_15' title='bbox 1779 383 2048 467; x_wconf 65' lang='lat' dir='ltr'><strong>culpam</strong></span> <span class='ocrx_word' id='word_1_16' title='bbox 2100 386 2202 467; x_wconf 90' lang='lat' dir='ltr'><strong>qui</strong></span> 
     </span>
     <span class='ocr_line' id='line_1_3' title="bbox 93 480 2204 568; baseline -0.004 -19"><span class='ocrx_word' id='word_1_17' title='bbox 93 491 328 550; x_wconf 83' lang='lat' dir='ltr'><strong>effectus</strong></span> <span class='ocrx_word' id='word_1_18' title='bbox 351 487 721 547; x_wconf 76' lang='lat' dir='ltr'><strong>Eucharistiae</strong></span> <span class='ocrx_word' id='word_1_19' title='bbox 743 487 944 562; x_wconf 72' lang='lat' dir='ltr'><strong>etiam,</strong></span> <span class='ocrx_word' id='word_1_20' title='bbox 964 496 1142 568; x_wconf 88' lang='lat' dir='ltr'><strong>prout</strong></span> <span class='ocrx_word' id='word_1_21' title='bbox 1173 489 1614 543; x_wconf 83' lang='lat' dir='ltr'><strong>Sacramentum</strong></span> <span class='ocrx_word' id='word_1_22' title='bbox 1638 493 1725 541; x_wconf 90' lang='lat' dir='ltr'><strong>est</strong></span> <span class='ocrx_word' id='word_1_23' title='bbox 1742 526 1759 556; x_wconf 85' lang='lat'>,</span> <span class='ocrx_word' id='word_1_24' title='bbox 1785 481 2003 563; x_wconf 86' lang='lat' dir='ltr'><strong>pariter</strong></span> <span class='ocrx_word' id='word_1_25' title='bbox 2021 480 2204 541; x_wconf 87' lang='lat' dir='ltr'><strong>tribui</strong></span> 
     </span>
    </p>
   </div>
   <div class='ocr_carea' id='block_1_3' title="bbox 83 576 2205 2353">
    <p class='ocr_par' dir='ltr' id='par_1_3' title="bbox 83 576 2205 1993">
     <span class='ocr_line' id='line_1_4' title="bbox 93 576 2204 664; baseline -0.004 -19"><span class='ocrx_word' id='word_1_26' title='bbox 93 585 241 646; x_wconf 85' lang='lat' dir='ltr'><strong>solet</strong></span> <span class='ocrx_word' id='word_1_27' title='bbox 275 583 382 664; x_wconf 91' lang='lat'>(1).</span> <span class='ocrx_word' id='word_1_28' title='bbox 412 585 535 659; x_wconf 84' lang='lat' dir='ltr'><strong>Ast,</strong></span> <span class='ocrx_word' id='word_1_29' title='bbox 565 583 611 642; x_wconf 89' lang='lat' dir='ltr'><strong>si</strong></span> <span class='ocrx_word' id='word_1_30' title='bbox 634 603 825 642; x_wconf 90' lang='lat' dir='ltr'><strong>sermo</strong></span> <span class='ocrx_word' id='word_1_31' title='bbox 856 583 931 641; x_wconf 87' lang='lat' dir='ltr'><strong>sit</strong></span> <span class='ocrx_word' id='word_1_32' title='bbox 949 582 1024 641; x_wconf 93' lang='lat' dir='ltr'><strong>de</strong></span> <span class='ocrx_word' id='word_1_33' title='bbox 1046 579 1229 661; x_wconf 90' lang='lat' dir='ltr'><strong>culpis</strong></span> <span class='ocrx_word' id='word_1_34' title='bbox 1252 576 1524 658; x_wconf 80' lang='lat' dir='ltr'><strong>gravibus</strong></span> <span class='ocrx_word' id='word_1_35' title='bbox 1544 622 1560 652; x_wconf 77' lang='grc'><em>,</em></span> <span class='ocrx_word' id='word_1_36' title='bbox 1586 589 1810 636; x_wconf 86' lang='lat' dir='ltr'><strong>certum</strong></span> <span class='ocrx_word' id='word_1_37' title='bbox 1845 588 1954 652; x_wconf 73' lang='lat' dir='ltr'><strong>est,</strong></span> <span class='ocrx_word' id='word_1_38' title='bbox 1981 577 2204 636; x_wconf 89' lang='lat' dir='ltr'><strong>Eucha-</strong></span> 
     </span>
     <span class='ocr_line' id='line_1_5' title="bbox 92 673 2202 758; baseline -0.004 -18"><span class='ocrx_word' id='word_1_39' title='bbox 92 681 318 741; x_wconf 83' lang='lat' dir='ltr'><strong>ristiam</strong></span> <span class='ocrx_word' id='word_1_40' title='bbox 339 725 355 755; x_wconf 81' lang='lat'><strong>.,</strong></span> <span class='ocrx_word' id='word_1_41' title='bbox 395 679 570 738; x_wconf 86' lang='lat' dir='ltr'><strong>etiam</strong></span> <span class='ocrx_word' id='word_1_42' title='bbox 605 689 891 758; x_wconf 84' lang='lat' dir='ltr'><strong>quatenus</strong></span> <span class='ocrx_word' id='word_1_43' title='bbox 927 687 1015 736; x_wconf 87' lang='lat' dir='ltr'><strong>est</strong></span> <span class='ocrx_word' id='word_1_44' title='bbox 1043 674 1395 733; x_wconf 83' lang='lat' dir='ltr'><strong>Sacrificium</strong></span> <span class='ocrx_word' id='word_1_45' title='bbox 1416 718 1432 748; x_wconf 64' lang='lat'>7</span> <span class='ocrx_word' id='word_1_46' title='bbox 1469 673 1624 754; x_wconf 86' lang='lat' dir='ltr'><strong>ipsas</strong></span> <span class='ocrx_word' id='word_1_47' title='bbox 1665 673 1902 732; x_wconf 90' lang='lat' dir='ltr'><strong>nonnisi</strong></span> <span class='ocrx_word' id='word_1_48' title='bbox 1945 673 2202 733; x_wconf 84' lang='lat' dir='ltr'><strong>mediate</strong></span> 
     </span>
     <span class='ocr_line' id='line_1_6' title="bbox 97 767 2199 853; baseline -0.005 -17"><span class='ocrx_word' id='word_1_49' title='bbox 97 776 289 836; x_wconf 89' lang='lat' dir='ltr'><strong>delere</strong></span> <span class='ocrx_word' id='word_1_50' title='bbox 310 819 326 849; x_wconf 75' lang='lat'>‚</span> <span class='ocrx_word' id='word_1_51' title='bbox 353 771 726 853; x_wconf 87' lang='lat' dir='ltr'><strong>impetrando</strong></span> <span class='ocrx_word' id='word_1_52' title='bbox 754 772 1033 831; x_wconf 89' lang='lat' dir='ltr'><strong>nimirum</strong></span> <span class='ocrx_word' id='word_1_53' title='bbox 1061 768 1271 849; x_wconf 83' lang='lat' dir='ltr'><strong>gratias</strong></span> <span class='ocrx_word' id='word_1_54' title='bbox 1308 789 1373 828; x_wconf 88' lang='lat' dir='ltr'><strong>ac</strong></span> <span class='ocrx_word' id='word_1_55' title='bbox 1408 767 1814 848; x_wconf 88' lang='lat' dir='ltr'><strong>dispositiones</strong></span> <span class='ocrx_word' id='word_1_56' title='bbox 1849 769 2199 827; x_wconf 89' lang='lat' dir='ltr'><strong>necessarias</strong></span> 
     </span>
     <span class='ocr_line' id='line_1_7' title="bbox 94 861 2202 942; baseline -0.004 -12"><span class='ocrx_word' id='word_1_57' title='bbox 94 870 170 930; x_wconf 87' lang='lat' dir='ltr'><strong>ad</strong></span> <span class='ocrx_word' id='word_1_58' title='bbox 200 889 398 930; x_wconf 89' lang='lat' dir='ltr'><strong>earum</strong></span> <span class='ocrx_word' id='word_1_59' title='bbox 423 866 869 927; x_wconf 87' lang='lat' dir='ltr'><strong>detestationem</strong></span> <span class='ocrx_word' id='word_1_60' title='bbox 888 911 904 940; x_wconf 80' lang='grc'><em>,</em></span> <span class='ocrx_word' id='word_1_61' title='bbox 947 865 1036 924; x_wconf 85' lang='lat' dir='ltr'><strong>uti</strong></span> <span class='ocrx_word' id='word_1_62' title='bbox 1075 884 1179 923; x_wconf 90' lang='lat' dir='ltr'><strong>suo</strong></span> <span class='ocrx_word' id='word_1_63' title='bbox 1208 865 1334 923; x_wconf 88' lang='lat' dir='ltr'><strong>loco</strong></span> <span class='ocrx_word' id='word_1_64' title='bbox 1378 861 1844 942; x_wconf 78' lang='lat' dir='ltr'><strong>explanabimus,</strong></span> <span class='ocrx_word' id='word_1_65' title='bbox 1888 864 2014 935; x_wconf 87' lang='lat' dir='ltr'><strong>Quo</strong></span> <span class='ocrx_word' id='word_1_66' title='bbox 2042 863 2202 922; x_wconf 90' lang='lat' dir='ltr'><strong>mul-</strong></span> 
     </span>
     <span class='ocr_line' id='line_1_8' title="bbox 93 950 2198 1043; baseline -0.004 -19"><span class='ocrx_word' id='word_1_67' title='bbox 93 963 277 1043; x_wconf 87' lang='lat' dir='ltr'><strong>tiplici</strong></span> <span class='ocrx_word' id='word_1_68' title='bbox 317 983 489 1021; x_wconf 91' lang='lat' dir='ltr'><strong>sensu</strong></span> <span class='ocrx_word' id='word_1_69' title='bbox 536 961 1001 1033; x_wconf 14' lang='lat' dir='ltr'><strong>adductihtextus</strong></span> <span class='ocrx_word' id='word_1_70' title='bbox 1050 958 1261 1041; x_wconf 88' lang='lat' dir='ltr'><strong>aliique</strong></span> <span class='ocrx_word' id='word_1_71' title='bbox 1303 956 1588 1037; x_wconf 88' lang='lat' dir='ltr'><strong>ejusmodi</strong></span> <span class='ocrx_word' id='word_1_72' title='bbox 1634 950 1878 1037; x_wconf 81' lang='lat' dir='ltr'><strong>intelligi</strong></span> <span class='ocrx_word' id='word_1_73' title='bbox 1932 955 2153 1016; x_wconf 85' lang='lat' dir='ltr'><strong>debent</strong></span> <span class='ocrx_word' id='word_1_74' title='bbox 2180 1003 2198 1033; x_wconf 83' lang='lat'><strong>‚</strong></span> 
     </span>
     <span class='ocr_line' id='line_1_9' title="bbox 92 1052 2203 1140; baseline -0.002 -25"><span class='ocrx_word' id='word_1_75' title='bbox 92 1067 267 1140; x_wconf 87' lang='lat' dir='ltr'><strong>prout</strong></span> <span class='ocrx_word' id='word_1_76' title='bbox 300 1077 531 1138; x_wconf 85' lang='lat' dir='ltr'><strong>semper</strong></span> <span class='ocrx_word' id='word_1_77' title='bbox 558 1078 654 1117; x_wconf 91' lang='lat' dir='ltr'><strong>eos</strong></span> <span class='ocrx_word' id='word_1_78' title='bbox 690 1055 978 1115; x_wconf 79' lang='lat' dir='ltr'><strong>intellexit</strong></span> <span class='ocrx_word' id='word_1_79' title='bbox 1012 1053 1293 1128; x_wconf 70' lang='lat' dir='ltr'><strong>Ecclesia,</strong></span> <span class='ocrx_word' id='word_1_80' title='bbox 1332 1065 1400 1112; x_wconf 84' lang='lat' dir='ltr'><strong>ut</strong></span> <span class='ocrx_word' id='word_1_81' title='bbox 1437 1052 1613 1112; x_wconf 86' lang='lat' dir='ltr'><strong>allata</strong></span> <span class='ocrx_word' id='word_1_82' title='bbox 1645 1052 1994 1112; x_wconf 82' lang='lat' dir='ltr'><strong>documenta</strong></span> <span class='ocrx_word' id='word_1_83' title='bbox 2029 1073 2203 1133; x_wconf 88' lang='lat' dir='ltr'><strong>aper-</strong></span> 
     </span>
     <span class='ocr_line' id='line_1_10' title="bbox 93 1148 2202 1228; baseline -0.003 -17"><span class='ocrx_word' id='word_1_84' title='bbox 93 1153 382 1211; x_wconf 87' lang='lat' dir='ltr'><strong>tissimam</strong></span> <span class='ocrx_word' id='word_1_85' title='bbox 404 1152 580 1211; x_wconf 90' lang='lat' dir='ltr'><strong>fidem</strong></span> <span class='ocrx_word' id='word_1_86' title='bbox 604 1152 840 1211; x_wconf 87' lang='lat' dir='ltr'><strong>faciunt.</strong></span> <span class='ocrx_word' id='word_1_87' title='bbox 865 1150 1040 1224; x_wconf 71' lang='lat' dir='ltr'><strong>Hinc,</strong></span> <span class='ocrx_word' id='word_1_88' title='bbox 1069 1171 1138 1208; x_wconf 90' lang='lat' dir='ltr'><strong>ne</strong></span> <span class='ocrx_word' id='word_1_89' title='bbox 1166 1160 1406 1209; x_wconf 78' lang='lat' dir='ltr'><strong>tantum</strong></span> <span class='ocrx_word' id='word_1_90' title='bbox 1422 1150 1886 1208; x_wconf 73' lang='lat' dir='ltr'><strong>Sacramentum</strong></span> <span class='ocrx_word' id='word_1_91' title='bbox 1908 1148 2162 1228; x_wconf 62' lang='lat' dir='ltr'><strong>indigne</strong></span> <span class='ocrx_word' id='word_1_92' title='bbox 2176 1191 2202 1221; x_wconf 90' lang='lat'><em>‚</em></span> 
     </span>
     <span class='ocr_line' id='line_1_11' title="bbox 91 1246 2205 1327; baseline -0.003 -20"><span class='ocrx_word' id='word_1_93' title='bbox 91 1259 267 1327; x_wconf 84' lang='lat' dir='ltr'><strong>atque</strong></span> <span class='ocrx_word' id='word_1_94' title='bbox 283 1249 422 1307; x_wconf 85' lang='lat' dir='ltr'><strong>adeo</strong></span> <span class='ocrx_word' id='word_1_95' title='bbox 440 1254 509 1308; x_wconf 88' lang='lat' dir='ltr'><strong>in</strong></span> <span class='ocrx_word' id='word_1_96' title='bbox 526 1257 772 1306; x_wconf 87' lang='lat' dir='ltr'><strong>mortem</strong></span> <span class='ocrx_word' id='word_1_97' title='bbox 793 1256 850 1303; x_wconf 90' lang='lat' dir='ltr'><strong>et</strong></span> <span class='ocrx_word' id='word_1_98' title='bbox 866 1246 1418 1304; x_wconf 78' lang='lat' dir='ltr'><strong>condemnationem</strong></span> <span class='ocrx_word' id='word_1_99' title='bbox 1439 1253 1727 1303; x_wconf 77' lang='lat' dir='ltr'><strong>sumatur</strong></span> <span class='ocrx_word' id='word_1_100' title='bbox 1740 1285 1763 1316; x_wconf 84' lang='lat'><em>,</em></span> <span class='ocrx_word' id='word_1_101' title='bbox 1787 1246 2003 1302; x_wconf 79' lang='lat' dir='ltr'><strong>statuit</strong></span> <span class='ocrx_word' id='word_1_102' title='bbox 2027 1253 2205 1322; x_wconf 84' lang='lat' dir='ltr'><strong>atque</strong></span> 
     </span>
     <span class='ocr_line' id='line_1_12' title="bbox 90 1339 2204 1423; baseline -0.002 -22"><span class='ocrx_word' id='word_1_103' title='bbox 90 1343 357 1402; x_wconf 81' lang='lat' dir='ltr'><strong>declarat</strong></span> <span class='ocrx_word' id='word_1_104' title='bbox 376 1346 513 1423; x_wconf 79' lang='lat' dir='ltr'><strong>ipsa</strong></span> <span class='ocrx_word' id='word_1_105' title='bbox 535 1351 743 1401; x_wconf 84' lang='lat' dir='ltr'><strong>sancta</strong></span> <span class='ocrx_word' id='word_1_106' title='bbox 763 1341 1039 1420; x_wconf 77' lang='lat' dir='ltr'><strong>Synodus</strong></span> <span class='ocrx_word' id='word_1_107' title='bbox 1061 1339 1471 1419; x_wconf 85' lang='lat' dir='ltr'><strong>(Tridentina)</strong></span> <span class='ocrx_word' id='word_1_108' title='bbox 1491 1341 1646 1412; x_wconf 82' lang='lat' dir='ltr'><strong>illis,</strong></span> <span class='ocrx_word' id='word_1_109' title='bbox 1669 1359 1815 1418; x_wconf 83' lang='lat' dir='ltr'><strong>quos</strong></span> <span class='ocrx_word' id='word_1_110' title='bbox 1839 1341 2204 1398; x_wconf 85' lang='lat' dir='ltr'><strong>conscientia</strong></span> 
     </span>
     <span class='ocr_line' id='line_1_13' title="bbox 83 1437 2204 1517; baseline -0.002 -20"><span class='ocrx_word' id='word_1_111' title='bbox 83 1442 322 1517; x_wconf 80' lang='lat' dir='ltr'><strong>peccati</strong></span> <span class='ocrx_word' id='word_1_112' title='bbox 370 1439 640 1497; x_wconf 83' lang='lat' dir='ltr'><strong>mortalis</strong></span> <span class='ocrx_word' id='word_1_113' title='bbox 687 1447 910 1517; x_wconf 72' lang='lat' dir='ltr'><strong>yravat</strong></span> <span class='ocrx_word' id='word_1_114' title='bbox 919 1478 941 1508; x_wconf 87' lang='lat'><em>,</em></span> <span class='ocrx_word' id='word_1_115' title='bbox 990 1446 1545 1514; x_wconf 80' lang='lat' dir='ltr'><strong>quantumcumque</strong></span> <span class='ocrx_word' id='word_1_116' title='bbox 1593 1439 1775 1493; x_wconf 87' lang='lat' dir='ltr'><strong>etiam</strong></span> <span class='ocrx_word' id='word_1_117' title='bbox 1821 1455 1879 1493; x_wconf 89' lang='lat' dir='ltr'><strong>se</strong></span> <span class='ocrx_word' id='word_1_118' title='bbox 1921 1437 2204 1493; x_wconf 86' lang='lat' dir='ltr'><strong>contritos</strong></span> 
     </span>
     <span class='ocr_line' id='line_1_14' title="bbox 94 1529 2205 1612; baseline -0.003 -20"><span class='ocrx_word' id='word_1_119' title='bbox 94 1538 466 1604; x_wconf 66' lang='lat' dir='ltr'><strong>existiment,</strong></span> <span class='ocrx_word' id='word_1_120' title='bbox 497 1533 707 1592; x_wconf 73' lang='lat' dir='ltr'><strong>hahita</strong></span> <span class='ocrx_word' id='word_1_121' title='bbox 734 1538 908 1612; x_wconf 80' lang='lat' dir='ltr'><strong>copia</strong></span> <span class='ocrx_word' id='word_1_122' title='bbox 937 1533 1285 1609; x_wconf 79' lang='lat' dir='ltr'><strong>confessoris</strong></span> <span class='ocrx_word' id='word_1_123' title='bbox 1302 1575 1320 1605; x_wconf 71' lang='lat'>‚</span> <span class='ocrx_word' id='word_1_124' title='bbox 1359 1533 1684 1589; x_wconf 87' lang='lat' dir='ltr'><strong>necessario</strong></span> <span class='ocrx_word' id='word_1_125' title='bbox 1708 1529 2205 1608; x_wconf 67' lang='lat' dir='ltr'><strong>prce-mittendam</strong></span> 
     </span>
     <span class='ocr_line' id='line_1_15' title="bbox 94 1627 2203 1708; baseline -0.003 -20"><span class='ocrx_word' id='word_1_126' title='bbox 94 1651 211 1688; x_wconf 86' lang='lat' dir='ltr'><strong>esse</strong></span> <span class='ocrx_word' id='word_1_127' title='bbox 256 1632 676 1708; x_wconf 81' lang='lat' dir='ltr'><strong>confessionem</strong></span> <span class='ocrx_word' id='word_1_128' title='bbox 709 1628 1218 1691; x_wconf 77' lang='lat' dir='ltr'><strong>sacramentalem.</strong></span> <span class='ocrx_word' id='word_1_129' title='bbox 1272 1628 1346 1684; x_wconf 88' lang='lat' dir='ltr'><strong>Si</strong></span> <span class='ocrx_word' id='word_1_130' title='bbox 1387 1629 1527 1704; x_wconf 81' lang='lat' dir='ltr'><strong>quis</strong></span> <span class='ocrx_word' id='word_1_131' title='bbox 1573 1634 1767 1683; x_wconf 86' lang='lat' dir='ltr'><strong>autem</strong></span> <span class='ocrx_word' id='word_1_132' title='bbox 1819 1627 2203 1684; x_wconf 87' lang='lat' dir='ltr'><strong>contrarium</strong></span> 
     </span>
     <span class='ocr_line' id='line_1_16' title="bbox 93 1720 2204 1803; baseline -0.003 -20"><span class='ocrx_word' id='word_1_133' title='bbox 93 1725 324 1800; x_wconf 88' lang='lat' dir='ltr'><strong>docere,</strong></span> <span class='ocrx_word' id='word_1_134' title='bbox 347 1724 689 1803; x_wconf 68' lang='lat' dir='ltr'><strong>praedicare</strong></span> <span class='ocrx_word' id='word_1_135' title='bbox 729 1725 818 1781; x_wconf 82' lang='lat' dir='ltr'><strong>vel</strong></span> <span class='ocrx_word' id='word_1_136' title='bbox 837 1725 1239 1803; x_wconf 74' lang='lat' dir='ltr'><strong>pertinaciter</strong></span> <span class='ocrx_word' id='word_1_137' title='bbox 1275 1741 1533 1780; x_wconf 78' lang='lat' dir='ltr'><strong>asserere</strong></span> <span class='ocrx_word' id='word_1_138' title='bbox 1553 1764 1570 1791; x_wconf 84' lang='lat'><strong>,</strong></span> <span class='ocrx_word' id='word_1_139' title='bbox 1604 1730 1715 1778; x_wconf 86' lang='lat' dir='ltr'><strong>aut</strong></span> <span class='ocrx_word' id='word_1_140' title='bbox 1743 1725 1926 1779; x_wconf 86' lang='lat' dir='ltr'><strong>etiam</strong></span> <span class='ocrx_word' id='word_1_141' title='bbox 1954 1720 2204 1800; x_wconf 80' lang='lat' dir='ltr'><strong>publice</strong></span> 
     </span>
     <span class='ocr_line' id='line_1_17' title="bbox 91 1819 2202 1898; baseline -0.001 -21"><span class='ocrx_word' id='word_1_142' title='bbox 91 1820 454 1898; x_wconf 79' lang='lat' dir='ltr'><strong>disputando</strong></span> <span class='ocrx_word' id='word_1_143' title='bbox 489 1819 795 1897; x_wconf 82' lang='lat' dir='ltr'><strong>defendere</strong></span> <span class='ocrx_word' id='word_1_144' title='bbox 825 1820 1323 1898; x_wconf 72' lang='lat' dir='ltr'><strong>praesumpserit,</strong></span> <span class='ocrx_word' id='word_1_145' title='bbox 1371 1836 1432 1875; x_wconf 90' lang='lat' dir='ltr'><strong>eo</strong></span> <span class='ocrx_word' id='word_1_146' title='bbox 1474 1819 1603 1896; x_wconf 63' lang='lat' dir='ltr'><strong>ipso</strong></span> <span class='ocrx_word' id='word_1_147' title='bbox 1641 1819 2202 1888; x_wconf 68' lang='lat' dir='ltr'><strong>excommunicatus</strong></span> 
     </span>
     <span class='ocr_line' id='line_1_18' title="bbox 89 1913 1172 1993; baseline -0.001 -21"><span class='ocrx_word' id='word_1_148' title='bbox 89 1917 304 1972; x_wconf 78' lang='lat' dir='ltr'><strong>ea‘istat</strong></span> <span class='ocrx_word' id='word_1_149' title='bbox 336 1914 520 1992; x_wconf 78' lang='lat' dir='ltr'><strong>(sess,</strong></span> <span class='ocrx_word' id='word_1_150' title='bbox 564 1914 726 1987; x_wconf 82' lang='lat' dir='ltr'><strong>XIII,</strong></span> <span class='ocrx_word' id='word_1_151' title='bbox 770 1934 895 1974; x_wconf 88' lang='lat' dir='ltr'><strong>can.</strong></span> <span class='ocrx_word' id='word_1_152' title='bbox 936 1913 1014 1972; x_wconf 88' lang='lat' dir='ltr'><strong>XI</strong></span> <span class='ocrx_word' id='word_1_153' title='bbox 1039 1914 1085 1993; x_wconf 92' lang='lat'><strong>).</strong></span> <span class='ocrx_word' id='word_1_154' title='bbox 1168 1939 1172 1943; x_wconf 95' lang='lat'>·</span> 
     </span>
    </p>

    <p class='ocr_par' dir='ltr' id='par_1_4' title="bbox 90 2007 2202 2353">
     <span class='ocr_line' id='line_1_19' title="bbox 168 2007 2200 2089; baseline -0 -21"><span class='ocrx_word' id='word_1_155' title='bbox 168 2008 309 2068; x_wconf 75' lang='lat'><strong>243.</strong></span> <span class='ocrx_word' id='word_1_156' title='bbox 353 2010 424 2068; x_wconf 90' lang='lat' dir='ltr'><strong>Et</strong></span> <span class='ocrx_word' id='word_1_157' title='bbox 458 2009 584 2069; x_wconf 84' lang='lat' dir='ltr'><strong>haec</strong></span> <span class='ocrx_word' id='word_1_158' title='bbox 613 2008 685 2068; x_wconf 90' lang='lat' dir='ltr'><strong>de</strong></span> <span class='ocrx_word' id='word_1_159' title='bbox 710 2008 1095 2083; x_wconf 88' lang='lat' dir='ltr'><strong>Eucharistia‚</strong></span> <span class='ocrx_word' id='word_1_160' title='bbox 1136 2018 1311 2089; x_wconf 91' lang='lat' dir='ltr'><strong>prout</strong></span> <span class='ocrx_word' id='word_1_161' title='bbox 1338 2008 1782 2067; x_wconf 84' lang='lat' dir='ltr'><strong>Sacramentum</strong></span> <span class='ocrx_word' id='word_1_162' title='bbox 1814 2017 1921 2067; x_wconf 91' lang='lat' dir='ltr'><strong>est.</strong></span> <span class='ocrx_word' id='word_1_163' title='bbox 1957 2007 2045 2067; x_wconf 89' lang='lat' dir='ltr'><strong>De</strong></span> <span class='ocrx_word' id='word_1_164' title='bbox 2077 2011 2200 2086; x_wconf 86' lang='lat' dir='ltr'><strong>ejus</strong></span> 
     </span>
     <span class='ocr_line' id='line_1_20' title="bbox 91 2101 2199 2184; baseline 0 -22"><span class='ocrx_word' id='word_1_165' title='bbox 91 2105 250 2162; x_wconf 90' lang='lat' dir='ltr'><strong>enim</strong></span> <span class='ocrx_word' id='word_1_166' title='bbox 284 2104 561 2178; x_wconf 72' lang='lat' dir='ltr'><strong>materia,</strong></span> <span class='ocrx_word' id='word_1_167' title='bbox 599 2104 786 2163; x_wconf 83' lang='lat' dir='ltr'><strong>forma</strong></span> <span class='ocrx_word' id='word_1_168' title='bbox 822 2115 882 2163; x_wconf 88' lang='lat' dir='ltr'><strong>et</strong></span> <span class='ocrx_word' id='word_1_169' title='bbox 912 2103 1181 2162; x_wconf 87' lang='lat' dir='ltr'><strong>ministro</strong></span> <span class='ocrx_word' id='word_1_170' title='bbox 1223 2102 1582 2162; x_wconf 89' lang='lat' dir='ltr'><strong>commodius</strong></span> <span class='ocrx_word' id='word_1_171' title='bbox 1637 2124 1871 2184; x_wconf 81' lang='lat' dir='ltr'><strong>agemus</strong></span> <span class='ocrx_word' id='word_1_172' title='bbox 1911 2103 1975 2161; x_wconf 89' lang='lat' dir='ltr'><strong>in</strong></span> <span class='ocrx_word' id='word_1_173' title='bbox 2016 2101 2199 2163; x_wconf 86' lang='lat' dir='ltr'><strong>altera</strong></span> 
     </span>
     <span class='ocr_line' id='line_1_21' title="bbox 90 2187 2202 2281; baseline 0 -26"><span class='ocrx_word' id='word_1_174' title='bbox 90 2207 368 2258; x_wconf 84' lang='lat' dir='ltr'><strong>tractatus</strong></span> <span class='ocrx_word' id='word_1_175' title='bbox 406 2187 571 2280; x_wconf 79' lang='lat' dir='ltr'><strong>parte</strong></span> <span class='ocrx_word' id='word_1_176' title='bbox 597 2244 629 2273; x_wconf 51' lang='lat'><strong>,‚</strong></span> <span class='ocrx_word' id='word_1_177' title='bbox 661 2220 792 2281; x_wconf 88' lang='lat' dir='ltr'><strong>quae</strong></span> <span class='ocrx_word' id='word_1_178' title='bbox 837 2199 910 2259; x_wconf 92' lang='lat' dir='ltr'><strong>de</strong></span> <span class='ocrx_word' id='word_1_179' title='bbox 951 2198 1158 2259; x_wconf 88' lang='lat' dir='ltr'><strong>eadem</strong></span> <span class='ocrx_word' id='word_1_180' title='bbox 1205 2198 1562 2259; x_wconf 85' lang='lat' dir='ltr'><strong>Eucharistia</strong></span> <span class='ocrx_word' id='word_1_181' title='bbox 1609 2209 1733 2274; x_wconf 75' lang='lat' dir='ltr'><strong>est,</strong></span> <span class='ocrx_word' id='word_1_182' title='bbox 1785 2209 2072 2281; x_wconf 86' lang='lat' dir='ltr'><strong>quatenus</strong></span> <span class='ocrx_word' id='word_1_183' title='bbox 2112 2208 2202 2257; x_wconf 85' lang='lat' dir='ltr'><strong>est</strong></span> 
     </span>
     <span class='ocr_line' id='line_1_22' title="bbox 94 2293 466 2353; baseline 0.008 -3"><span class='ocrx_word' id='word_1_184' title='bbox 94 2293 466 2353; x_wconf 87' lang='lat' dir='ltr'><strong>Sacrificium.</strong></span> 
     </span>
    </p>
   </div>
   <div class='ocr_carea' id='block_1_4' title="bbox 89 2509 2197 2825">
    <p class='ocr_par' dir='ltr' id='par_1_5' title="bbox 89 2509 2197 2825">
     <span class='ocr_line' id='line_1_23' title="bbox 154 2509 2197 2578; baseline 0 -19"><span class='ocrx_word' id='word_1_185' title='bbox 154 2511 217 2575; x_wconf 92' lang='lat'><strong>(1)</strong></span> <span class='ocrx_word' id='word_1_186' title='bbox 258 2512 427 2561; x_wconf 81' lang='lat' dir='ltr'><strong>Utrum</strong></span> <span class='ocrx_word' id='word_1_187' title='bbox 460 2528 568 2561; x_wconf 87' lang='lat' dir='ltr'><strong>vero</strong></span> <span class='ocrx_word' id='word_1_188' title='bbox 610 2518 774 2577; x_wconf 83' lang='lat' dir='ltr'><strong>praeter</strong></span> <span class='ocrx_word' id='word_1_189' title='bbox 798 2522 987 2578; x_wconf 85' lang='lat' dir='ltr'><strong>peccata</strong></span> <span class='ocrx_word' id='word_1_190' title='bbox 1020 2528 1099 2562; x_wconf 87' lang='lat' dir='ltr'><strong>ve·</strong></span> <span class='ocrx_word' id='word_1_191' title='bbox 1182 2512 1403 2576; x_wconf 84' lang='lat' dir='ltr'><strong>firmant,</strong></span> <span class='ocrx_word' id='word_1_192' title='bbox 1423 2513 1505 2561; x_wconf 77' lang='lat' dir='ltr'><strong>alii</strong></span> <span class='ocrx_word' id='word_1_193' title='bbox 1521 2529 1627 2562; x_wconf 85' lang='lat' dir='ltr'><strong>vero</strong></span> <span class='ocrx_word' id='word_1_194' title='bbox 1649 2522 1836 2575; x_wconf 81' lang='lat' dir='ltr'><strong>negant.</strong></span> <span class='ocrx_word' id='word_1_195' title='bbox 1852 2509 1946 2560; x_wconf 84' lang='lat' dir='ltr'><strong>cfr.</strong></span> <span class='ocrx_word' id='word_1_196' title='bbox 1962 2509 2197 2577; x_wconf 82' lang='lat' dir='ltr'><strong>Vasquez;</strong></span> 
     </span>
     <span class='ocr_line' id='line_1_24' title="bbox 89 2592 2193 2662; baseline 0 -22"><span class='ocrx_word' id='word_1_197' title='bbox 89 2593 227 2643; x_wconf 84' lang='lat' dir='ltr'><strong>nialia</strong></span> <span class='ocrx_word' id='word_1_198' title='bbox 247 2593 597 2644; x_wconf 81' lang='lat' dir='ltr'><strong>Sacramentum</strong></span> <span class='ocrx_word' id='word_1_199' title='bbox 615 2593 910 2643; x_wconf 64' lang='lat' dir='ltr'><strong>Eucharistiae</strong></span> <span class='ocrx_word' id='word_1_200' title='bbox 939 2597 1100 2643; x_wconf 83' lang='lat' dir='ltr'><strong>remit·</strong></span> <span class='ocrx_word' id='word_1_201' title='bbox 1182 2592 1253 2642; x_wconf 84' lang='lat' dir='ltr'><strong>In</strong></span> <span class='ocrx_word' id='word_1_202' title='bbox 1273 2612 1327 2643; x_wconf 87' lang='lat'><strong>111</strong></span> <span class='ocrx_word' id='word_1_203' title='bbox 1345 2604 1478 2662; x_wconf 82' lang='lat' dir='ltr'><strong>part.</strong></span> <span class='ocrx_word' id='word_1_204' title='bbox 1507 2593 1568 2645; x_wconf 85' lang='lat' dir='ltr'><strong>S.</strong></span> <span class='ocrx_word' id='word_1_205' title='bbox 1595 2593 1764 2643; x_wconf 76' lang='lat' dir='ltr'><strong>Thcm.</strong></span> <span class='ocrx_word' id='word_1_206' title='bbox 1782 2594 1898 2660; x_wconf 87' lang='lat' dir='ltr'><strong>disp.</strong></span> <span class='ocrx_word' id='word_1_207' title='bbox 1917 2609 2016 2657; x_wconf 86' lang='lat' dir='ltr'><strong>ccv,</strong></span> <span class='ocrx_word' id='word_1_208' title='bbox 2039 2610 2141 2658; x_wconf 84' lang='lat' dir='ltr'><strong>cap.</strong></span> <span class='ocrx_word' id='word_1_209' title='bbox 2161 2593 2193 2641; x_wconf 83' lang='lat'>3</span> 
     </span>
     <span class='ocr_line' id='line_1_25' title="bbox 96 2674 1305 2742; baseline 0.003 -20"><span class='ocrx_word' id='word_1_210' title='bbox 96 2685 162 2723; x_wconf 85' lang='lat' dir='ltr'><strong>tat</strong></span> <span class='ocrx_word' id='word_1_211' title='bbox 182 2678 316 2725; x_wconf 81' lang='lat' dir='ltr'><strong>etiam</strong></span> <span class='ocrx_word' id='word_1_212' title='bbox 340 2682 524 2742; x_wconf 80' lang='lat' dir='ltr'><strong>peccata</strong></span> <span class='ocrx_word' id='word_1_213' title='bbox 541 2677 745 2724; x_wconf 83' lang='lat' dir='ltr'><strong>mortalia</strong></span> <span class='ocrx_word' id='word_1_214' title='bbox 754 2693 846 2741; x_wconf 81' lang='lat' dir='ltr'><strong>per</strong></span> <span class='ocrx_word' id='word_1_215' title='bbox 859 2676 1099 2735; x_wconf 79' lang='lat' dir='ltr'><strong>accidens,</strong></span> <span class='ocrx_word' id='word_1_216' title='bbox 1184 2686 1229 2726; x_wconf 88' lang='lat' dir='ltr'><strong>et</strong></span> <span class='ocrx_word' id='word_1_217' title='bbox 1252 2674 1305 2740; x_wconf 73' lang='grc'><strong>4.</strong></span> 
     </span>
     <span class='ocr_line' id='line_1_26' title="bbox 101 2758 1103 2825; baseline 0.002 -21"><span class='ocrx_word' id='word_1_218' title='bbox 101 2766 154 2804; x_wconf 88' lang='lat' dir='ltr'><strong>ut</strong></span> <span class='ocrx_word' id='word_1_219' title='bbox 185 2758 378 2821; x_wconf 85' lang='lat' dir='ltr'><strong>dicitur,</strong></span> <span class='ocrx_word' id='word_1_220' title='bbox 401 2760 631 2825; x_wconf 83' lang='lat' dir='ltr'><strong>disputant</strong></span> <span class='ocrx_word' id='word_1_221' title='bbox 661 2758 879 2824; x_wconf 83' lang='lat' dir='ltr'><strong>Theologi</strong></span> <span class='ocrx_word' id='word_1_222' title='bbox 900 2774 914 2823; x_wconf 85' lang='lat'><em>3</em></span> <span class='ocrx_word' id='word_1_223' title='bbox 937 2759 1016 2808; x_wconf 84' lang='lat' dir='ltr'><strong>alii</strong></span> <span class='ocrx_word' id='word_1_224' title='bbox 1037 2759 1103 2807; x_wconf 89' lang='lat' dir='ltr'><strong>af-</strong></span> 
     </span>
    </p>
   </div>
  </div>
 </body>
</html>
