2502 4186
658 0 743 51 Χ

608 222 736 260 cu.
782 223 840 264 v.
889 223 958 259 nn
1001 194 1287 276 nucius,
1333 222 1565 276 roam,
1610 222 1732 260 nro.

2107 200 2226 263 479

110 372 353 431 emulcet.
381 369 570 438 Heus,
595 377 663 425 tu
682 376 993 446 peccator,
1024 385 1233 446 roqare
1269 386 1342 424 ne
1378 365 1653 432 desinas,-
1681 365 1848 438 vide,
1877 366 1991 426 uhi
2024 366 2096 425 de
2130 376 2230 429 tuo

113 467 325 525 reditu.
345 463 694 544 yaudeatur
716 460 828 543 (l).

182 656 254 721 (l)
291 655 571 704 Paroenesae's
596 689 609 711 ‚
635 655 735 702 sive
759 651 1020 701 exhortatio
1059 648 1132 698 ad

116 739 326 797 Poenit.‚
378 739 429 785 in
459 735 696 785 Biblioth.
731 732 938 783 Patr-um
984 732 1127 783 Dela

116 821 284 886 Rigas,
301 817 582 885 Paris.1589
606 854 619 876 ‚
638 829 759 868 tom.
779 834 829 866 ιιι
847 834 978 883 ²pag.
1006 813 1126 883 457.

113 902 224 950 Haec
238 899 514 949 Sanctorum
534 899 723 949 Patrum
758 899 1038 947 documenta
1078 899 1130 945 in

114 982 358 1032 animabus
401 982 647 1031 edocendis
695 981 1003 1047 regendisque
1033 996 1130 1028 non

117 1066 216 1113 sine
234 1066 406 1128 ingenti
426 1064 580 1112 fructu
613 1073 904 1112 consectatus
940 1071 1005 1110 est
1040 1062 1129 1110 hae

122 1147 217 1194 fere
229 1155 362 1193 aetate
377 1144 697 1210 S.A1ph0nsus
714 1144 855 1193 Maria
873 1144 930 1192 de
945 1141 1131 1208 Lignori

119 1230 168 1275 in
186 1237 252 1275 tot
272 1227 419 1287 libris,
437 1243 553 1292 quos
574 1229 622 1274 in
640 1226 767 1275 hunc
779 1226 920 1275 finem
932 1226 1130 1290 scripsit.

118 1308 173 1355 In
202 1309 307 1370 his,
341 1326 477 1374 porro
507 1307 637 1356 libris
675 1309 756 1374 qui
799 1307 874 1356 vel
910 1307 1133 1355 moralem

122 1388 425 1458 Theologiam
474 1390 568 1456 vel*
602 1391 794 1440 ascesim
851 1389 1132 1456 explanant,

122 1471 176 1519 S.
202 1469 343 1521 Sedes
385 1474 557 1520 iteratis
595 1469 790 1522 decretis
824 1469 904 1520 nil
929 1486 1136 1530 censura

120 1553 324 1618 diqnnm
354 1556 582 1603 contineri
613 1554 881 1604 declaravit.
921 1553 1042 1602 Cum
1066 1562 1136 1601 ta-

122 1653 231 1683 men
289 1652 525 1684 nonnemo
568 1638 707 1684 etiam
756 1644 858 1701 post
908 1632 1137 1702 ejusmodi

124 1716 303 1766 decreta
328 1718 497 1766 dubius
511 1717 702 1767 haereret
719 1755 733 1778 ‚
763 1729 921 1766 utrum
943 1716 1137 1765 Confes-

123 1802 228 1847 sarii
245 1808 342 1846 tuto
364 1799 615 1846 doctissimi
632 1814 766 1863 aeque
792 1815 846 1847 ac
860 1798 1137 1845 sanctissimi

121 1882 321 1930 auctoris
346 1881 584 1939 sententiis
607 1881 657 1926 in
685 1881 814 1944 praxi
846 1882 1139 1945 acquiescere

119 1970 308 2027 possent
341 1977 490 2008 necne
531 1962 582 2008 in
615 1959 1020 2009 administratione
1052 1959 1139 2009 Sa-

120 2045 346 2092 cramenti
396 2043 682 2091 Poenitentiae
713 2079 726 2101 ‚
776 2043 878 2107 pius
913 2040 1050 2090 Card.
1082 2041 1140 2091 de

122 2123 515 2186 Rohan·Chabot,
541 2122 923 2190 Archiepiscopus
947 2123 1140 2173 Vesun-

117 2211 249 2255 .tinus
267 2224 390 2256 anno
414 2205 535 2255 1831
566 2208 666 2256 baec
692 2206 837 2255 dubia
867 2207 1018 2256 Sacrae
1039 2207 1140 2256 Poe-

124 2291 396 2339 nitentiariae
420 2271 673 2355 ‘proposuit
707 2308 724 2339 .·
757 2298 805 2338 1⁰
846 2288 1025 2339 Utrum.
1061 2306 1142 2338 sa-

121 2386 216 2420 orae
249 2369 518 2435 Theoloqioe
539 2371 784 2437 professor
827 2373 1098 2438 opiniones
1116 2409 1131 2433 ,

124 2470 244 2518 quas
278 2455 334 2502 in
364 2469 454 2503 sna
497 2453 758 2519 Theoloqia
794 2453 970 2503 morali
990 2455 1142 2520 profi·

124 2544 250 2582 tetur
267 2534 328 2584 Β.
345 2537 392 2584 A
399 2536 626 2602 lphonsus
646 2539 823 2585 Blaria
842 2537 898 2585 de
922 2538 1139 2602 Liqorio‚

128 2627 226 2666 tuto
256 2620 393 2683 sequi
416 2636 474 2666 ao
507 2619 736 2684 profiteri
757 2621 950 2686 possit?
985 2631 1039 2669 2⁰
1056 2622 1144 2669 An

127 2700 190 2745 sit
235 2701 580 2765 inquietandus
633 2702 953 2766 confessarius
986 2740 998 2761 ‚
1061 2703 1145 2768 qui

128 2796 291 2829 omnes
318 2781 384 2830 B.
414 2781 659 2848 Alphonsi
676 2784 859 2833 Marioe
883 2784 940 2833 cle
956 2783 1145 2848 Liqorz'o

128 2862 349 2924 sequitur
388 2863 635 2926 opiniones
688 2866 746 2912 in
787 2856 944 2933 praxi
991 2880 1145 2914 saeroe

1211 649 1522 698 Poenitentioe
1567 649 1832 699 tribunalis
1851 686 1865 711 ,
1902 650 1994 700 hae
2026 650 2126 702 sola
2150 670 2232 702 ra-

1210 733 1339 780 tione
1357 768 1370 792 ‚
1395 731 1520 797 quod
1553 748 1584 780 a
1613 730 1666 779 S.
1697 729 1820 783 Sede
1850 731 2127 800 Apostoliea
2146 737 2230 784 ni-

1210 813 1282 862 hil
1310 815 1364 861 in
1390 816 1494 881 ejus
1535 814 1759 881 operibus
1792 831 1998 863 censura
2025 816 2231 882 diqnum

1210 905 1447 962 repertam
1469 897 1648 962 suerit?
1677 896 1867 946 Eadem
1894 915 2035 947 saera
2061 887 2232 949 Poe‘ni·

1210 979 1440 1026 tentiaria
1479 978 1559 1026 die
1589 976 1621 1027 5
1647 977 1779 1027 Julii
1821 978 1939 1029 1831
1989 981 2237 1046 respondit

1212 1069 1267 1108 ut
1289 1061 1520 1126 sequitur.
1549 1060 1640 1110 Ad
1673 1062 1706 1109 l
1744 1060 2053 1127 Affirmative
2070 1080 2092 1124 ‚·
2109 1052 2235 1128 quin

1213 1150 1372 1190 tamen
1390 1142 1506 1190 inde
1528 1141 1912 1208 reprehendendi
1927 1153 2229 1205 censeantur,

1213 1226 1301 1289 qui
1337 1224 1584 1290 opiniones
1629 1223 1690 1272 ab
1729 1223 1845 1272 aliis
1882 1225 2104 1290 probatis
2139 1241 2233 1275 au-

1214 1306 1426 1354 ctoribus
1465 1305 1671 1354 traditas
1695 1315 1980 1371 sequuntur,
2021 1307 2107 1357 Ad
2129 1304 2234 1356 II¹¹²

1217 1387 1469 1454 Neqative3
1489 1387 1655 1436 habita
1675 1389 1862 1436 ratione
1881 1390 2057 1438 mentis
2070 1387 2121 1438 S.
2143 1389 2234 1439 Se-

1215 1470 1293 1518 dis
1326 1472 1459 1529 eirea
1504 1470 1898 1536 approbationem
1948 1472 2238 1537 scriptorum

1217 1568 1462 1600 servorum
1499 1553 1605 1601 Dei
1631 1551 1697 1600 ad
1727 1553 1947 1618 effectum
1969 1554 2238 1603 canoniza-

1218 1634 1384 1682 tionis.
1402 1633 1554 1698 Quare
1567 1650 1666 1680 non
1685 1633 1941 1682 admodum
1962 1651 2124 1683 eorum
2147 1634 2236 1683 ob-

1219 1716 1524 1778 temperantia
1542 1713 1659 1762 mihi
1673 1714 1857 1763 videtur
1870 1716 2240 1766 commendanda

1220 1797 1301 1862 qni
1343 1795 1497 1843 adhuc
1545 1805 1742 1860 pergunt
1801 1806 2029 1864 tauquam
2082 1801 2241 1849 minus

1221 1870 1368 1924 tutam
1405 1879 1625 1925 insectari
1663 1878 1928 1928 doctrinam
1961 1883 2241 1930 sanctissimi

1220 1975 1275 2007 ac
1317 1958 1570 2007 doctissimi
1614 1958 1755 2017 Viri,
1801 1963 1918 2026 qui,
1945 1949 2000 2011 ut
2035 1962 2242 2030 loquitur

1221 2038 1329 2088 Pius
1349 2057 1414 2089 vu
1433 2039 1484 2090 S.
1513 2040 1581 2090 M.
1610 2044 1660 2089 in
1687 2042 1870 2091 decreto
1884 2043 1974 2092 An
1999 2051 2119 2107 tato,
2147 2055 2239 2096 etc.

1222 2122 1327 2172 dato
1375 2139 1439 2172 xit
1497 2122 1694 2174 Kalend.
1747 2123 1938 2174 Januar.
1996 2143 2194 2178 nocccxv
2222 2143 2241 2177 ε

1223 2203 1453 2271 Apostolo
1494 2205 1669 2271 diqnas
1703 2208 1905 2256 virtutes
1932 2211 2077 2273 quasi
2085 2209 2245 2276 jubar

1223 2289 1385 2336 emisit
1402 2325 1415 2348 ‚
1449 2304 1559 2335 oum
1590 2305 1699 2336 voce
1722 2298 1768 2337 et
1792 2291 1972 2356 scripto
1997 2293 2054 2339 in
2079 2291 2243 2342 media

1222 2370 1375 2419 seculi
1397 2377 1531 2418 noete
1547 2372 1822 2420 errantibus
1839 2374 1972 2421 viam
2000 2375 2207 2423 ostendit
2224 2412 2240 2436 ‚

1223 2470 1319 2518 qua
1340 2453 1540 2502 crutide
1552 2462 1780 2520 potestate
1797 2455 2098 2505 tenebrarum
2115 2467 2245 2506 tran-

1225 2539 1328 2584 sire
1341 2545 1536 2603 possent
1563 2539 1617 2585 in
1651 2539 1755 2586 Dei
1774 2538 1936 2587 lumen
1951 2548 1996 2588 et
2018 2540 2243 2605 qloriam.

1226 2619 1331 2667 Cfr.
1362 2637 1526 2668 aureus
1555 2621 1760 2684 opuscul.
1798 2621 2079 2687 Riflessioni
2101 2639 2244 2688 sopra

1225 2700 1430 2750 l’esimia
1457 2702 1686 2765 santithe
1708 2702 1922 2752 dottrina
1956 2704 2034 2752 del
2059 2705 2128 2754 B.
2147 2704 2243 2752 Al·-

1221 2784 1362 2850 fonso
1383 2784 1556 2834 Maria
1572 2783 1630 2833 de
1647 2785 1874 2850 Liquori,
1892 2786 2062 2853 Reggio
2093 2784 2242 2838 1825.
