2502 4186
278 210 401 272 222

905 233 1228 274 TRAGTATUS
1269 237 1339 272 DE
1383 236 1786 276 EUGHAms‘nA·
1846 291 1848 294 Ι

367 376 503 436 149.
554 377 728 455 Resp.
761 373 838 433 ad
875 375 990 451 1¹¹¹,
1022 377 1177 435 Dist.
1205 378 1385 436 Prout
1422 376 1496 436 ab
1522 377 1865 439 adversariis
1898 380 2170 459 fingitur7
2211 405 2398 450 conc.;

280 483 456 557 prout
491 468 564 529 ab
607 468 853 529 Ecclesia
893 470 1255 531 credendum
1294 473 1646 554 proponitur
1672 518 1688 548 7
1727 496 1858 554 neq.
1906 476 1960 534 Si
2008 477 2166 558 quod
2189 478 2399 560 dogma

280 580 367 628 est
392 613 408 642 7
439 567 500 626 in
532 587 648 648 quo
678 565 995 626 adversarii
1027 579 1356 628 monstrum
1399 567 1510 627 sibi
1544 570 1838 629 invenisse
1867 582 2180 631 autumant
2200 619 2215 648 7
2257 597 2399 656 pro-

278 663 430 722 fecto
468 672 557 721 est
599 660 788 736 istud7
839 661 997 744 quod
1042 685 1503 745 propugnamus·
1561 665 1914 725 Existimant
1955 667 2249 748 siquidem
2298 692 2402 750 per

279 757 1011 817 transsubstantiationem
1058 759 1363 839 significari
1410 759 1725 819 transitum
1775 783 1846 821 ex
1907 784 2023 821 una
2079 762 2401 824 substantia

278 864 563 936 tanquam
600 853 795 914 medio
836 866 938 913 aut
968 856 1209 914 materia
1239 857 1302 914 in
1339 855 1616 932 alteram,
1658 856 1738 915 ita
1778 869 1844 916 ut
1885 881 2003 918 una
2045 858 2401 936 substantia7

278 962 380 1010 aut
435 949 674 1032 aliquod
711 949 1085 1010 individuum
1125 951 1297 1010 unius
1336 950 1677 1011 substantiae
1703 998 1718 1026 7
1770 954 1872 1012 fiat
1906 954 2194 1031 alterum7
2245 956 2406 1037 quod

278 1067 607 1128 repugnare
636 1045 913 1105 clamant.¹
948 1047 1021 1105 At
1051 1045 1139 1105 nil
1167 1045 1283 1106 tale
1317 1047 1678 1108 credendum
1714 1051 1993 1131 proponit
2029 1051 2278 1111 Ecclesia
2306 1073 2403 1112 ca·-

275 1141 492 1201 tholica
516 1185 533 1215 7
574 1140 676 1200 sed
711 1141 903 1200 solum
928 1142 1371 1202 conversionem
1410 1144 1579 1202 unius
1618 1142 1960 1203 substantiae
1993 1145 2057 1203 in
2103 1145 2352 1206 alteram
2377 1193 2394 1222 7

278 1236 620 1318 relinquens
650 1236 984 1296 doctoribus
1018 1232 1454 1298 discutiendum
1473 1285 1489 1311 7
1528 1251 1673 1321 quot
1700 1239 2016 1321 qualesque
2041 1241 2403 1301 conditiones

278 1333 655 1413 requirantur
701 1332 779 1392 ad
820 1354 1025 1392 veram
1058 1353 1124 1391 ac
1166 1334 1401 1415 proprie
1441 1333 1658 1393 dictam
1700 1335 2142 1395 conversionem
2183 1338 2405 1395 consti-

278 1427 584 1488 tuendam.
623 1428 958 1488 Dummodo
998 1449 1136 1488 vera
1175 1429 1477 1488 conversio
1519 1430 1582 1487 in
1618 1441 1748 1489 tuto
1783 1432 1890 1504 sit,
1930 1430 2154 1512 reliqua
2193 1430 2404 1511 dogma

248 1568 249 1587 1
278 1521 401 1584 non
440 1524 806 1584 constituunt
835 1524 945 1606 (l).
975 1525 1155 1583 Porro
1192 1547 1299 1583 nos
1331 1546 1466 1584 cum
1497 1527 1811 1608 Vasquezio
1830 1572 1846 1601 7
1878 1529 2127 1587 Veronio
2164 1527 2405 1610 aliisque

280 1620 569 1695 diximus7
611 1620 762 1680 hanc
791 1619 1234 1682 conversionem
1274 1621 1399 1680 fieri
1433 1642 1540 1702 per
1572 1623 1989 1697 cessationem,
2036 1644 2137 1682 seu
2177 1621 2405 1683 destru-

286 1718 543 1777 ctionem
572 1718 744 1777 unius
766 1714 1144 1790 substantiae7
1185 1737 1402 1798 nempe
1441 1718 1611 1799 panis
1640 1728 1701 1776 et
1738 1718 1862 1778 vini
1892 1764 1908 1792 7
1959 1718 2021 1776 in
2072 1718 2283 1778 ordine
2329 1718 2404 1776 ad

279 1813 630 1896 positionem
665 1811 904 1872 alterius
930 1857 946 1887 7
995 1832 1211 1893 nempe
1250 1812 1521 1893 Corporis
1559 1824 1617 1872 et
1657 1814 1964 1893 Sanguinis
2010 1813 2225 1872 Christi
2254 1858 2270 1888 7
2323 1813 2402 1871 ita

280 1921 348 1969 ut
384 1919 698 1991 conceptus
755 1929 857 1967 seu
902 1907 1051 1966 ratio
1092 1907 1351 1966 formalis
1392 1909 2092 1968 transsubstantz‘acz'om's
2125 1908 2404 1967 consistat

279 2007 343 2064 in
370 2004 654 2065 relatione
682 2004 852 2062 unius
883 2003 1120 2062 termini
1141 2048 1157 2077 7
1184 2003 1283 2084 qui
1315 2002 1528 2062 desinit
1545 2050 1561 2079 7
1595 2004 1670 2063 ad
1695 2003 1944 2064 alterum
1967 2051 1982 2079 7
2010 2008 2072 2063 in
2096 2025 2273 2086 quem
2298 2003 2402 2062 de-

279 2101 421 2160 sinit
438 2146 455 2175 7
487 2112 555 2159 ut
579 2099 794 2160 Christi
815 2097 994 2159 verba
1021 2098 1144 2157 sint
1167 2119 1324 2157 vera.
1356 2100 1492 2158 Jam
1519 2121 1656 2159 vero
1687 2100 1831 2181 quid
1859 2099 2097 2159 absurdi
2130 2111 2231 2157 aut
2259 2097 2404 2180 quid

279 2197 435 2256 factu
460 2193 818 2278 impossibile
851 2194 913 2252 in
947 2193 1234 2272 ejusmodi
1261 2194 1648 2276 explicatione
1688 2195 2008 2256 inveniunt
2043 2193 2404 2256 adversarii?

281 2297 483 2376 Itaque
524 2292 634 2352 sibi
672 2294 965 2374 imputare
1030 2291 1250 2351 debent
1298 2291 1583 2351 increduli
1650 2304 1751 2351 aut
1795 2293 2053 2353 haeretici
2077 2338 2093 2369 7
2153 2293 2201 2351 si
2261 2291 2403 2374 quid

279 2389 518 2451 absurdi
554 2390 835 2451 videntur
871 2389 981 2448 sihi
1014 2387 1461 2470 deprehendere
1482 2389 1544 2447 in
1568 2389 1703 2449 fidei
1741 2401 1957 2449 nostrae
1992 2387 2359 2469 dogmatibus
2380 2431 2396 2461 7

278 2487 523 2546 minime
549 2507 688 2547 vero
713 2484 848 2544 fidei
872 2485 983 2566 ipsi
1002 2529 1018 2557 7
1044 2495 1229 2566 prout
1245 2483 1320 2544 ab
1345 2484 1590 2544 Ecclesia
1613 2484 1891 2544 catholica
1918 2483 2266 2566 proponitur
2279 2482 2390 2563 (2).

366 2582 502 2643 150.
553 2581 644 2643 Ad
676 2582 799 2656 2³¹7
847 2582 998 2662 Ney.
1036 2583 1183 2641 Cum
1218 2582 1377 2642 enim
1415 2580 1730 2662 gloriosum
1764 2603 1829 2641 ac
1863 2578 2159 2663 spirituale
2183 2576 2397 2638 Christi

350 2841 743 2907 (1)Bellarminus
759 2850 959 2907 quatuor
977 2841 1171 2906 requirit
1187 2857 1299 2889 con·
1384 2840 1623 2888 charistica
1666 2856 1762 2887 non
1803 2838 1964 2888 haberi
1995 2839 2362 2905 productionem
2382 2875 2395 2899 7

280 2927 476 2976 ditiones
496 2924 559 2973 ad
586 2940 744 2972 veram
760 2924 1107 2971 conversionem
1127 2958 1142 2979 ,
1179 2930 1219 2969 1⁰
1250 2931 1302 2970 ut
1384 2923 1463 2972 sed
1489 2921 1853 2979 adductionem
1881 2940 1994 2970 cum
2019 2922 2198 2987 Corpus
2228 2922 2401 2971 Christi

280 3007 459 3075 aliquid
474 3007 652 3056 desinat
671 3022 767 3055 esse
791 3021 806 3067 3
833 3012 886 3052 2⁰
905 3014 956 3053 ut
980 3004 1159 3071 aliquid
1191 3021 1299 3053 suc·
1379 3006 1477 3072 jam
1508 3007 1670 3053 existat
1687 3041 1700 3064 7
1725 3014 1768 3052 et
1789 3005 1939 3053 solum
1959 3008 2005 3052 vi
2022 3005 2267 3054 verborum
2284 3020 2402 3053 con-

281 3092 415 3141 cedat
438 3090 657 3139 inlocum
678 3090 781 3155 ejus
799 3123 814 3148 7
840 3087 965 3154 quod
992 3085 1166 3136 desinit
1181 3104 1293 3145 esse,

281 3191 343 3223 ne
386 3175 443 3221 sit
484 3188 609 3221 mera
647 3172 878 3235 corruptio
921 3179 967 3218 et
992 3168 1264 3218 annihilatio
1287 3197 1301 3236 3

282 3255 337 3307 5⁰
353 3265 406 3304 ut
426 3256 486 3303 sit
499 3254 726 3302 connexio
740 3251 950 3317 quaedam
966 3261 1011 3300 et
1037 3249 1304 3315 dependen-

281 3340 350 3388 tia
372 3340 495 3386 inter
523 3335 804 3384 decitionem
820 3335 965 3382 unius
994 3334 1303 3382 etsuccessio-

280 3438 391 3471 nem
417 3419 602 3468 alterius
622 3456 636 3478 7
681 3419 743 3465 ita
786 3426 837 3464 ut
868 3431 1016 3466 unum
1044 3415 1226 3464 desinat
1256 3420 1304 3463 et

281 3503 480 3553 alterum
490 3498 724 3560 succedat,
740 3509 784 3547 et
797 3500 850 3547 vi
863 3497 1111 3546 desieionis
1119 3498 1304 3546 fiatsuc·

280 3588 424 3636 cessio
444 3602 459 3648 ς
479 3585 534 3633 40
548 3593 703 3632 uttam
727 3583 952 3631 terminus
976 3598 1001 3628 a
1021 3598 1132 3645 quo,
1157 3596 1303 3645 quam

282 3671 508 3717 terminus
529 3667 591 3715 ad
616 3682 795 3731 quem,
824 3666 880 3712 sit
916 3681 1018 3712 vere
1052 3664 1290 3727 positivus,

237 3743 239 3745 ¹
281 3750 453 3816 Adjicit
493 3759 742 3815 praeterea,
785 3749 836 3795 in
869 3747 1167 3796 conversione
1202 3744 1295 3794 Eu-

1384 3088 1645 3137 secrationis
1684 3087 1942 3135 adducatur
1967 3089 2020 3136 in
2050 3087 2208 3135 locum
2234 3089 2364 3152 panis
2383 3123 2397 3145 7

1385 3171 1467 3235 qui
1504 3168 1781 3227 destruitur,
1823 3169 2022 3235 ideoque
2052 3171 2399 3219 couversionem

1384 3269 1479 3301 esse
1504 3252 1797 3300 adductivam
1820 3289 1834 3313 7
1859 3270 1956 3302 non
1981 3262 2136 3301 autem
2168 3251 2401 3316 producti-

1384 3352 1509 3383 vam.
1539 3333 1639 3382 Cfr.
1673 3334 1759 3383 lib.
1790 3350 1861 3394 ιιι,
1886 3352 1990 3400 cap.
2026 3330 2104 3382 18.

1452 3416 1522 3480 (Ξ)
1557 3415 1697 3464 Recte
1721 3425 1957 3482 propterea
1996 3414 2145 3464 Feller
2167 3450 2180 3474 7
2216 3415 2266 3462 in
2301 3409 2400 3461 Ca-

1383 3498 1496 3547 iech.
1518 3497 1793 3564 philosoph.
1824 3507 1909 3546 art.
1928 3495 2276 3545 I'Euoharietie
2292 3532 2306 3551 ‚
2329 3496 2400 3543 af-

1384 3581 1540 3628 firmat
1559 3618 1572 3640 7
1598 3580 1790 3646 perinde
1815 3596 1911 3629 esse
1943 3595 2107 3644 negare
2125 3577 2402 3643 possibilita-

1376 3678 1472 3716 tem
1515 3662 1651 3712 realis
1690 3661 1861 3710 Christi
1898 3662 2142 3727 praesentire
2192 3668 2236 3708 et
2281 3670 2402 3707 tran-

1377 3745 1772 3795 substantiationis
1814 3759 1868 3793 ac
1904 3759 2077 3808 *negare
2120 3740 2207 3791 Dei
2253 3742 2401 3791 omui·
