2502 4186
428 263 548 301 cir.
593 262 629 300 1.
675 264 743 300 »Β
784 263 946 302 amn
989 263 1211 302 cnmsn
1254 263 1571 301 rnAEsnn‘ru
1612 261 1672 299 ιη
1713 262 1961 300 aucun.
2129 240 2249 305 201

159 404 354 462 Potest
373 404 831 464 Sacramentum
852 405 1224 484 adoptionis(
1241 402 1454 462 scilicet
1482 401 1810 482 Baptisma)
1836 404 2068 482 adoptio
2089 423 2253 461 uuu-

158 502 392 576 oupari.
419 500 567 556 Nam
594 503 856 579 quamvis
889 499 1212 579 Baptismus
1247 495 1656 554 tantummodo
1691 496 1763 554 sit
1792 498 2250 556 Sacramentum

157 592 523 670 adoptiouz'8‚
565 591 674 650 hoc
710 604 799 650 est
827 591 1050 652 visibile
1094 591 1320 669 signum
1359 591 1692 669 adoptionis
1704 633 1735 662 „
1771 602 1830 649 et
1860 613 1981 650 non
2012 592 2088 650 sit
2126 591 2254 673 ipsa

159 687 392 763 adoptio
407 729 428 757 ‚
454 684 613 743 nulla
646 685 927 745 dubitatio
954 697 1070 758 est,
1097 685 1238 766 quin
1254 683 1517 743 homines
1544 729 1559 758 a
1584 685 1948 766 Baptismum
1974 686 2253 766 recipien-

159 790 245 838 tes
267 823 282 852 ,
311 800 510 839 veram
549 790 606 837 et
624 801 745 838 non
772 781 1106 859 figuratam,
1134 778 1506 859 adoptionem
1537 778 1789 837 filiorum
1811 780 1916 838 Dei
1942 780 2244 861 accipiant.

158 872 301 950 Ergo
326 893 357 929 a
374 873 497 952 pari
511 877 678 950 juxta
697 873 1052 948 Facundum,
1073 873 1298 932 etiamsi
1319 874 1780 949 Sacramentum,
1802 873 1869 932 id
1884 884 1999 945 est7.
2021 875 2253 954 signum

156 964 378 1026 visibile
415 967 680 1047 Corporis
708 980 767 1027 et
790 968 1090 1046 Sanguinis
1107 967 1338 1026 Domini
1358 972 1608 1047 proprie
1632 989 1750 1026 uon
1781 971 1861 1026 sit
1882 972 2087 1045 ipsum
2120 973 2254 1027 Cor-

142 1080 268 1137 pus
299 1070 354 1116 et
375 1061 957 1140 Sanquis'Domiui,‘
990 1062 1088 1141 qui
1124 1072 1324 1120 tamen
1345 1062 1536 1141 ipsum
1573 1063 2012 1120 Sacramentum
2036 1063 2248 1137 sumit,

154 1174 353 1213 veram
395 1166 454 1214 et
492 1178 613 1214 non
653 1158 954 1236 figuratam
991 1156 1243 1214 ‘Carnem
1275 1166 1333 1215 et
1374 1156 1722 1236 Sanguinem
1759 1155 1971 1214 Christi
2008 1155 2248 1237 recipit3

155 1248 286 1328 quia
327 1250 540 1330 species
582 1252 748 1332 panis
792 1261 851 1308 et
894 1250 1014 1309 vini
1053 1271 1255 1311 revera
1293 1256 1360 1309 iu
1408 1272 1465 1309 se
1507 1255 1907 1328 mysterium,
1959 1248 2069 1307 hoc
2121 1260 2247 1324 est,

154 1362 423 1402 arcanam
450 1340 925 1425 treme'ndamque
961 1345 1331 1425 praesentiam
1369 1345 1459 1423 (l)
1500 1346 1780 1424 Corporis
1803 1347 2253 1424 Savzquinisque

114 1464 122 1473 ·
151 1437 385 1495 Domini
420 1443 744 1512 continent,
782 1450 842 1497 et
877 1460 982 1497 nos
1019 1440 1082 1496 in
1115 1461 1267 1521 pane
1302 1451 1361 1497 et
1390 1437 1598 1520 poculo
1641 1450 1971 1498 consecrato
2001 1439 2252 1498 Carnem

152 1535 270 1607 ejus
299 1543 358 1591 et
384 1533 731 1613 Sanguinem
768 1536 1085 1608 sumimue7
1124 1546 1191 1592 ut
1228 1533 1439 1592 diserte
1476 1532 1776 1591 Facundus
1812 1543 2061 1592 testatur
2099 1533 2207 1612 (2).

234 1627 368 1685 101.
417 1629 496 1686 Ex
528 1627 804 1689 hactenus
841 1628 1145 1709 disputatis
1169 1674 1184 1703 a
1226 1630 1370 1687 circa
1392 1649 1728 1709 germanam
1752 1629 1991 1687 Patr-um
2013 1626 2254 1687 senten-

150 1720 291 1778 tiam
319 1720 392 1780 de
430 1721 568 1781 reali
612 1723 821 1781 Christi
857 1724 1164 1804 praesentia
1198 1724 1260 1782 in
1296 1723 1681 1797 Eucharistia‚
1724 1734 1952 1782 constat
1979 1768 1995 1798 ‚
2032 1724 2253 1805 optime

151 1814 433 1895 quadrare
462 1818 525 1875 in
560 1816 914 1878 adversarios
949 1817 1518 1879 animadversionem
1542 1817 1800 1896 ejusdem
1839 1818 2131 1892 Facundi,
2151 1819 2252 1899 qui

147 1909 244 1968 cit.
278 1909 386 1969 loc.
416 1910 539 1971 haec
564 1933 700 1972 vere
729 1913 958 1994 scripsit
988 1935 1001 1971 ε
1049 1914 1562 1993 Quemadmodum
1586 1915 2106 1972 calumniantium
2131 1914 2251 1972 Iue-

146 2009 465 2066 reticorum
503 2020 621 2080 est,
663 2031 734 2068 em
768 2011 974 2068 dubiis
1025 2021 1080 2068 et
1125 2013 1394 2069 obscuris
1409 2054 1432 2081 ,
1469 2031 1603 2089 quae
1645 2022 1803 2070 certa
1839 2022 1894 2070 et
1925 2014 2252 2089 manifesta

83 2131 85 2133 ·
148 2112 325 2173 suut,
366 2105 517 2161 male
549 2108 944 2183 interpretari
953 2128 972 2171 ‚·
1015 2109 1101 2164 ita
1134 2107 1371 2163 solitum
1415 2116 1499 2163 est
1525 2108 1874 2184 prudentiae
1907 2128 1979 2165 ao
2004 2110 2251 2185 pietatis

150 2196 445 2255 catholicae
459 2240 480 2268 ,
526 2219 597 2256 ea}
630 2200 991 2258 indubitatis
1033 2210 1208 2278 atque
1252 2201 1623 2260 evidentibus
1642 2201 1895 2278 firmare
1924 2201 2249 2280 ambigua,

80 2367 83 2370 v
152 2301 206 2348 et
235 2293 480 2351 latentia
513 2294 814 2352 declarare
843 2293 949 2374 (3).

218 2494 288 2559 (l)
308 2493 472 2543 Cfr.S.
497 2494 870 2563 Joan.Ch1-ysos.
901 2498 1055 2544 Hom.
1088 2511 1165 2543 xlx
1247 2506 1352 2544 sert.
1399 2495 1479 2543 De
1521 2496 1661 2544 rebus
1707 2496 1872 2561 liturq.
1910 2514 1949 2545 c.
1995 2493 2046 2545 8.
2079 2495 2250 2546 Omnes

152 2578 206 2623 iu
225 2575 384 2641 Epist.
401 2576 466 2623 ad
478 2576 621 2627 Rom.
645 2596 698 2625 n.
714 2575 766 2637 6,
785 2580 864 2643 qui
885 2581 1163 2642 mysterium
1247 2578 1477 2642 siquidem
1515 2580 1794 2644 antiquiores
1833 2578 2131 2627 protestantes
2173 2597 2250 2644 op·

153 2659 375 2722 appellat,
393 2658 518 2722 quod
532 2661 749 2723 iquotum
766 2667 808 2707 et
825 2676 1058 2707 arcanum
1075 2670 1160 2722 est,
1246 2669 1443 2722 portune
1457 2669 1593 2724 atque
1607 2662 1882 2724 importune,
1901 2661 1958 2709 ad
1979 2663 2248 2726 impugnan-

155 2740 277 2802 quod
293 2740 512 2788 mirabile
527 2743 593 2788 sit
608 2758 663 2789 ac
672 2749 849 2807 proeter
862 2743 1158 2806 opinionem.
1246 2740 1352 2788 dam
1380 2743 1619 2789 veritatem
1639 2742 1911 2790 catholicam
1942 2754 2041 2791 tum
2061 2743 2118 2791 de
2137 2743 2248 2791 reali

154 2817 398 2886 Μυσ-τιῖριον
412 2818 464 2870 τὲ
481 2820 758 2886 domatum»
785 2819 863 2871 καὶ
890 2821 1154 2890 οἷπέρῥητον,
1241 2823 1409 2871 Christi
1440 2826 1674 2889 praesentia
1696 2835 1793 2873 tum
1824 2824 1880 2873 de
1909 2823 2246 2872 transsubstan-

152 2897 228 2949 καὶ
258 2899 374 2950 πολι)
416 2901 496 2965 μέν
531 2903 581 2953 τὲ
618 2909 813 2969 θαῦμα,
860 2904 974 2955 πολι)
1019 2903 1072 2955 δὲ
1108 2903 1160 2955 τὲ
1242 2908 1429 2954 tiatione
1450 2942 1465 2962 ‚
1496 2906 1702 2954 Facundi
1732 2906 1871 2955 verba
1901 2907 2078 2955 adferre
2103 2916 2146 2955 et
2175 2909 2255 2954 in-

154 2981 401 3049 ποιροῖδοξον
436 2973 569 3047 ἕχον..
1242 2989 1419 3036 culcare
1434 2999 1768 3037 consueverunt
1784 3025 1798 3049 ‚
1825 2998 1876 3036 ut
1901 2988 2050 3050 Cave,
2072 2988 2244 3048 Fellus,

221 3066 289 3130 (2)
329 3066 426 3115 Csr.
461 3079 568 3116 nota
598 3069 832 3119 Sirmondi
864 3074 930 3119 in.
954 3072 1044 3119 hoc
1082 3089 1159 3119 ca·
1241 3069 1525 3133 Binghamus
1544 3106 1557 3128 ,
1590 3080 1680 3119 etc.

151 3157 235 3212 put
258 3183 270 3207 ‚
293 3165 480 3198 necnon
508 3148 782 3201 Mur'atorius
801 3188 814 3213 ,
850 3170 926 3217 op.
964 3155 1042 3202 cit.
1064 3152 1159 3202 dis-
1311 3151 1375 3214 (3)
1413 3151 1549 3199 Initio
1577 3168 1682 3217 cap.
1714 3150 1746 3201 5
1766 3189 1779 3213 ‚
1813 3151 1871 3200 de
1900 3168 1991 3217 quo
2016 3152 2207 3216 egimus.
