2502 4186
620 242 752 284 cn.
799 245 858 283 v.
907 245 976 281 nn
1020 240 1304 296 marnam,
1349 241 1537 281 romu
1567 264 1583 295 ,
1627 242 1750 280 mc.
2144 219 2265 281 475

141 392 418 466 praeterea
468 383 736 468 exempla
787 384 1073 464 ejusmodi
1116 385 1525 447 reservationis
1562 385 1627 442 in
1679 383 1883 444 decem
1933 393 1995 444 et
2032 394 2264 466 septem

98 556 100 558 v
143 477 433 554 ConciliiS,
447 479 661 561 partim
687 480 1080 556 oecumenicis,
1105 480 1320 561 partim
1343 478 1762 554 nationalibuS,
1787 479 2002 561 partim
2022 477 2264 539 demum

141 573 600 655 provincialibus
623 620 639 650 ,
677 586 813 635 ante
849 575 1258 635 Tridentinum
1294 573 1600 634 celebratis
1624 573 1740 655 (1).
1770 576 1990 634 Notum
2018 575 2260 656 insuper

141 679 230 727 est
249 713 265 742 ,
308 669 416 727 tria
440 673 657 746 majora
687 669 902 729 delicta
926 670 1203 730 canonica
1229 681 1564 751 nuncupata
1593 669 1887 751 Episcopis
1913 670 2130 751 passim
2161 691 2259 729 re-

140 772 368 823 servata
401 762 608 837 fuisse,
644 764 942 824 interdum
964 764 1070 823 soli
1103 786 1333 823 summo
1367 764 1633 823 Pontifici
1654 809 1669 837 ,
1716 765 2037 845 praesertim
2075 764 2261 824 homi·

142 857 358 916 cidium
386 902 402 932 ,
423 869 507 916 “ut
549 871 776 919 constat
807 882 877 920 ex
909 861 1062 920 Actis
1091 862 1148 919 S.
1183 860 1434 920 Redonis
1463 861 1579 941 (2).
1613 846 1844 919 Illustre
1870 860 2041 938 hujus
2069 883 2261 921 reser-

140 952 391 1012 vationis
415 954 755 1036 exemplum
781 976 893 1015 sec.
919 956 991 1014 IV
1014 954 1298 1015 habemus
1320 955 1383 1014 in
1407 954 2214 1039 LamprouianolPresbytero
2233 1001 2252 1033 ‚

140 1067 317 1126 quem
342 1048 599 1109 criminis
613 1051 942 1110 convictum
960 1051 1137 1132 ipsius
1153 1050 1639 1132 metropolitanus
1655 1050 1967 1132 Episcopus
1983 1051 2258 1130 Synesius

137 1142 361 1200 remisit
409 1142 835 1206 absolvendum
879 1145 957 1204 ad
994 1145 1383 1227 Theophilum
1443 1145 1840 1204 Patriarcham
1897 1142 2260 1205 Alexandri—

138 1257 284 1294 num
308 1236 419 1318 (3).
458 1240 654 1299 Praxis
676 1238 917 1300 demum
941 1239 1232 1300 ordinaria
1256 1241 1318 1299 in
1341 1241 1690 1322 antiquitate
1710 1285 1726 1315 ,
1759 1251 1818 1299 et
1851 1239 2090 1322 quidem
2116 1261 2261 1300 con-

72 1333 77 1338 ’
138 1343 302 1391 stans
335 1334 448 1392 fuit
467 1380 483 1410 ,
506 1346 574 1394 ut
597 1337 959 1418 poenitentes
988 1358 1020 1395 a
1044 1335 1166 1396 solo
1192 1336 1472 1417 Episcopo
1497 1334 1942 1396 absolverentur
1965 1333 2060 1398 vel
2089 1334 2164 1394 ab
2191 1336 2261 1395 iis
2286 1396 2288 1398 .

138 1428 582 1507 Sacerdotibus,
635 1430 846 1514 quibus
887 1432 1202 1514 Episcopus
1242 1430 1305 1490 id
1339 1431 1788 1507 demandasset,
1832 1442 1901 1490 ut
1945 1432 2263 1491 innumera

136 1543 322 1605 prope
360 1524 710 1586 documenta
750 1527 1063 1605 evincunt,
1099 1549 1228 1609 quae
1262 1526 1966 1609 collegeruntMartenius
1982 1527 2103 1609 (4),
2130 1529 2261 1588 Mo-

141 1618 304 1677 rinus
331 1620 458 1702 (5),
488 1621 854 1682 Chardonius
892 1623 984 1703 (6)
1024 1623 1235 1704 aliique
1266 1622 1502 1704 passim.

219 1715 360 1773 269.
407 1716 486 1774 Ex
521 1715 611 1774 his
641 1728 807 1799 patet
826 1762 842 1792 ,
883 1717 1182 1799 quodnam
1207 1717 1283 1775 sit
1311 1716 1620 1776 ferendum
1651 1716 1938 1795 judicium
1970 1715 2045 1776 de
2073 1716 2263 1776 Pisto-

137 1809 423 1869 riensibus
466 1809 708 1891 aliisque
755 1811 1014 1870 Ecclesiae
1061 1810 1570 1893 perturbatoribus
1586 1856 1604 1888 ,
1655 1811 1756 1893 qui
1797 1832 1859 1871 se
1905 1812 2273 1890 profitentur.

134 1904 419 1983 rigidioris
445 1903 723 1964 doctrinae
751 1917 810 1965 et
830 1906 1087 1988 antiquae
1105 1905 1425 1987 disciplinae
1453 1917 1764 1965 sectatores
1785 1905 2258 1967 studiosissimos·

135 1999 348 2057 Verum
369 2044 385 2073 ,
415 2010 482 2058 ut
521 1998 779 2059 habeant
810 2012 1166 2060 veteratores
1191 2001 1322 2075 isti,
1353 2000 1513 2060 unde
1548 2001 1752 2078 majori
1778 2001 2006 2083 pudore
2031 2001 2261 2061 suffun-

134 2091 352 2152 dantur
371 2139 388 2167 ,
408 2095 632 2172 juverit
652 2094 999 2171 exscribere,
1031 2118 1160 2178 quae
1177 2095 1356 2155 homo
1379 2096 1743 2156 Lutheranus
1763 2142 1780 2172 ,
1799 2096 2120 2156 Leibnitius
2137 2142 2156 2173 ,
2186 2097 2260 2158 de

96 2242 99 2245 .
134 2187 246 2247 hoc
282 2202 625 2269 argumento
676 2191 983 2252 adnotavit
1026 2214 1039 2249 z
1091 2192 1173 2253 Id
1214 2196 1419 2272 ipsum
1463 2195 1627 2251 enim
1649 2234 1670 2264 ,
1733 2193 1927 2274 inquit
1946 2238 1979 2267 „
2011 2194 2082 2251 de
2107 2197 2263 2271 jure

133 2284 343 2343 divi-no
380 2296 465 2344 est
477 2329 498 2358 ,
529 2297 598 2345 ut
632 2287 1061 2346 ahsolutionem
1085 2309 1206 2346 non
1236 2299 1638 2368 consequatur
1650 2331 1671 2359 ,
1701 2292 1815 2367 qui
1847 2289 2263 2367 Ecclesioeju-

133 2379 369 2438 dicium
400 2387 744 2458 contemnit,
779 2393 833 2442 et
859 2403 1012 2462 quas
1038 2385 1149 2442 illa
1169 2385 1533 2443 conditiones
1555 2387 1674 2442 sive
1698 2388 1768 2442 in
1792 2385 2115 2462 confitendo
2143 2389 2264 2456 emir

128 2480 254 2555 φῖ,
276 2481 396 2535 sive
408 2487 548 2557 post
565 2476 999 2557 Confessionem
1021 2482 1317 2560 imponit,
1341 2481 1631 2560 neyliyere
1655 2481 1853 2539 audet.
1879 2480 2052 2544 Hinc
2078 2484 2262 2539 etiam

200 2669 278 2730 (l)
312 2668 410 2719 cfr.
439 2669 679 2720 Sermoni.
710 2672 983 2721 instruitivi
1010 2673 1066 2721 di
1082 2690 1152 2721 un
1238 2673 1452 2738 publica,
1496 2689 1604 2722 cum
1641 2683 1852 2739 ageretur
1884 2673 1943 2722 de
1985 2671 2255 2724 Sacerdote.

136 2749 325 2797 vecchio
338 2768 542 2816 parroco
573 2751 694 2800 della
744 2753 969 2803 Toscana
990 2754 1043 2802 al
1066 2772 1152 2803 suo
1234 2756 1405 2822 Fleury
1426 2792 1439 2815 ‚
1484 2758 1565 2822 qui
1609 2766 1732 2805 certe
1792 2765 1956 2804 auctor
2009 2766 2254 2822 suspectus

129 2830 329 2896 popolo,
357 2842 445 2882 etc.
476 2831 627 2883 Serm.
659 2852 725 2895 rx,
747 2834 943 2884 Vercelli
968 2834 1111 2904 1796.
1246 2857 1343 2888 non
1375 2850 1440 2888 est
1460 2877 1472 2899 ‚
1514 2837 1656 2888 Hist.
1686 2837 1799 2888 eccl.
1831 2838 1919 2888 lib.
1950 2856 2051 2888 xxu
2071 2875 2087 2901 ,
2119 2837 2260 2906 §44,

209 2914 276 2976 (2)
314 2913 451 2978 Apud
477 2914 723 2964 Mabillon.
750 2917 878 2966 Acta
906 2919 997 2968 SS.
1025 2919 1149 2969 Ord.
1231 2922 1571 2971 cumretulisset
1590 2922 1680 2970 fact
1701 2939 1780 2968 um
1799 2919 2006 2988 Synesii‚
2032 2926 2251 2987 apposuit

140 2994 450 3057 Remedio-tin,
510 3014 603 3046 sec.
645 3015 710 3048 iv.
765 2998 867 3048 cfr.
912 2999 1148 3051 Chai-don.
1235 3005 1357 3053 hanc
1387 3004 1838 3052 animadversionem
1875 3020 1890 3052 ε
1936 3003 2022 3051 On
2052 3005 2150 3051 voit
2177 3006 2253 3053 ici

146 3076 240 3130 loc.
278 3080 357 3126 cit.
1234 3103 1331 3134 une
1350 3085 1621 3134 absolutiora
1638 3090 1844 3135 reservee
1867 3102 1935 3134 au
1948 3087 2206 3152 super-iem·
2225 3126 2242 3148 ,

208 3158 272 3222 (3)
286 3157 555 3225 Csr.Epist.
577 3179 680 3210 cxvi
696 3161 896 3228 Synesii
909 3164 974 3212 ad
996 3165 1046 3213 T
1043 3165 1152 3216 hco-
1233 3173 1383 3218 meme
1400 3186 1497 3233 par
1519 3186 1591 3217 un
1611 3168 1963 3235 metropol-imin
1978 3206 1994 3232 ‚
2018 3173 2110 3235 qui
2121 3173 2258 3220 avait

130 3238 326 3304 philam
350 3277 368 3303 ,
399 3243 510 3290 edit.
550 3253 599 3291 2³
626 3244 798 3293 Petavii
816 3281 832 3306 ‚
869 3264 974 3311 pag.
1017 3245 1116 3296 215
1137 3286 1151 3311 ,
1235 3254 1415 3317 impos&
1437 3252 1489 3298 la
1503 3254 1670 3317 peine.

140 3319 222 3368 ubi
247 3322 343 3370 haec
373 3323 590 3387 leguntur
618 3325 1152 3395 :Solvendi’(Lampro-
1305 3333 1366 3396 (Ii)
1389 3333 1480 3400 Op.
1509 3336 1588 3381 cit.
1623 3334 1709 3382 lib.
1742 3350 1789 3394 ι,
1818 3344 1934 3400 part.
1961 3348 2022 3396 n,
2079 3353 2181 3401 cap.
2204 3334 2257 3398 6,

142 3405 338 3451 nianum
353 3405 374 3466 )
392 3422 538 3470 porro
553 3410 646 3473 jus
669 3417 715 3456 et
735 3412 1067 3458 auctoritatem
1088 3412 1154 3460 ad
1235 3427 1324 3466 art.
1353 3413 1403 3465 6.

130 3486 436 3550 pontificiam
460 3488 615 3536 sedem
639 3492 801 3555 rejeci.
829 3497 920 3540 Τοῦ·
944 3489 997 3541 δὲ
1014 3498 1151 3543 λῦσαι
1303 3500 1377 3564 (5)
1396 3499 1466 3550 De
1497 3501 1682 3553 Poenit.
1701 3503 1792 3552 lib.
1813 3520 1845 3550 ιι
1868 3540 1882 3564 ,
1909 3519 2010 3568 cap.
2051 3517 2067 3549 ι
2085 3499 2173 3567 1,§
2201 3502 2263 3556 13

138 3563 216 3621 viv
251 3566 488 3618 οιυἪ-εντιόιν
535 3575 595 3625 εἷς
635 3569 710 3627 τὼ
750 3571 970 3640 ispum-extit
1004 3573 1152 3625 καθ’ἔ·
1236 3593 1406 3649 etseq.
2220 3600 2223 3602 ’

139 3646 243 3714 &pou
277 3649 550 3714 οἱνέπεμψοι.
590 3653 678 3702 Hic
707 3673 840 3721 porro
877 3675 1026 3706 sermo
1058 3677 1154 3708 esse
1306 3664 1375 3727 (6)
1403 3665 1511 3713 Loc.
1538 3668 1623 3715 cit.

138 3748 233 3780 non
257 3744 407 3797 potest
442 3735 499 3784 de
520 3735 808 3787 absolutione
832 3756 856 3788 a
894 3742 1157 3804 poenitentia
