2502 4186
200 195 201 198 ’
269 177 394 250 392
896 179 1219 247 τιιΑότΛτσε
1262 209 1330 244 η
1375 208 1766 248 ΡοΕΝιΤΕΜιΑ.

271 345 556 428 ejusmodi
581 347 640 406 S.
662 345 970 427 Augustini
986 346 1337 406 testimoniis
1354 345 1686 408 luculenter
1705 359 1892 430 patet,
1905 351 2178 415 timorem
2197 366 2391 439 poenae

271 442 577 504 hominem
623 442 806 522 magis
839 441 1069 502 efficere
1110 453 1479 524 peccatorem
1526 463 1593 502 ac
1639 442 2050 526 hypocritam,
2091 469 2199 509 nec
2226 472 2394 533 posse

271 557 629 621 quemquam
663 558 736 597 ex
769 557 919 618 puro
953 537 1164 598 timore
1196 537 1278 598 ita
1323 538 1579 619 effugere
1616 560 1805 598 unum
1841 550 2189 622 peccatum
2234 557 2303 604 ut
2330 547 2393 605 in

272 632 432 692 aliud
456 654 580 691 non
601 632 885 692 incurrat.

354 729 452 788 58.
480 730 654 811 Resp.
676 727 762 789 Ad
788 729 904 804 1¹¹¹
934 729 1091 789 Dist.
1108 730 1448 812 Reprobant
1470 732 1669 790 Patres
1698 730 1971 792 timorem
1999 732 2392 814 mundanum,

273 824 375 907 qui
401 824 478 885 ad
507 836 813 908 peccatum
835 824 1063 884 inducit
1082 853 1112 900 ‚⁵
1123 837 1227 885 aut
1256 827 1433 886 etiam
1451 825 1773 908 reprobant
1804 827 2079 888 timorem
2102 833 2401 891 serviliter

269 924 580 994 servilem,
622 941 810 987 conc.,·
845 920 1120 981 timorem
1156 921 1263 981 Dei
1300 923 1662 1002 simpliciter
1697 924 2007 996 servilem,
2051 946 2182 1005 neq.
2225 927 2397 986 Hunc

272 1016 434 1077 enim
477 1016 751 1075 timorem
788 1037 1096 1099 nunquam
1137 1015 1431 1077 desistunt·
1467 1015 1758 1077 inculcare
1795 1019 1994 1078 Patres
2021 1030 2199 1102 atque
2234 1042 2398 1081 com-

269 1110 574 1172 mendare.
606 1110 937 1194 Apologetae
963 1111 1276 1192 Religionis
1301 1101 1629 1172 christianae
1654 1133 1724 1172 eo
1749 1123 2001 1172 utuntur
2034 1113 2111 1173 ad
2139 1137 2395 1199 paganos

274 1205 634 1270 revocandos
657 1228 690 1266 a
718 1206 878 1266 cultu
915 1205 1195 1267 falsorum
1221 1207 1560 1268 numinum.
1593 1208 1713 1291 Ipsi
1735 1209 2018 1289 Martyres
2041 1209 2106 1268 in
2135 1212 2251 1270 suis
2272 1233 2399 1272 res—

275 1301 659 1387 ponsionibus
693 1324 900 1386 poenas
939 1314 1185 1363 aeternas
1213 1301 1291 1362 ad
1324 1301 1600 1363 eumdem
1638 1305 1822 1363 finem
1856 1305 1972 1364 suis
2011 1307 2399 1387 persecutori-

272 1398 384 1458 bus
402 1445 419 1475 ,
449 1399 562 1459 nisi
596 1398 1035 1481 resipiscerent,
1069 1419 1141 1459 ex
1161 1407 1328 1480 parte
1358 1398 1464 1459 Dei
1483 1390 2023 1460 comminabantur.
2053 1401 2188 1461 Haec
2219 1423 2396 1485 porro

218 1564 230 1574 ,
274 1495 672 1576 vulgatissima
694 1505 834 1555 sunt
857 1494 968 1577 (1).

363 1591 461 1651 59.
508 1590 599 1651 Ad
636 1591 760 1667 2¹¹¹,
791 1592 947 1651 Dist.
985 1592 1109 1652 Hoc
1136 1603 1372 1675 ponunt
1405 1590 1717 1653 discrimen
1751 1592 1916 1655 velut
1951 1605 2158 1654 notam
2185 1594 2399 1656 chara-

282 1687 634 1748 cteristicam
664 1688 824 1749 inter
866 1700 1179 1771 utramque
1208 1689 1398 1770 legem
1418 1735 1435 1764 ,
1464 1710 1654 1758 conc.;
1687 1711 1863 1751 sensu
1891 1690 2078 1750 exolui
2099 1713 2171 1754 vo
2189 1736 2207 1764 ,
2250 1713 2382 1772 neq.

279 1783 353 1841 In
381 1794 629 1865 utraque
659 1784 821 1843 enim
844 1783 971 1865 lege
998 1784 1186 1857 veteri
1213 1804 1279 1843 ac
1301 1806 1456 1846 nova
1483 1806 1649 1843 amor
1684 1795 1747 1844 et
1777 1785 1955 1844 timor
1977 1787 2367 1847 inveniuntur
2384 1832 2400 1862 ,

280 1877 419 1938 licet
444 1879 506 1937 in
533 1880 716 1938 veteri
744 1879 1118 1961 praevaluerit
1141 1879 1320 1938 timor
1336 1923 1352 1954 ,
1382 1879 1698 1961 praevaleat
1725 1892 1924 1940 autem
1945 1902 2110 1940 amor
2137 1881 2200 1939 in
2227 1903 2407 1942 nova.

285 1974 439 2033 Hinc
483 1985 611 2033 orta
648 1986 788 2034 nota
823 1974 1008 2036 veluti
1043 1974 1507 2034 characteristica
1543 1975 1849 2057 utriusque
1887 1975 2028 2056 legis
2049 2021 2066 2050 ,
2129 1989 2196 2035 ut
2239 1988 2406 2038 vetus

285 2071 515 2132 timoris
535 2116 551 2146 ,
606 2092 762 2133 nova
811 2070 1023 2132 amoris
1068 2070 1166 2131 lex
1215 2080 1594 2152 nuncupetur
1612 2115 1630 2146 7
1691 2081 1871 2153 prout
1917 2092 2191 2154 expresse
2235 2072 2407 2132 docet

280 2166 338 2224 S.
382 2164 778 2250 Augustinus,
831 2169 924 2228 De
962 2168 1234 2227 moribus
1260 2166 1483 2226 Eccles,
1519 2191 1537 2225 .·
1571 2167 1944 2247 Quanquam
1977 2177 2306 2248 utrumque
2336 2173 2406 2228 in

286 2274 536 2344 utroque
577 2265 1050 2345 (Testamento)
1090 2268 1204 2339 sit,
1237 2264 1531 2344 praevalet
1575 2275 1779 2323 tamen
1830 2268 1898 2323 in
1945 2274 2127 2324 vetere
2183 2267 2404 2339 timor,

284 2380 461 2419 amor
495 2365 567 2419 in
598 2383 745 2421 novo
770 2361 880 2443 (2).

370 2455 468 2515 60.
503 2456 594 2516 Ad
622 2457 705 2517 3¹¹¹
725 2503 742 2530 .,
771 2459 931 2518 Dm.
959 2455 1318 2538 Aliquando,
1351 2477 1538 2524 comm
1562 2477 1827 2539 semper,
1854 2478 1985 2538 neq.
2019 2457 2167 2518 Cum
2193 2455 2407 2516 scilicet

287 2549 383 2610 lex
421 2561 588 2612 vetus
630 2564 696 2611 ut
739 2551 1061 2635 plurimum
1092 2550 1328 2612 nonnisi
1355 2574 1562 2635 poenas
1601 2551 1954 2635 temporales
1987 2552 2050 2611 in
2083 2563 2407 2632 transgres-

290 2668 447 2706 sores
481 2647 854 2725 decerneret,
906 2647 1231 2727 cujusmodi
1262 2660 1432 2709 erant
1462 2669 1637 2730 poena
1666 2647 1871 2707 mortis
1892 2692 1910 2724 ,
1953 2647 2216 2720 talionis,
2263 2658 2374 2706 etc.
2401 2691 2417 2721 ,

287 2741 427 2800 hinc
445 2786 461 2816 .,
502 2743 602 2824 qui
638 2742 848 2802 harum
870 2739 1105 2803 tantum
1137 2765 1453 2827 poenarum
1479 2743 1702 2802 intuitu
1728 2764 1761 2802 a
1790 2741 1931 2823 legis
1954 2743 2414 2824 transgressione

288 2834 702 2913 abstinebant,
734 2839 938 2921 utique
974 2850 1426 2920 transgressores
1460 2859 1526 2897 ac
1557 2848 1886 2921 peccatores
1912 2838 1974 2896 in
2003 2837 2178 2897 corde
2212 2848 2415 2914 erant,

291 2930 428 2991 licet
454 2954 600 3015 opus
639 2934 894 2994 exterius
918 2956 1040 2994 non
1062 2946 1352 3017 ponerent
1375 2959 1392 3009 ς
1431 2945 1491 2993 at
1517 2933 1711 3016 quoad
1727 2955 1823 2994 eos
1841 2978 1857 3009 ,
1890 2933 1989 3015 qui
2011 2955 2217 3016 poenas
2247 2944 2417 2993 aeter-

293 3049 399 3086 nas
435 3027 782 3088 metuebant
800 3074 816 3104 .‚
846 3029 942 3089 vel
972 3030 1148 3090 etiam
1180 3050 1386 3112 poenas
1424 3028 1777 3112 temporales
1796 3074 1812 3104 ,
1843 3041 1905 3088 at
1929 3050 1962 3088 a
1988 3032 2108 3089 Deo
2135 3027 2414 3109 infligen-

290 3121 417 3198 das,
436 3124 538 3205 qui
553 3135 839 3184 scrutator
860 3137 944 3185 est
973 3125 1236 3186 cordium
1254 3171 1270 3199 .‚
1299 3148 1419 3184 non
1436 3125 1627 3185 solum
1653 3147 1922 3200 manum,
1938 3125 2039 3185 sed
2064 3136 2124 3184 et
2145 3125 2411 3184 animum

289 3238 321 3274 a
368 3229 604 3298 peccato
639 3215 979 3280 retrahebat
1008 3221 1102 3280 hic
1150 3221 1346 3280 timor.
1402 3223 1526 3281 Hoc
1556 3242 1730 3282 sensu
1779 3219 2026 3303 proinde
2069 3218 2412 3302 explicanda

289 3325 430 3376 sunt
458 3336 581 3373 non
622 3336 804 3397 pauca
835 3329 1169 3377 sanctorum
1193 3318 1432 3377 Patrum
1462 3317 1658 3377 effata.

288 3434 290 3437 ·
376 3410 474 3468 61.
524 3409 614 3469 Ad
641 3410 726 3469 4¹1¹
747 3455 763 3486 ‚
796 3412 953 3472 Dist.
983 3415 1138 3472 Dum
1166 3411 1425 3495 loquitur
1446 3414 1503 3473 S.
1528 3413 1882 3494 Augustinus
1911 3410 1984 3470 de
2005 3410 2215 3470 timore
2244 3429 2413 3468 mun-

285 3637 289 3640 ·
365 3615 429 3677 (l)
467 3614 562 3664 cfr.
594 3616 810 3665 Bellarm.
840 3614 919 3664 De
942 3611 1119 3666 Poenie.
1149 3617 1307 3679 lib.n,
1459 3618 1532 3684 (2)
1570 3618 1671 3667 Lib.
1701 3634 1749 3679 1,
1779 3635 1881 3683 cap.
1919 3613 1984 3664 28
2004 3654 2017 3676 ‚
2055 3633 2106 3663 n.
2137 3611 2219 3662 56.

291 3712 395 3761 cap.
438 3713 494 3764 ¹7
514 3736 527 3758 ,
553 3709 599 3749 et
632 3699 839 3750 Fontana
858 3733 874 3762 ,
905 3699 994 3748 loc.
1025 3702 1105 3749 cit.
