<?xml version="1.0" encoding="UTF-8"?>
<!DOCTYPE html PUBLIC "-//W3C//DTD XHTML 1.0 Transitional//EN"
    "http://www.w3.org/TR/xhtml1/DTD/xhtml1-transitional.dtd">
<html xmlns="http://www.w3.org/1999/xhtml" xml:lang="en" lang="en">
 <head>
  <title>
</title>
<meta http-equiv="Content-Type" content="text/html;charset=utf-8" />
  <meta name='ocr-system' content='tesseract 3.04.00' />
  <meta name='ocr-capabilities' content='ocr_page ocr_carea ocr_par ocr_line ocrx_word'/>
</head>
<body>
  <div class='ocr_page' id='page_1' title='image "a603693806perruoft_0226.png"; bbox 0 0 2502 4186; ppageno 0'>
   <div class='ocr_carea' id='block_1_1' title="bbox 255 210 1805 288">
    <p class='ocr_par' dir='ltr' id='par_1_1' title="bbox 255 210 1805 288">
     <span class='ocr_line' id='line_1_1' title="bbox 255 210 1805 288; baseline 0.004 -16"><span class='ocrx_word' id='word_1_1' title='bbox 255 210 377 272; x_wconf 78' lang='lat'>218</span> <span class='ocrx_word' id='word_1_2' title='bbox 895 234 1211 275; x_wconf 73' lang='lat' dir='ltr'>&#39;rmc‘rArvs</span> <span class='ocrx_word' id='word_1_3' title='bbox 1252 237 1320 274; x_wconf 70' lang='lat' dir='ltr'><em>ne</em></span> <span class='ocrx_word' id='word_1_4' title='bbox 1365 237 1763 278; x_wconf 71' lang='lat' dir='ltr'>nucmmsru.</span> <span class='ocrx_word' id='word_1_5' title='bbox 1803 286 1805 288; x_wconf 38' lang='grc'>,</span> 
     </span>
    </p>
   </div>
   <div class='ocr_carea' id='block_1_2' title="bbox 199 377 2444 2762">
    <p class='ocr_par' dir='ltr' id='par_1_2' title="bbox 258 377 2377 551">
     <span class='ocr_line' id='line_1_2' title="bbox 258 377 2377 464; baseline 0.004 -28"><span class='ocrx_word' id='word_1_6' title='bbox 258 377 420 437; x_wconf 91' lang='lat' dir='ltr'>illam</span> <span class='ocrx_word' id='word_1_7' title='bbox 435 377 814 456; x_wconf 80' lang='lat' dir='ltr'>significatam</span> <span class='ocrx_word' id='word_1_8' title='bbox 835 420 851 451; x_wconf 77' lang='lat'>‚</span> <span class='ocrx_word' id='word_1_9' title='bbox 884 396 1014 458; x_wconf 86' lang='lat' dir='ltr'>quae</span> <span class='ocrx_word' id='word_1_10' title='bbox 1029 378 1093 437; x_wconf 90' lang='lat' dir='ltr'><em>in</em></span> <span class='ocrx_word' id='word_1_11' title='bbox 1110 377 1364 438; x_wconf 85' lang='lat' dir='ltr'>Concilio</span> <span class='ocrx_word' id='word_1_12' title='bbox 1387 379 1761 440; x_wconf 86' lang='lat' dir='ltr'>Lateranensi</span> <span class='ocrx_word' id='word_1_13' title='bbox 1786 381 1859 440; x_wconf 91' lang='lat' dir='ltr'>IV</span> <span class='ocrx_word' id='word_1_14' title='bbox 1876 383 2131 464; x_wconf 87' lang='lat' dir='ltr'>primum</span> <span class='ocrx_word' id='word_1_15' title='bbox 2145 386 2377 446; x_wconf 86' lang='lat' dir='ltr'>invecta</span> 
     </span>
     <span class='ocr_line' id='line_1_3' title="bbox 259 473 1315 551; baseline -0.003 -16"><span class='ocrx_word' id='word_1_16' title='bbox 259 484 364 535; x_wconf 86' lang='lat' dir='ltr'>est.</span> <span class='ocrx_word' id='word_1_17' title='bbox 413 473 577 551; x_wconf 80' lang='lat' dir='ltr'>Ergo.</span> <span class='ocrx_word' id='word_1_18' title='bbox 1309 540 1315 547; x_wconf 49' lang='lat'>.</span> 
     </span>
    </p>

    <p class='ocr_par' dir='ltr' id='par_1_3' title="bbox 199 564 2444 2762">
     <span class='ocr_line' id='line_1_4' title="bbox 199 564 2379 652; baseline 0.004 -27"><span class='ocrx_word' id='word_1_19' title='bbox 199 564 204 569; x_wconf 49' lang='lat'><em>⁴</em></span> <span class='ocrx_word' id='word_1_20' title='bbox 344 566 478 626; x_wconf 77' lang='lat'>144.</span> <span class='ocrx_word' id='word_1_21' title='bbox 523 568 700 649; x_wconf 87' lang='lat' dir='ltr'>Resp.</span> <span class='ocrx_word' id='word_1_22' title='bbox 767 565 918 648; x_wconf 74' lang='lat' dir='ltr'><em>Neq.</em></span> <span class='ocrx_word' id='word_1_23' title='bbox 987 580 1115 628; x_wconf 88' lang='lat' dir='ltr'><em>ant.</em></span> <span class='ocrx_word' id='word_1_24' title='bbox 1163 569 1252 630; x_wconf 89' lang='lat' dir='ltr'>Ad</span> <span class='ocrx_word' id='word_1_25' title='bbox 1294 571 1372 629; x_wconf 79' lang='lat'>1¹¹¹</span> <span class='ocrx_word' id='word_1_26' title='bbox 1425 569 1594 652; x_wconf 89' lang='lat' dir='ltr'>prob.</span> <span class='ocrx_word' id='word_1_27' title='bbox 1638 572 1797 632; x_wconf 73' lang='lat' dir='ltr'><em>Dist.</em></span> <span class='ocrx_word' id='word_1_28' title='bbox 1852 572 1920 630; x_wconf 90' lang='lat' dir='ltr'>Et</span> <span class='ocrx_word' id='word_1_29' title='bbox 1973 572 2133 631; x_wconf 86' lang='lat' dir='ltr'>citati</span> <span class='ocrx_word' id='word_1_30' title='bbox 2181 577 2379 636; x_wconf 89' lang='lat' dir='ltr'>Patres</span> 
     </span>
     <span class='ocr_line' id='line_1_5' title="bbox 257 663 2382 743; baseline 0.003 -22"><span class='ocrx_word' id='word_1_31' title='bbox 257 672 495 722; x_wconf 71' lang='lat' dir='ltr'>naturae</span> <span class='ocrx_word' id='word_1_32' title='bbox 537 682 610 721; x_wconf 85' lang='lat' dir='ltr'><em>ae</em></span> <span class='ocrx_word' id='word_1_33' title='bbox 643 663 1000 722; x_wconf 68' lang='lat' dir='ltr'><em>substantioe</em></span> <span class='ocrx_word' id='word_1_34' title='bbox 1026 664 1268 725; x_wconf 91' lang='lat' dir='ltr'><em>nomine</em></span> <span class='ocrx_word' id='word_1_35' title='bbox 1298 666 1626 743; x_wconf 80' lang='lat' dir='ltr'>significant</span> <span class='ocrx_word' id='word_1_36' title='bbox 1644 688 1852 727; x_wconf 72' lang='lat' dir='ltr'>‚rerum</span> <span class='ocrx_word' id='word_1_37' title='bbox 1880 666 2172 726; x_wconf 85' lang='lat' dir='ltr'><strong>naturales</strong></span> <span class='ocrx_word' id='word_1_38' title='bbox 2205 671 2382 728; x_wconf 90' lang='lat' dir='ltr'><em>sensi-</em></span> 
     </span>
     <span class='ocr_line' id='line_1_6' title="bbox 256 757 2381 841; baseline 0.002 -25"><span class='ocrx_word' id='word_1_39' title='bbox 256 758 457 840; x_wconf 88' lang='lat' dir='ltr'>lesque</span> <span class='ocrx_word' id='word_1_40' title='bbox 497 757 807 841; x_wconf 85' lang='lat' dir='ltr'>qualitates</span> <span class='ocrx_word' id='word_1_41' title='bbox 831 804 846 833; x_wconf 77' lang='grc'><em>,</em></span> <span class='ocrx_word' id='word_1_42' title='bbox 907 781 1098 828; x_wconf 84' lang='lat' dir='ltr'><em>oonc.,·</em></span> <span class='ocrx_word' id='word_1_43' title='bbox 1146 761 1417 820; x_wconf 86' lang='lat' dir='ltr'>intimam</span> <span class='ocrx_word' id='word_1_44' title='bbox 1468 782 1667 820; x_wconf 90' lang='lat' dir='ltr'>rerum</span> <span class='ocrx_word' id='word_1_45' title='bbox 1709 763 2057 836; x_wconf 71' lang='lat' dir='ltr'>essentiam,</span> <span class='ocrx_word' id='word_1_46' title='bbox 2096 783 2198 821; x_wconf 91' lang='lat' dir='ltr'>seu</span> <span class='ocrx_word' id='word_1_47' title='bbox 2239 762 2381 821; x_wconf 90' lang='lat' dir='ltr'>sub-</span> 
     </span>
     <span class='ocr_line' id='line_1_7' title="bbox 254 854 2381 940; baseline 0.002 -28"><span class='ocrx_word' id='word_1_48' title='bbox 254 854 532 913; x_wconf 84' lang='lat' dir='ltr'><strong>stantiam</strong></span> <span class='ocrx_word' id='word_1_49' title='bbox 574 876 640 914; x_wconf 89' lang='lat' dir='ltr'>ac</span> <span class='ocrx_word' id='word_1_50' title='bbox 674 865 954 915; x_wconf 88' lang='lat' dir='ltr'>naturam</span> <span class='ocrx_word' id='word_1_51' title='bbox 992 857 1228 940; x_wconf 84' lang='lat' dir='ltr'><strong>proprie</strong></span> <span class='ocrx_word' id='word_1_52' title='bbox 1269 856 1521 930; x_wconf 81' lang='lat' dir='ltr'>dictam,</span> <span class='ocrx_word' id='word_1_53' title='bbox 1572 879 1700 937; x_wconf 76' lang='lat' dir='ltr'><em>neq.</em></span> <span class='ocrx_word' id='word_1_54' title='bbox 1750 857 1981 918; x_wconf 87' lang='lat' dir='ltr'>Juverit</span> <span class='ocrx_word' id='word_1_55' title='bbox 2015 879 2190 940; x_wconf 89' lang='lat' dir='ltr'>porro</span> <span class='ocrx_word' id='word_1_56' title='bbox 2230 857 2381 917; x_wconf 90' lang='lat' dir='ltr'>hanc</span> 
     </span>
     <span class='ocr_line' id='line_1_8' title="bbox 255 950 2380 1032; baseline 0.001 -24"><span class='ocrx_word' id='word_1_57' title='bbox 255 950 698 1032; x_wconf 82' lang='lat' dir='ltr'>responsionem</span> <span class='ocrx_word' id='word_1_58' title='bbox 730 951 962 1011; x_wconf 90' lang='lat' dir='ltr'>firmare</span> <span class='ocrx_word' id='word_1_59' title='bbox 984 953 1325 1012; x_wconf 84' lang='lat' dir='ltr'>auctoritate</span> <span class='ocrx_word' id='word_1_60' title='bbox 1341 952 1596 1011; x_wconf 90' lang='lat' dir='ltr'><em>hominis</em></span> <span class='ocrx_word' id='word_1_61' title='bbox 1613 951 1911 1011; x_wconf 83' lang='lat' dir='ltr'><strong>lutherani</strong></span> <span class='ocrx_word' id='word_1_62' title='bbox 1934 998 1950 1028; x_wconf 77' lang='lat'>‚</span> <span class='ocrx_word' id='word_1_63' title='bbox 1971 953 2190 1013; x_wconf 87' lang='lat' dir='ltr'>scilicet</span> <span class='ocrx_word' id='word_1_64' title='bbox 2207 951 2380 1012; x_wconf 88' lang='lat' dir='ltr'><em>Leib-</em></span> 
     </span>
     <span class='ocr_line' id='line_1_9' title="bbox 257 1045 2385 1130; baseline 0.001 -26"><span class='ocrx_word' id='word_1_65' title='bbox 257 1045 456 1122; x_wconf 73' lang='lat' dir='ltr'>nitzii⁷</span> <span class='ocrx_word' id='word_1_66' title='bbox 513 1046 615 1127; x_wconf 87' lang='lat' dir='ltr'>qui</span> <span class='ocrx_word' id='word_1_67' title='bbox 668 1046 730 1104; x_wconf 88' lang='lat' dir='ltr'><em>in</em></span> <span class='ocrx_word' id='word_1_68' title='bbox 770 1047 1094 1127; x_wconf 75' lang='lat' dir='ltr'><em>Systemate</em></span> <span class='ocrx_word' id='word_1_69' title='bbox 1116 1049 1424 1130; x_wconf 72' lang='lat' dir='ltr'><em>theoloyioo</em></span> <span class='ocrx_word' id='word_1_70' title='bbox 1452 1048 1573 1108; x_wconf 87' lang='lat' dir='ltr'>haec</span> <span class='ocrx_word' id='word_1_71' title='bbox 1610 1047 1889 1130; x_wconf 88' lang='lat' dir='ltr'>praeclare</span> <span class='ocrx_word' id='word_1_72' title='bbox 1929 1047 2128 1107; x_wconf 83' lang='lat' dir='ltr'>scribit</span> <span class='ocrx_word' id='word_1_73' title='bbox 2169 1071 2182 1108; x_wconf 72' lang='grc' dir='ltr'>ε</span> <span class='ocrx_word' id='word_1_74' title='bbox 2217 1049 2385 1128; x_wconf 80' lang='lat' dir='ltr'><em>Soepe</em></span> 
     </span>
     <span class='ocr_line' id='line_1_10' title="bbox 256 1143 2382 1223; baseline 0 -21"><span class='ocrx_word' id='word_1_75' title='bbox 256 1143 680 1222; x_wconf 72' lang='lat' dir='ltr'>superstitibus</span> <span class='ocrx_word' id='word_1_76' title='bbox 696 1144 998 1222; x_wconf 72' lang='lat' dir='ltr'><strong><em>speciebus</em></strong></span> <span class='ocrx_word' id='word_1_77' title='bbox 1018 1165 1236 1203; x_wconf 89' lang='lat' dir='ltr'><em>nomen</em></span> <span class='ocrx_word' id='word_1_78' title='bbox 1255 1149 1447 1223; x_wconf 77' lang='lat' dir='ltr'><em>panis</em></span> <span class='ocrx_word' id='word_1_79' title='bbox 1467 1155 1524 1202; x_wconf 85' lang='lat' dir='ltr'><em>et</em></span> <span class='ocrx_word' id='word_1_80' title='bbox 1543 1148 1680 1202; x_wconf 85' lang='lat' dir='ltr'><em>vini</em></span> <span class='ocrx_word' id='word_1_81' title='bbox 1699 1144 2069 1203; x_wconf 78' lang='lat' dir='ltr'>attributum</span> <span class='ocrx_word' id='word_1_82' title='bbox 2091 1154 2173 1202; x_wconf 77' lang='lat' dir='ltr'>est</span> <span class='ocrx_word' id='word_1_83' title='bbox 2192 1188 2208 1218; x_wconf 89' lang='lat'>.,</span> <span class='ocrx_word' id='word_1_84' title='bbox 2238 1165 2382 1202; x_wconf 85' lang='lat' dir='ltr'>cum</span> 
     </span>
     <span class='ocr_line' id='line_1_11' title="bbox 256 1237 2378 1318; baseline 0 -22"><span class='ocrx_word' id='word_1_85' title='bbox 256 1259 433 1297; x_wconf 70' lang='lat' dir='ltr'><em>sensu</em></span> <span class='ocrx_word' id='word_1_86' title='bbox 470 1258 596 1296; x_wconf 87' lang='lat' dir='ltr'>non</span> <span class='ocrx_word' id='word_1_87' title='bbox 644 1237 1153 1318; x_wconf 75' lang='lat' dir='ltr'><em>dz‘stinyuantur5</em></span> <span class='ocrx_word' id='word_1_88' title='bbox 1207 1245 1295 1298; x_wconf 76' lang='lat' dir='ltr'>sio</span> <span class='ocrx_word' id='word_1_89' title='bbox 1335 1240 1695 1300; x_wconf 71' lang='lat' dir='ltr'>Ambrosius</span> <span class='ocrx_word' id='word_1_90' title='bbox 1734 1240 1927 1313; x_wconf 65' lang='lat' dir='ltr'><em>discit,</em></span> <span class='ocrx_word' id='word_1_91' title='bbox 1972 1244 2061 1297; x_wconf 84' lang='lat' dir='ltr'><em>ita</em></span> <span class='ocrx_word' id='word_1_92' title='bbox 2097 1239 2378 1317; x_wconf 75' lang='lat' dir='ltr'>efficacem</span> 
     </span>
     <span class='ocr_line' id='line_1_12' title="bbox 257 1335 2382 1415; baseline 0 -23"><span class='ocrx_word' id='word_1_93' title='bbox 257 1355 372 1393; x_wconf 73' lang='lat' dir='ltr'><em>esse</em></span> <span class='ocrx_word' id='word_1_94' title='bbox 398 1354 727 1392; x_wconf 77' lang='lat' dir='ltr'><em>sermonem</em></span> <span class='ocrx_word' id='word_1_95' title='bbox 757 1336 1053 1406; x_wconf 84' lang='lat' dir='ltr'><em>Domini,</em></span> <span class='ocrx_word' id='word_1_96' title='bbox 1093 1346 1160 1393; x_wconf 81' lang='lat' dir='ltr'>ut</span> <span class='ocrx_word' id='word_1_97' title='bbox 1186 1340 1312 1394; x_wconf 78' lang='lat' dir='ltr'><em>sint</em></span> <span class='ocrx_word' id='word_1_98' title='bbox 1338 1357 1473 1415; x_wconf 82' lang='lat' dir='ltr'><em>quce</em></span> <span class='ocrx_word' id='word_1_99' title='bbox 1500 1346 1702 1404; x_wconf 86' lang='lat' dir='ltr'><em>erant,</em></span> <span class='ocrx_word' id='word_1_100' title='bbox 1740 1346 1793 1394; x_wconf 87' lang='lat' dir='ltr'><em>et</em></span> <span class='ocrx_word' id='word_1_101' title='bbox 1825 1340 1895 1394; x_wconf 83' lang='lat' dir='ltr'>in</span> <span class='ocrx_word' id='word_1_102' title='bbox 1936 1335 2116 1393; x_wconf 80' lang='lat' dir='ltr'><em>aliud</em></span> <span class='ocrx_word' id='word_1_103' title='bbox 2148 1355 2382 1393; x_wconf 81' lang='lat' dir='ltr'><em>conver-</em></span> 
     </span>
     <span class='ocr_line' id='line_1_13' title="bbox 223 1431 2386 1512; baseline 0 -23"><span class='ocrx_word' id='word_1_104' title='bbox 223 1453 230 1460; x_wconf 93' lang='lat'><strong>·</strong></span> <span class='ocrx_word' id='word_1_105' title='bbox 257 1439 508 1498; x_wconf 60' lang='lat' dir='ltr'><em>tantum</em></span> <span class='ocrx_word' id='word_1_106' title='bbox 539 1431 1128 1491; x_wconf 72' lang='lat' dir='ltr'><em>scilieetacoidentia</em></span> <span class='ocrx_word' id='word_1_107' title='bbox 1151 1442 1298 1490; x_wconf 76' lang='lat' dir='ltr'><em>sunt</em></span> <span class='ocrx_word' id='word_1_108' title='bbox 1317 1454 1452 1512; x_wconf 81' lang='lat' dir='ltr'>quoe</span> <span class='ocrx_word' id='word_1_109' title='bbox 1481 1443 1690 1504; x_wconf 80' lang='lat' dir='ltr'><em>erant,</em></span> <span class='ocrx_word' id='word_1_110' title='bbox 1726 1433 2068 1491; x_wconf 78' lang='lat' dir='ltr'><em>substantia</em></span> <span class='ocrx_word' id='word_1_111' title='bbox 2099 1451 2386 1491; x_wconf 78' lang='lat' dir='ltr'><em>conversa</em></span> 
     </span>
     <span class='ocr_line' id='line_1_14' title="bbox 256 1527 2384 1608; baseline 0 -23"><span class='ocrx_word' id='word_1_112' title='bbox 256 1536 372 1593; x_wconf 71' lang='grc' dir='ltr'>θείς</span> <span class='ocrx_word' id='word_1_113' title='bbox 415 1546 564 1585; x_wconf 85' lang='lat' dir='ltr'>nam</span> <span class='ocrx_word' id='word_1_114' title='bbox 593 1527 753 1585; x_wconf 80' lang='lat' dir='ltr'><em>idem</em></span> <span class='ocrx_word' id='word_1_115' title='bbox 783 1532 908 1599; x_wconf 81' lang='lat' dir='ltr'><em>ait,</em></span> <span class='ocrx_word' id='word_1_116' title='bbox 925 1538 1065 1608; x_wconf 75' lang='lat' dir='ltr'>post</span> <span class='ocrx_word' id='word_1_117' title='bbox 1083 1533 1582 1587; x_wconf 74' lang='lat' dir='ltr'><em>consecrationem</em></span> <span class='ocrx_word' id='word_1_118' title='bbox 1610 1528 1772 1586; x_wconf 74' lang='lat' dir='ltr'><em>nihil</em></span> <span class='ocrx_word' id='word_1_119' title='bbox 1803 1529 1984 1586; x_wconf 79' lang='lat' dir='ltr'><em>aliud</em></span> <span class='ocrx_word' id='word_1_120' title='bbox 2005 1549 2193 1607; x_wconf 83' lang='lat' dir='ltr'>quam</span> <span class='ocrx_word' id='word_1_121' title='bbox 2231 1528 2384 1587; x_wconf 80' lang='lat' dir='ltr'>Car-</span> 
     </span>
     <span class='ocr_line' id='line_1_15' title="bbox 257 1623 2385 1703; baseline 0 -23"><span class='ocrx_word' id='word_1_122' title='bbox 257 1643 395 1680; x_wconf 87' lang='lat' dir='ltr'><em>nem</em></span> <span class='ocrx_word' id='word_1_123' title='bbox 425 1632 481 1680; x_wconf 89' lang='lat' dir='ltr'><em>et</em></span> <span class='ocrx_word' id='word_1_124' title='bbox 513 1623 886 1703; x_wconf 73' lang='lat' dir='ltr'><em>Sanyninem</em></span> <span class='ocrx_word' id='word_1_125' title='bbox 924 1625 1292 1683; x_wconf 78' lang='lat' dir='ltr'><em>credendum</em></span> <span class='ocrx_word' id='word_1_126' title='bbox 1335 1645 1482 1691; x_wconf 74' lang='lat' dir='ltr'><em>esse,·</em></span> <span class='ocrx_word' id='word_1_127' title='bbox 1523 1635 1576 1683; x_wconf 87' lang='lat' dir='ltr'><em>et</em></span> <span class='ocrx_word' id='word_1_128' title='bbox 1613 1624 1891 1683; x_wconf 73' lang='lat' dir='ltr'>Gelasius</span> <span class='ocrx_word' id='word_1_129' title='bbox 1935 1624 2224 1702; x_wconf 70' lang='lat' dir='ltr'><em>Pontifex</em></span> <span class='ocrx_word' id='word_1_130' title='bbox 2255 1624 2385 1682; x_wconf 85' lang='lat' dir='ltr'>Ro-</span> 
     </span>
     <span class='ocr_line' id='line_1_16' title="bbox 258 1717 2444 1800; baseline -0 -23"><span class='ocrx_word' id='word_1_131' title='bbox 258 1739 483 1779; x_wconf 74' lang='lat' dir='ltr'><em>manus</em></span> <span class='ocrx_word' id='word_1_132' title='bbox 531 1721 776 1796; x_wconf 79' lang='lat' dir='ltr'>innuit,</span> <span class='ocrx_word' id='word_1_133' title='bbox 819 1741 1048 1800; x_wconf 82' lang='lat' dir='ltr'><em>panem</em></span> <span class='ocrx_word' id='word_1_134' title='bbox 1091 1725 1356 1779; x_wconf 80' lang='lat' dir='ltr'><em>transire</em></span> <span class='ocrx_word' id='word_1_135' title='bbox 1396 1723 1467 1778; x_wconf 87' lang='lat' dir='ltr'>in</span> <span class='ocrx_word' id='word_1_136' title='bbox 1512 1720 1742 1799; x_wconf 73' lang='lat' dir='ltr'>Corpus</span> <span class='ocrx_word' id='word_1_137' title='bbox 1786 1719 2054 1790; x_wconf 72' lang='lat' dir='ltr'><em>Christi,</em></span> <span class='ocrx_word' id='word_1_138' title='bbox 2109 1728 2385 1777; x_wconf 84' lang='lat' dir='ltr'><em>manente</em></span> <span class='ocrx_word' id='word_1_139' title='bbox 2432 1717 2444 1724; x_wconf 79' lang='grc'><em>“</em></span> 
     </span>
     <span class='ocr_line' id='line_1_17' title="bbox 259 1815 2387 1896; baseline -0.001 -22"><span class='ocrx_word' id='word_1_140' title='bbox 259 1827 488 1875; x_wconf 80' lang='lat' dir='ltr'><em>natura</em></span> <span class='ocrx_word' id='word_1_141' title='bbox 523 1820 713 1895; x_wconf 70' lang='lat' dir='ltr'><em>panis</em></span> <span class='ocrx_word' id='word_1_142' title='bbox 728 1857 751 1886; x_wconf 84' lang='lat'><em>,</em></span> <span class='ocrx_word' id='word_1_143' title='bbox 804 1816 910 1875; x_wconf 76' lang='lat' dir='ltr'>hoe</span> <span class='ocrx_word' id='word_1_144' title='bbox 957 1826 1073 1891; x_wconf 77' lang='lat' dir='ltr'><em>est,</em></span> <span class='ocrx_word' id='word_1_145' title='bbox 1126 1818 1526 1896; x_wconf 75' lang='lat' dir='ltr'><em>qualitatihus</em></span> <span class='ocrx_word' id='word_1_146' title='bbox 1581 1820 1710 1894; x_wconf 74' lang='lat' dir='ltr'><em>ejus</em></span> <span class='ocrx_word' id='word_1_147' title='bbox 1768 1819 1890 1873; x_wconf 77' lang='lat' dir='ltr'><em>sive</em></span> <span class='ocrx_word' id='word_1_148' title='bbox 1935 1815 2387 1879; x_wconf 75' lang='lat' dir='ltr'><em>aocz&#39;dentz‘hus;</em></span> 
     </span>
     <span class='ocr_line' id='line_1_18' title="bbox 260 1911 2389 1992; baseline -0.001 -21"><span class='ocrx_word' id='word_1_149' title='bbox 260 1934 448 1992; x_wconf 81' lang='lat' dir='ltr'><em>neque</em></span> <span class='ocrx_word' id='word_1_150' title='bbox 481 1916 645 1971; x_wconf 89' lang='lat' dir='ltr'><em>enim</em></span> <span class='ocrx_word' id='word_1_151' title='bbox 676 1922 822 1972; x_wconf 79' lang='lat' dir='ltr'><em>tune</em></span> <span class='ocrx_word' id='word_1_152' title='bbox 851 1912 937 1970; x_wconf 85' lang='lat' dir='ltr'>ad</span> <span class='ocrx_word' id='word_1_153' title='bbox 963 1914 1399 1992; x_wconf 74' lang='lat' dir='ltr'>metaphysicas</span> <span class='ocrx_word' id='word_1_154' title='bbox 1437 1916 1699 1971; x_wconf 75' lang='lat' dir='ltr'><em>notiones</em></span> <span class='ocrx_word' id='word_1_155' title='bbox 1727 1913 2015 1990; x_wconf 68' lang='lat' dir='ltr'><em>formulae</em></span> <span class='ocrx_word' id='word_1_156' title='bbox 2066 1911 2389 1990; x_wconf 71' lang='lat' dir='ltr'><em>eoeiyehan-</em></span> 
     </span>
     <span class='ocr_line' id='line_1_19' title="bbox 261 2008 2389 2089; baseline -0.001 -23"><span class='ocrx_word' id='word_1_157' title='bbox 261 2019 402 2083; x_wconf 76' lang='lat' dir='ltr'>tur5</span> <span class='ocrx_word' id='word_1_158' title='bbox 435 2030 552 2089; x_wconf 81' lang='lat' dir='ltr'><em>quo</em></span> <span class='ocrx_word' id='word_1_159' title='bbox 585 2030 763 2068; x_wconf 76' lang='lat' dir='ltr'><em>sensu</em></span> <span class='ocrx_word' id='word_1_160' title='bbox 791 2018 846 2066; x_wconf 83' lang='lat' dir='ltr'><em>et</em></span> <span class='ocrx_word' id='word_1_161' title='bbox 879 2008 1270 2068; x_wconf 71' lang='lat' dir='ltr'><em>Theodoretns</em></span> <span class='ocrx_word' id='word_1_162' title='bbox 1291 2010 1452 2067; x_wconf 71' lang='lat' dir='ltr'><em>dimit</em></span> <span class='ocrx_word' id='word_1_163' title='bbox 1473 2053 1490 2083; x_wconf 63' lang='lat'><em>7</em></span> <span class='ocrx_word' id='word_1_164' title='bbox 1520 2013 1591 2067; x_wconf 90' lang='lat' dir='ltr'>in</span> <span class='ocrx_word' id='word_1_165' title='bbox 1619 2009 1732 2066; x_wconf 77' lang='lat' dir='ltr'>hac</span> <span class='ocrx_word' id='word_1_166' title='bbox 1759 2012 2132 2066; x_wconf 76' lang='lat' dir='ltr'>conversione</span> <span class='ocrx_word' id='word_1_167' title='bbox 2153 2051 2168 2080; x_wconf 65' lang='lat'>7</span> <span class='ocrx_word' id='word_1_168' title='bbox 2200 2027 2389 2084; x_wconf 82' lang='lat' dir='ltr'>quam</span> 
     </span>
     <span class='ocr_line' id='line_1_20' title="bbox 260 2086 2384 2185; baseline -0.003 -21"><span class='ocrx_word' id='word_1_169' title='bbox 260 2110 386 2185; x_wconf 79' lang='lat' dir='ltr'><em>ipse</em></span> <span class='ocrx_word' id='word_1_170' title='bbox 398 2107 674 2182; x_wconf 78' lang='grc' dir='ltr'><em>μετάβολην</em></span> <span class='ocrx_word' id='word_1_171' title='bbox 695 2115 881 2181; x_wconf 77' lang='lat' dir='ltr'><em>vocat,</em></span> <span class='ocrx_word' id='word_1_172' title='bbox 899 2112 1151 2184; x_wconf 76' lang='lat' dir='ltr'>mystica</span> <span class='ocrx_word' id='word_1_173' title='bbox 1166 2105 1436 2184; x_wconf 75' lang='lat' dir='ltr'>symbola</span> <span class='ocrx_word' id='word_1_174' title='bbox 1449 2086 1711 2184; x_wconf 57' lang='lat' dir='ltr'>propiia</span> <span class='ocrx_word' id='word_1_175' title='bbox 1723 2114 1954 2163; x_wconf 78' lang='lat' dir='ltr'><em>natura</em></span> <span class='ocrx_word' id='word_1_176' title='bbox 1976 2123 2096 2161; x_wconf 87' lang='lat' dir='ltr'>non</span> <span class='ocrx_word' id='word_1_177' title='bbox 2110 2105 2255 2160; x_wconf 68' lang='lat' dir='ltr'><em>exui</em></span> <span class='ocrx_word' id='word_1_178' title='bbox 2270 2101 2384 2181; x_wconf 90' lang='grc'><strong>(1).</strong></span> 
     </span>
     <span class='ocr_line' id='line_1_21' title="bbox 262 2197 2390 2283; baseline -0.002 -23"><span class='ocrx_word' id='word_1_179' title='bbox 262 2200 497 2261; x_wconf 85' lang='lat' dir='ltr'>Accedit</span> <span class='ocrx_word' id='word_1_180' title='bbox 515 2247 531 2277; x_wconf 72' lang='grc'><em>,</em></span> <span class='ocrx_word' id='word_1_181' title='bbox 558 2201 755 2283; x_wconf 89' lang='lat' dir='ltr'>plures</span> <span class='ocrx_word' id='word_1_182' title='bbox 776 2199 1003 2260; x_wconf 87' lang='lat' dir='ltr'>criticos</span> <span class='ocrx_word' id='word_1_183' title='bbox 1028 2200 1255 2259; x_wconf 79' lang='lat' dir='ltr'>Gelasio</span> <span class='ocrx_word' id='word_1_184' title='bbox 1279 2199 1610 2278; x_wconf 87' lang='lat' dir='ltr'>abjudicare</span> <span class='ocrx_word' id='word_1_185' title='bbox 1631 2199 1852 2258; x_wconf 89' lang='lat' dir='ltr'>librum</span> <span class='ocrx_word' id='word_1_186' title='bbox 1875 2197 1983 2258; x_wconf 91' lang='lat' dir='ltr'>sub</span> <span class='ocrx_word' id='word_1_187' title='bbox 2004 2202 2125 2276; x_wconf 89' lang='lat' dir='ltr'>ejus</span> <span class='ocrx_word' id='word_1_188' title='bbox 2150 2197 2390 2256; x_wconf 90' lang='lat' dir='ltr'><em>nomine</em></span> 
     </span>
     <span class='ocr_line' id='line_1_22' title="bbox 260 2294 2389 2379; baseline -0.002 -23"><span class='ocrx_word' id='word_1_189' title='bbox 260 2298 501 2356; x_wconf 87' lang='lat' dir='ltr'>citatum</span> <span class='ocrx_word' id='word_1_190' title='bbox 524 2298 649 2379; x_wconf 75' lang='lat'>(2);</span> <span class='ocrx_word' id='word_1_191' title='bbox 678 2298 926 2358; x_wconf 85' lang='lat' dir='ltr'>editores</span> <span class='ocrx_word' id='word_1_192' title='bbox 952 2298 1172 2379; x_wconf 89' lang='lat' dir='ltr'>pariter</span> <span class='ocrx_word' id='word_1_193' title='bbox 1196 2297 1490 2356; x_wconf 88' lang='lat' dir='ltr'>Maurinos</span> <span class='ocrx_word' id='word_1_194' title='bbox 1507 2341 1524 2373; x_wconf 84' lang='lat'>‚</span> <span class='ocrx_word' id='word_1_195' title='bbox 1558 2317 1669 2356; x_wconf 93' lang='lat' dir='ltr'><em>nec</em></span> <span class='ocrx_word' id='word_1_196' title='bbox 1695 2318 1818 2354; x_wconf 90' lang='lat' dir='ltr'>non</span> <span class='ocrx_word' id='word_1_197' title='bbox 1843 2294 2032 2373; x_wconf 87' lang='lat' dir='ltr'>Maffej</span> <span class='ocrx_word' id='word_1_198' title='bbox 2042 2317 2140 2353; x_wconf 91' lang='lat' dir='ltr'>um</span> <span class='ocrx_word' id='word_1_199' title='bbox 2162 2339 2178 2368; x_wconf 77' lang='grc'><em>,</em></span> <span class='ocrx_word' id='word_1_200' title='bbox 2214 2305 2389 2375; x_wconf 84' lang='lat' dir='ltr'>atque</span> 
     </span>
     <span class='ocr_line' id='line_1_23' title="bbox 262 2388 2389 2476; baseline -0.002 -25"><span class='ocrx_word' id='word_1_201' title='bbox 262 2392 603 2474; x_wconf 79' lang='lat' dir='ltr'>Stiltingum</span> <span class='ocrx_word' id='word_1_202' title='bbox 626 2393 934 2453; x_wconf 82' lang='lat' dir='ltr'><em>ostendere</em></span> <span class='ocrx_word' id='word_1_203' title='bbox 956 2438 972 2469; x_wconf 76' lang='lat'>,</span> <span class='ocrx_word' id='word_1_204' title='bbox 1002 2392 1310 2476; x_wconf 84' lang='lat' dir='ltr'>epistolam</span> <span class='ocrx_word' id='word_1_205' title='bbox 1333 2438 1348 2468; x_wconf 85' lang='grc'>.,</span> <span class='ocrx_word' id='word_1_206' title='bbox 1385 2412 1515 2475; x_wconf 81' lang='lat' dir='ltr'>quae</span> <span class='ocrx_word' id='word_1_207' title='bbox 1539 2391 1649 2451; x_wconf 90' lang='lat' dir='ltr'>sub</span> <span class='ocrx_word' id='word_1_208' title='bbox 1685 2393 1743 2451; x_wconf 90' lang='lat' dir='ltr'>S.</span> <span class='ocrx_word' id='word_1_209' title='bbox 1788 2393 1823 2451; x_wconf 89' lang='lat' dir='ltr'><strong>J</strong></span> <span class='ocrx_word' id='word_1_210' title='bbox 1828 2414 1962 2452; x_wconf 90' lang='lat' dir='ltr'><em>oan.</em></span> <span class='ocrx_word' id='word_1_211' title='bbox 1990 2388 2389 2470; x_wconf 81' lang='lat' dir='ltr'>Chrysostomi</span> 
     </span>
     <span class='ocr_line' id='line_1_24' title="bbox 261 2468 2384 2571; baseline -0.002 -24"><span class='ocrx_word' id='word_1_212' title='bbox 261 2490 502 2549; x_wconf 88' lang='lat' dir='ltr'><em>nomine</em></span> <span class='ocrx_word' id='word_1_213' title='bbox 534 2489 938 2549; x_wconf 79' lang='lat' dir='ltr'>circumfertur</span> <span class='ocrx_word' id='word_1_214' title='bbox 960 2490 1036 2548; x_wconf 92' lang='lat' dir='ltr'>ad</span> <span class='ocrx_word' id='word_1_215' title='bbox 1059 2489 1380 2549; x_wconf 83' lang='lat' dir='ltr'>Caesarium</span> <span class='ocrx_word' id='word_1_216' title='bbox 1401 2534 1417 2563; x_wconf 78' lang='lat'>.,</span> <span class='ocrx_word' id='word_1_217' title='bbox 1451 2468 1887 2571; x_wconf 73' lang='lat' dir='ltr'>supposititiam</span> <span class='ocrx_word' id='word_1_218' title='bbox 1915 2507 2039 2546; x_wconf 90' lang='lat' dir='ltr'>esse</span> <span class='ocrx_word' id='word_1_219' title='bbox 2070 2485 2199 2566; x_wconf 84' lang='lat'><strong>(3);</strong></span> <span class='ocrx_word' id='word_1_220' title='bbox 2239 2484 2384 2543; x_wconf 89' lang='lat' dir='ltr'><em>Cen·</em></span> 
     </span>
     <span class='ocr_line' id='line_1_25' title="bbox 263 2579 2389 2667; baseline -0.003 -23"><span class='ocrx_word' id='word_1_221' title='bbox 263 2585 572 2646; x_wconf 88' lang='lat' dir='ltr'>turiatores</span> <span class='ocrx_word' id='word_1_222' title='bbox 607 2585 863 2667; x_wconf 89' lang='lat' dir='ltr'><em>denique</em></span> <span class='ocrx_word' id='word_1_223' title='bbox 894 2583 1421 2665; x_wconf 80' lang='lat' dir='ltr'>Magdeburgenses</span> <span class='ocrx_word' id='word_1_224' title='bbox 1453 2583 1796 2643; x_wconf 83' lang='lat' dir='ltr'>lutheranos</span> <span class='ocrx_word' id='word_1_225' title='bbox 1820 2582 2022 2656; x_wconf 76' lang='lat' dir='ltr'>fateri,</span> <span class='ocrx_word' id='word_1_226' title='bbox 2056 2579 2389 2639; x_wconf 86' lang='lat' dir='ltr'><em>Theodore-</em></span> 
     </span>
     <span class='ocr_line' id='line_1_26' title="bbox 263 2679 1616 2762; baseline -0.002 -22"><span class='ocrx_word' id='word_1_227' title='bbox 263 2692 394 2741; x_wconf 89' lang='lat' dir='ltr'>tum</span> <span class='ocrx_word' id='word_1_228' title='bbox 429 2681 541 2741; x_wconf 88' lang='lat' dir='ltr'>sibi</span> <span class='ocrx_word' id='word_1_229' title='bbox 575 2682 870 2743; x_wconf 89' lang='lat' dir='ltr'>adversari</span> <span class='ocrx_word' id='word_1_230' title='bbox 907 2702 972 2741; x_wconf 90' lang='lat' dir='ltr'>ac</span> <span class='ocrx_word' id='word_1_231' title='bbox 1006 2681 1336 2762; x_wconf 88' lang='lat' dir='ltr'>periculose</span> <span class='ocrx_word' id='word_1_232' title='bbox 1358 2680 1470 2761; x_wconf 87' lang='lat' dir='ltr'>legi</span> <span class='ocrx_word' id='word_1_233' title='bbox 1506 2679 1616 2760; x_wconf 79' lang='lat'>(4).</span> 
     </span>
    </p>
   </div>
   <div class='ocr_carea' id='block_1_3' title="bbox 267 2910 2393 3150">
    <p class='ocr_par' dir='ltr' id='par_1_4' title="bbox 267 2910 2393 3150">
     <span class='ocr_line' id='line_1_27' title="bbox 335 2910 2391 2982; baseline -0.002 -19"><span class='ocrx_word' id='word_1_234' title='bbox 335 2917 408 2979; x_wconf 92' lang='lat' dir='ltr'>(l)</span> <span class='ocrx_word' id='word_1_235' title='bbox 442 2916 546 2982; x_wconf 84' lang='lat' dir='ltr'>Pag.</span> <span class='ocrx_word' id='word_1_236' title='bbox 581 2914 701 2966; x_wconf 81' lang='grc'><strong>226.</strong></span> <span class='ocrx_word' id='word_1_237' title='bbox 1367 2915 1650 2964; x_wconf 81' lang='lat' dir='ltr'>luculentius</span> <span class='ocrx_word' id='word_1_238' title='bbox 1676 2916 1873 2963; x_wconf 87' lang='lat' dir='ltr'>evincat.</span> <span class='ocrx_word' id='word_1_239' title='bbox 1902 2913 2116 2972; x_wconf 88' lang='lat' dir='ltr'>Accedit,</span> <span class='ocrx_word' id='word_1_240' title='bbox 2152 2911 2251 2959; x_wconf 89' lang='lat' dir='ltr'>Jac.</span> <span class='ocrx_word' id='word_1_241' title='bbox 2279 2910 2391 2958; x_wconf 86' lang='lat' dir='ltr'>Bas-</span> 
     </span>
     <span class='ocr_line' id='line_1_28' title="bbox 336 2993 2388 3066; baseline -0.004 -19"><span class='ocrx_word' id='word_1_242' title='bbox 336 3001 407 3063; x_wconf 79' lang='lat'>(2)</span> <span class='ocrx_word' id='word_1_243' title='bbox 427 3000 523 3048; x_wconf 82' lang='lat' dir='ltr'>Cfr.</span> <span class='ocrx_word' id='word_1_244' title='bbox 553 2999 656 3048; x_wconf 87' lang='lat' dir='ltr'>Nat.</span> <span class='ocrx_word' id='word_1_245' title='bbox 690 2999 815 3048; x_wconf 84' lang='lat' dir='ltr'>Alex.</span> <span class='ocrx_word' id='word_1_246' title='bbox 847 3015 940 3048; x_wconf 87' lang='lat' dir='ltr'>sec.</span> <span class='ocrx_word' id='word_1_247' title='bbox 983 3016 1011 3045; x_wconf 86' lang='lat' dir='ltr'>v</span> <span class='ocrx_word' id='word_1_248' title='bbox 1032 3035 1045 3061; x_wconf 84' lang='lat'>‚</span> <span class='ocrx_word' id='word_1_249' title='bbox 1087 3017 1190 3066; x_wconf 85' lang='lat' dir='ltr'>cap.</span> <span class='ocrx_word' id='word_1_250' title='bbox 1224 2999 1286 3061; x_wconf 86' lang='lat'>3,</span> <span class='ocrx_word' id='word_1_251' title='bbox 1369 3000 1579 3063; x_wconf 86' lang='lat' dir='ltr'>nagium,</span> <span class='ocrx_word' id='word_1_252' title='bbox 1615 2996 1674 3044; x_wconf 85' lang='lat' dir='ltr'>ad</span> <span class='ocrx_word' id='word_1_253' title='bbox 1704 3006 1818 3044; x_wconf 89' lang='lat' dir='ltr'>tom.</span> <span class='ocrx_word' id='word_1_254' title='bbox 1851 3012 1868 3043; x_wconf 91' lang='lat'>1</span> <span class='ocrx_word' id='word_1_255' title='bbox 1897 2995 2150 3043; x_wconf 76' lang='lat' dir='ltr'>lectionum</span> <span class='ocrx_word' id='word_1_256' title='bbox 2183 2993 2388 3051; x_wconf 84' lang='lat' dir='ltr'>Canisii‚</span> 
     </span>
     <span class='ocr_line' id='line_1_29' title="bbox 267 3075 2393 3150; baseline -0.005 -19"><span class='ocrx_word' id='word_1_257' title='bbox 267 3092 355 3131; x_wconf 79' lang='lat' dir='ltr'>art.</span> <span class='ocrx_word' id='word_1_258' title='bbox 396 3099 487 3150; x_wconf 85' lang='lat'>19,</span> <span class='ocrx_word' id='word_1_259' title='bbox 524 3080 553 3150; x_wconf 56' lang='grc' dir='ltr'><strong>ἓ</strong></span> <span class='ocrx_word' id='word_1_260' title='bbox 586 3081 636 3131; x_wconf 83' lang='grc'>3.</span> <span class='ocrx_word' id='word_1_261' title='bbox 992 3076 996 3080; x_wconf 22' lang='grc' dir='ltr'><strong><em>γ</em></strong></span> <span class='ocrx_word' id='word_1_262' title='bbox 1372 3090 1488 3129; x_wconf 82' lang='lat' dir='ltr'>tom.</span> <span class='ocrx_word' id='word_1_263' title='bbox 1520 3096 1564 3139; x_wconf 88' lang='lat'>1,</span> <span class='ocrx_word' id='word_1_264' title='bbox 1600 3097 1698 3143; x_wconf 81' lang='lat' dir='ltr'>pag.</span> <span class='ocrx_word' id='word_1_265' title='bbox 1737 3075 1868 3137; x_wconf 84' lang='grc'><strong>226,</strong></span> <span class='ocrx_word' id='word_1_266' title='bbox 1894 3080 2093 3142; x_wconf 85' lang='lat' dir='ltr'><em>ingenue</em></span> <span class='ocrx_word' id='word_1_267' title='bbox 2127 3077 2292 3133; x_wconf 82' lang='lat' dir='ltr'>fateri,</span> <span class='ocrx_word' id='word_1_268' title='bbox 2318 3075 2393 3121; x_wconf 87' lang='lat' dir='ltr'><em>ni-</em></span> 
     </span>
    </p>
   </div>
   <div class='ocr_carea' id='block_1_4' title="bbox 268 3157 2411 3808">
    <p class='ocr_par' dir='ltr' id='par_1_5' title="bbox 268 3157 2411 3808">
     <span class='ocr_line' id='line_1_30' title="bbox 336 3157 2392 3229; baseline -0.005 -16"><span class='ocrx_word' id='word_1_269' title='bbox 336 3164 403 3229; x_wconf 87' lang='lat'>(3)</span> <span class='ocrx_word' id='word_1_270' title='bbox 446 3165 545 3213; x_wconf 81' lang='lat' dir='ltr'>Cfr.</span> <span class='ocrx_word' id='word_1_271' title='bbox 574 3165 727 3216; x_wconf 84' lang='lat' dir='ltr'>Maur.</span> <span class='ocrx_word' id='word_1_272' title='bbox 755 3167 866 3215; x_wconf 80' lang='lat' dir='ltr'>edit.</span> <span class='ocrx_word' id='word_1_273' title='bbox 888 3165 990 3215; x_wconf 93' lang='lat' dir='ltr'>loco</span> <span class='ocrx_word' id='word_1_274' title='bbox 1018 3168 1099 3214; x_wconf 87' lang='lat' dir='ltr'>cit.</span> <span class='ocrx_word' id='word_1_275' title='bbox 1133 3168 1183 3212; x_wconf 86' lang='lat' dir='ltr'><em>in</em></span> <span class='ocrx_word' id='word_1_276' title='bbox 1209 3163 1292 3212; x_wconf 85' lang='lat' dir='ltr'>ad·</span> <span class='ocrx_word' id='word_1_277' title='bbox 1371 3162 1442 3210; x_wconf 88' lang='lat' dir='ltr'>hil</span> <span class='ocrx_word' id='word_1_278' title='bbox 1473 3163 1582 3210; x_wconf 87' lang='lat' dir='ltr'><em>inde</em></span> <span class='ocrx_word' id='word_1_279' title='bbox 1608 3163 1782 3209; x_wconf 85' lang='lat' dir='ltr'>hauriri</span> <span class='ocrx_word' id='word_1_280' title='bbox 1804 3161 2022 3209; x_wconf 84' lang='lat' dir='ltr'>adversus</span> <span class='ocrx_word' id='word_1_281' title='bbox 2049 3157 2392 3207; x_wconf 73' lang='lat' dir='ltr'>catholicorum</span> 
     </span>
     <span class='ocr_line' id='line_1_31' title="bbox 268 3246 1678 3312; baseline -0.004 -14"><span class='ocrx_word' id='word_1_282' title='bbox 268 3251 439 3298; x_wconf 86' lang='lat' dir='ltr'>mouit.</span> <span class='ocrx_word' id='word_1_283' title='bbox 470 3251 663 3311; x_wconf 85' lang='lat' dir='ltr'>praevia;</span> <span class='ocrx_word' id='word_1_284' title='bbox 693 3266 779 3297; x_wconf 88' lang='lat' dir='ltr'><em>nec</em></span> <span class='ocrx_word' id='word_1_285' title='bbox 811 3266 907 3296; x_wconf 91' lang='lat' dir='ltr'>non</span> <span class='ocrx_word' id='word_1_286' title='bbox 941 3247 1211 3312; x_wconf 77' lang='lat' dir='ltr'>stiltingus‚</span> <span class='ocrx_word' id='word_1_287' title='bbox 1244 3249 1293 3294; x_wconf 90' lang='lat' dir='ltr'><em>in</em></span> <span class='ocrx_word' id='word_1_288' title='bbox 1377 3246 1678 3293; x_wconf 70' lang='lat' dir='ltr'>sententiam.</span> 
     </span>
     <span class='ocr_line' id='line_1_32' title="bbox 268 3319 2395 3396; baseline -0.007 -17"><span class='ocrx_word' id='word_1_289' title='bbox 268 3330 410 3379; x_wconf 78' lang='lat' dir='ltr'>Actis</span> <span class='ocrx_word' id='word_1_290' title='bbox 430 3325 529 3379; x_wconf 85' lang='lat' dir='ltr'>SS.</span> <span class='ocrx_word' id='word_1_291' title='bbox 546 3341 657 3378; x_wconf 77' lang='lat' dir='ltr'>tom.</span> <span class='ocrx_word' id='word_1_292' title='bbox 679 3346 741 3391; x_wconf 77' lang='grc' dir='ltr'>ιν,</span> <span class='ocrx_word' id='word_1_293' title='bbox 758 3329 886 3396; x_wconf 88' lang='lat' dir='ltr'>Sept.</span> <span class='ocrx_word' id='word_1_294' title='bbox 904 3335 953 3378; x_wconf 81' lang='lat' dir='ltr'><em>in</em></span> <span class='ocrx_word' id='word_1_295' title='bbox 972 3334 1065 3378; x_wconf 85' lang='lat' dir='ltr'>vita</span> <span class='ocrx_word' id='word_1_296' title='bbox 1079 3328 1131 3378; x_wconf 87' lang='lat' dir='ltr'>S.</span> <span class='ocrx_word' id='word_1_297' title='bbox 1155 3329 1290 3378; x_wconf 86' lang='lat' dir='ltr'><em>Joan.</em></span> <span class='ocrx_word' id='word_1_298' title='bbox 1443 3327 1519 3389; x_wconf 63' lang='lat' dir='ltr'>(Ii)</span> <span class='ocrx_word' id='word_1_299' title='bbox 1553 3325 1771 3374; x_wconf 83' lang='lat' dir='ltr'>Centuria</span> <span class='ocrx_word' id='word_1_300' title='bbox 1794 3344 1823 3373; x_wconf 85' lang='lat' dir='ltr'>v</span> <span class='ocrx_word' id='word_1_301' title='bbox 1839 3363 1851 3384; x_wconf 88' lang='lat'>‚</span> <span class='ocrx_word' id='word_1_302' title='bbox 1873 3341 1975 3389; x_wconf 84' lang='lat' dir='ltr'>cap.</span> <span class='ocrx_word' id='word_1_303' title='bbox 2011 3339 2067 3370; x_wconf 87' lang='lat'>10</span> <span class='ocrx_word' id='word_1_304' title='bbox 2091 3361 2104 3383; x_wconf 78' lang='lat'>‚</span> <span class='ocrx_word' id='word_1_305' title='bbox 2123 3320 2231 3369; x_wconf 85' lang='lat' dir='ltr'>edit.</span> <span class='ocrx_word' id='word_1_306' title='bbox 2254 3319 2395 3367; x_wconf 76' lang='lat' dir='ltr'>Basil.</span> 
     </span>
     <span class='ocr_line' id='line_1_33' title="bbox 268 3401 2404 3478; baseline -0.007 -17"><span class='ocrx_word' id='word_1_307' title='bbox 268 3412 503 3478; x_wconf 80' lang='lat' dir='ltr'>Chrysost.</span> <span class='ocrx_word' id='word_1_308' title='bbox 527 3411 552 3478; x_wconf 83' lang='lat'>§</span> <span class='ocrx_word' id='word_1_309' title='bbox 574 3408 640 3460; x_wconf 87' lang='grc'>82</span> <span class='ocrx_word' id='word_1_310' title='bbox 665 3447 681 3473; x_wconf 84' lang='grc'><strong><em>,</em></strong></span> <span class='ocrx_word' id='word_1_311' title='bbox 721 3415 800 3478; x_wconf 88' lang='lat' dir='ltr'>qui</span> <span class='ocrx_word' id='word_1_312' title='bbox 820 3412 1029 3478; x_wconf 86' lang='lat' dir='ltr'><em>Lequien</em></span> <span class='ocrx_word' id='word_1_313' title='bbox 1052 3450 1065 3472; x_wconf 87' lang='lat'><strong>‚</strong></span> <span class='ocrx_word' id='word_1_314' title='bbox 1105 3412 1294 3460; x_wconf 85' lang='lat' dir='ltr'>Hardu-</span> <span class='ocrx_word' id='word_1_315' title='bbox 1385 3408 1530 3458; x_wconf 85' lang='lat'>1562.</span> <span class='ocrx_word' id='word_1_316' title='bbox 1558 3410 1652 3458; x_wconf 87' lang='lat' dir='ltr'>col.</span> <span class='ocrx_word' id='word_1_317' title='bbox 1693 3406 1834 3457; x_wconf 80' lang='lat'>1008.</span> <span class='ocrx_word' id='word_1_318' title='bbox 1876 3408 1948 3456; x_wconf 87' lang='lat' dir='ltr'><em>En</em></span> <span class='ocrx_word' id='word_1_319' title='bbox 1983 3410 2188 3471; x_wconf 87' lang='lat' dir='ltr'>ipsorum</span> <span class='ocrx_word' id='word_1_320' title='bbox 2223 3401 2360 3450; x_wconf 82' lang='lat' dir='ltr'>verba</span> <span class='ocrx_word' id='word_1_321' title='bbox 2391 3417 2404 3448; x_wconf 75' lang='grc' dir='ltr'><strong><em>ε</em></strong></span> 
     </span>
     <span class='ocr_line' id='line_1_34' title="bbox 269 3484 2411 3562; baseline -0.006 -19"><span class='ocrx_word' id='word_1_322' title='bbox 269 3497 370 3556; x_wconf 83' lang='lat' dir='ltr'><em>ini,</em></span> <span class='ocrx_word' id='word_1_323' title='bbox 402 3494 739 3544; x_wconf 79' lang='lat' dir='ltr'><em>Montfauconii</em></span> <span class='ocrx_word' id='word_1_324' title='bbox 761 3531 776 3555; x_wconf 92' lang='lat'>‚</span> <span class='ocrx_word' id='word_1_325' title='bbox 811 3495 985 3562; x_wconf 83' lang='lat' dir='ltr'>Maffeji</span> <span class='ocrx_word' id='word_1_326' title='bbox 1021 3505 1293 3559; x_wconf 83' lang='lat' dir='ltr'>argumenta</span> <span class='ocrx_word' id='word_1_327' title='bbox 1380 3493 1459 3542; x_wconf 87' lang='lat' dir='ltr'><em>De</em></span> <span class='ocrx_word' id='word_1_328' title='bbox 1479 3509 1611 3541; x_wconf 86' lang='lat' dir='ltr'><em>eoena</em></span> <span class='ocrx_word' id='word_1_329' title='bbox 1620 3490 1888 3558; x_wconf 71' lang='lat' dir='ltr'><em>periculose</em></span> <span class='ocrx_word' id='word_1_330' title='bbox 1909 3491 2056 3548; x_wconf 82' lang='lat' dir='ltr'><em>dicit,</em></span> <span class='ocrx_word' id='word_1_331' title='bbox 2076 3484 2287 3551; x_wconf 73' lang='lat' dir='ltr'><em>symbola</em></span> <span class='ocrx_word' id='word_1_332' title='bbox 2305 3500 2411 3532; x_wconf 85' lang='lat' dir='ltr'>cor-</span> 
     </span>
     <span class='ocr_line' id='line_1_35' title="bbox 271 3568 2408 3643; baseline -0.006 -17"><span class='ocrx_word' id='word_1_333' title='bbox 271 3579 428 3626; x_wconf 87' lang='lat' dir='ltr'><em>omnia</em></span> <span class='ocrx_word' id='word_1_334' title='bbox 453 3578 774 3643; x_wconf 81' lang='lat' dir='ltr'>complectitur</span> <span class='ocrx_word' id='word_1_335' title='bbox 799 3615 813 3637; x_wconf 85' lang='lat'>‚</span> <span class='ocrx_word' id='word_1_336' title='bbox 858 3578 916 3625; x_wconf 88' lang='lat' dir='ltr'>ad</span> <span class='ocrx_word' id='word_1_337' title='bbox 952 3576 1290 3625; x_wconf 85' lang='lat' dir='ltr'><em>ostendendum</em></span> <span class='ocrx_word' id='word_1_338' title='bbox 1371 3578 1512 3643; x_wconf 79' lang='lat' dir='ltr'>poris</span> <span class='ocrx_word' id='word_1_339' title='bbox 1537 3585 1582 3623; x_wconf 90' lang='lat' dir='ltr'><em>et</em></span> <span class='ocrx_word' id='word_1_340' title='bbox 1604 3576 1867 3640; x_wconf 68' lang='lat' dir='ltr'><em>sanquinis</em></span> <span class='ocrx_word' id='word_1_341' title='bbox 1905 3571 2109 3620; x_wconf 84' lang='lat' dir='ltr'><em>Domini</em></span> <span class='ocrx_word' id='word_1_342' title='bbox 2127 3575 2239 3634; x_wconf 70' lang='lat' dir='ltr'>post</span> <span class='ocrx_word' id='word_1_343' title='bbox 2265 3568 2408 3615; x_wconf 81' lang='lat' dir='ltr'><em>invo-</em></span> 
     </span>
     <span class='ocr_line' id='line_1_36' title="bbox 271 3648 2411 3724; baseline -0.007 -16"><span class='ocrx_word' id='word_1_344' title='bbox 271 3662 476 3724; x_wconf 79' lang='lat' dir='ltr'>spuriam</span> <span class='ocrx_word' id='word_1_345' title='bbox 525 3678 622 3710; x_wconf 86' lang='lat' dir='ltr'><em>esse</em></span> <span class='ocrx_word' id='word_1_346' title='bbox 661 3660 783 3708; x_wconf 86' lang='lat' dir='ltr'>hanc</span> <span class='ocrx_word' id='word_1_347' title='bbox 813 3659 1092 3724; x_wconf 79' lang='lat' dir='ltr'>epistolam3</span> <span class='ocrx_word' id='word_1_348' title='bbox 1127 3659 1297 3724; x_wconf 89' lang='lat' dir='ltr'>quibus</span> <span class='ocrx_word' id='word_1_349' title='bbox 1386 3661 1622 3707; x_wconf 69' lang='lat' dir='ltr'><em>cntionem</em></span> <span class='ocrx_word' id='word_1_350' title='bbox 1680 3657 1939 3707; x_wconf 76' lang='lat' dir='ltr'>sacerdotis</span> <span class='ocrx_word' id='word_1_351' title='bbox 1978 3653 2160 3701; x_wconf 77' lang='lat' dir='ltr'>mutari</span> <span class='ocrx_word' id='word_1_352' title='bbox 2209 3658 2255 3697; x_wconf 82' lang='lat' dir='ltr'><em>et</em></span> <span class='ocrx_word' id='word_1_353' title='bbox 2308 3648 2411 3697; x_wconf 88' lang='lat' dir='ltr'><em>alia</em></span> 
     </span>
     <span class='ocr_line' id='line_1_37' title="bbox 271 3733 2409 3808; baseline -0.004 -19"><span class='ocrx_word' id='word_1_354' title='bbox 271 3758 369 3789; x_wconf 87' lang='lat' dir='ltr'>non</span> <span class='ocrx_word' id='word_1_355' title='bbox 393 3761 534 3808; x_wconf 84' lang='lat' dir='ltr'>pauca</span> <span class='ocrx_word' id='word_1_356' title='bbox 568 3743 627 3791; x_wconf 89' lang='lat' dir='ltr'><em>de</em></span> <span class='ocrx_word' id='word_1_357' title='bbox 658 3759 741 3791; x_wconf 78' lang='lat' dir='ltr'>suo</span> <span class='ocrx_word' id='word_1_358' title='bbox 775 3739 976 3807; x_wconf 84' lang='lat' dir='ltr'>adjecit,</span> <span class='ocrx_word' id='word_1_359' title='bbox 1004 3751 1057 3790; x_wconf 85' lang='lat' dir='ltr'>ut</span> <span class='ocrx_word' id='word_1_360' title='bbox 1091 3742 1296 3807; x_wconf 85' lang='lat' dir='ltr'>idipsum</span> <span class='ocrx_word' id='word_1_361' title='bbox 1373 3743 1506 3807; x_wconf 82' lang='lat' dir='ltr'><em>fieri.</em></span> <span class='ocrx_word' id='word_1_362' title='bbox 1535 3743 1730 3807; x_wconf 84' lang='lat' dir='ltr'>Dialogo</span> <span class='ocrx_word' id='word_1_363' title='bbox 1750 3759 1778 3790; x_wconf 90' lang='grc'><strong>2</strong></span> <span class='ocrx_word' id='word_1_364' title='bbox 1797 3735 2242 3802; x_wconf 70' lang='lat' dir='ltr'><em>‚InconfitsmSane</em></span> <span class='ocrx_word' id='word_1_365' title='bbox 2256 3733 2409 3781; x_wconf 87' lang='lat' dir='ltr'><em>Theo-</em></span> 
     </span>
    </p>
   </div>
  </div>
 </body>
</html>
