2502 4186
2058 225 2178 284 255

439 252 561 288 CAP.
610 250 689 291 lv.
739 251 806 287 DE
850 247 1241 287 EUCHARISTIAE
1284 246 1648 285 NECESSITATE
1691 247 1815 284 Em.

886 377 888 379 ’
933 388 1170 448 CAPUT
1214 388 1308 446 lv,

148 538 216 574 DE
260 536 647 575 EUCHARISTIAE
689 534 1082 585 NECESSITATE,
1128 530 1592 568 DISPOSITIONIBUS
1636 530 1702 568 ΕΤ
1745 530 2094 570 EFFECTIBUS·

143 704 289 765 225.
336 705 441 762 Vix
470 714 733 785 superest
758 749 774 777 ,
808 703 910 784 qui
945 700 1134 760 adhuc
1169 708 1502 781 propugnet
1537 696 1864 758 absolutam
1916 701 2184 764 Euchari-

66 801 192 860 stiae
213 799 615 859 necessitatem
627 844 639 856 .
652 798 961 880 Antiquata
979 795 1196 878 pariter
1211 805 1298 854 est
1311 795 1491 875 impia
1509 796 1872 854 Novatorum
1892 796 2180 874 doctrina,

67 896 166 976 qui
205 915 277 953 ex
314 905 672 975 praepostero
706 893 993 975 principio
1024 890 1096 950 de
1131 888 1251 948 sola
1286 889 1401 948 fide
1424 890 1782 968 justificante
1816 890 2183 968 inferebant,

65 988 349 1071 optimam
391 988 831 1070 dispositionem
869 986 941 1046 ad
980 984 1397 1045 Eucharistiam
1437 985 1548 1043 rite
1586 984 2016 1066 suscipiendam
2059 1008 2184 1047 esse

61 1105 297 1162 gravem
325 1096 695 1165 peccatorum
723 1082 1008 1142 sarcinam
1042 1105 1058 1154 ς
1098 1078 1481 1161 quamobrem
1510 1078 1798 1138 Lutherus
1830 1078 2122 1140 scribebat
2162 1103 2177 1139 z

64 1181 309 1257 Optima
346 1181 684 1259 dispositae,
727 1200 848 1256 qua
871 1180 1126 1256 pessime
1155 1197 1212 1234 es
1254 1176 1580 1255 dispositus
1619 1175 1750 1257 (1);
1814 1186 1873 1235 et
1905 1175 2184 1235 Calvinus

59 1273 390 1334 affirmabat
410 1320 425 1349 ,
453 1275 556 1333 has
573 1273 771 1356 epulas
794 1294 916 1332 non
935 1270 1213 1354 prodesse
1234 1271 1406 1349 justis
1423 1270 1529 1352 (2).
1546 1275 1629 1330 Ex
1659 1270 1870 1331 eodem
1894 1271 2184 1354 principio

63 1370 283 1450 pariter
346 1369 678 1430 inferebant
721 1370 1043 1429 Novatores
1070 1413 1085 1442 ,
1155 1367 1560 1427 remissionem
1625 1379 2001 1450 peccatorum
2057 1389 2185 1428 esse

61 1466 405 1545 primarium
426 1466 597 1545 hujus
632 1465 990 1524 Sacramenti
1018 1463 1310 1523 effectum.
1346 1464 1494 1522 Cum
1526 1484 1665 1524 vero
1699 1462 1871 1542 hujus
1898 1463 2184 1523 doctrinae

57 1562 177 1636 jam
209 1561 427 1642 pudeat
451 1563 772 1623 Novatores
804 1561 991 1642 ipsos,
1024 1558 1162 1617 hinc
1192 1557 1428 1617 nonnisi
1453 1557 1662 1621 leviter
1690 1557 1810 1617 haec
1835 1569 2182 1639 argumenta

62 1655 430 1734 agitabimUS.

865 1831 1278 1886 PROPOSITIO
1318 1833 1362 1886 Ι.

59 1980 319 2040 Nemini
327 1979 588 2038 actualis
611 1978 1024 2037 Eucharistiae
1034 1982 1336 2058 perceptio
1359 1984 1697 2038 necessaria
1735 1989 1819 2037 est
1844 1984 2184 2041 necessitate

383 2075 608 2145 medii,
645 2074 748 2132 sed
778 2075 916 2133 solis
945 2075 1174 2133 adultis
1200 2076 1537 2133 necessitate
1552 2078 1865 2154 proecepti.

144 2277 284 2335 226.
315 2278 573 2359 Utraque
589 2277 998 2359 propositionis
1012 2299 1146 2360 pars
1169 2276 1241 2338 de
1264 2276 1378 2338 fide
1396 2289 1507 2353 est7
1534 2300 1566 2338 a
1586 2278 1923 2339 Tridentina
1947 2280 2183 2360 Synodo

63 2370 337 2451 definita3
362 2394 526 2447 nam,
550 2394 688 2432 sess,
713 2375 878 2449 XXI,
906 2395 1036 2433 can.
1057 2374 1151 2449 IV,
1181 2374 1388 2434 statuit
1419 2396 1433 2431 :
1467 2375 1543 2433 Si
1569 2378 1710 2452 quis
1737 2376 2001 2447 dim-erit,
2018 2397 2180 2455 par-

63 2598 259 2638 rectores
276 2626 290 2652 ‚
323 2592 534 2638 maxime
559 2599 719 2638 autem
747 2590 813 2638 ad
838 2607 1080 2639 summum
1166 2599 1283 2638 sunt
1299 2628 1314 2654 ‚
1338 2599 1391 2639 ut
1417 2599 1553 2656 patet
1595 2607 1653 2638 em
1697 2595 1959 2641 mutatione
1997 2595 2189 2644 sabbati

67 2671 354 2736 Pontificem
376 2710 389 2733 ‚
417 2675 502 2720 cui
533 2673 793 2733 concilium
828 2672 1079 2720 Tridenti-
1165 2676 1221 2722 in
1236 2673 1528 2722 dominicam
1549 2674 1679 2722 diem
1699 2711 1711 2735 ‚
1727 2677 2050 2741 permissione
2069 2695 2185 2726 san-

66 2770 186 2801 num
217 2761 365 2802 totum
397 2755 482 2803 hoc
511 2757 754 2821 neqotium
793 2755 1074 2820 reliquit...-

70 2834 299 2897 Interea‚
333 2838 379 2883 si
398 2837 522 2901 forte
554 2846 809 2903 peccarent
836 2836 888 2884 E
890 2837 1075 2887 cclesioe

63 2926 262 2965 rectores
284 2919 444 2966 nimia
470 2921 745 2980 severitate,
780 2921 994 2985 ipsorum
1021 2919 1078 2968 id

55 2998 277 3065 periculo
299 2999 450 3064 foret,
479 3017 628 3066 neque
655 3001 720 3049 ad
739 3002 952 3050 subditos
962 3020 1075 3068 per-

63 3084 245 3130 veniret
257 3083 439 3129 crimen
453 3119 467 3142 ‚
485 3099 600 3146 quos
609 3100 708 3149 par
730 3093 797 3132 est
822 3083 1072 3134 obedire...

65 3162 213 3211 Nihil
235 3171 393 3211 autem
418 3163 580 3211 dubito
599 3199 613 3227 ,
643 3164 700 3212 de
729 3164 869 3212 rebus
901 3165 1072 3232 hujus-

64 3245 196 3293 modi
220 3254 423 3292 statuere
441 3261 581 3310 posse
609 3261 708 3305 eos,
728 3248 816 3309 qui
819 3256 1070 3312 praesunt,

62 3329 218 3391 iisque
239 3326 509 3392 parendum
531 3328 839 3392 potiusquam
865 3328 1087 3381 schisma-

57 3408 339 3472 faciendum
382 3426 478 3456 csse
505 3447 518 3469 ‚
566 3408 695 3473 quod
732 3426 877 3475 super
907 3413 1074 3460 omnia

55 3507 178 3554 pene
214 3491 342 3539 mala
371 3509 517 3556 yrave
546 3491 729 3541 malum
759 3493 1074 3557 Auqustiuus

64 3573 280 3623 ostendit.
302 3573 355 3621 E
356 3573 538 3622 cclesiae
560 3574 752 3639 quidem
765 3581 973 3639 potestas
992 3574 1073 3621 de-

61 3650 271 3713 finiendi
306 3655 400 3703 late
412 3658 718 3722 porriqitur,
749 3655 814 3703 ad
839 3673 895 3704 ea
927 3658 1071 3704 etiam

67 3731 190 3793 (sed
222 3743 343 3797 cento
375 3738 579 3804 modo),
618 3755 725 3804 quoe
743 3739 883 3804 juris
915 3737 1079 3786 divini

1159 2757 1332 2821 quinis
1371 2765 1414 2803 et
1448 2757 1705 2823 suffocati,
1733 2773 1917 2806 canone
1948 2758 2183 2809 librorum

1162 2855 1411 2886 sacrorum
1438 2875 1453 2898 ,
1498 2839 1724 2904 abroqata
1770 2842 2076 2902 immersione
2124 2844 2183 2891 in

1163 2921 1415 2986 Baptismo
1430 2958 1443 2980 ‚
1457 2918 1857 2987 Matrimoniique
1872 2924 2185 2991 impedimen-

1160 3004 1223 3051 tis
1244 3041 1256 3063 ‚
1289 3020 1396 3067 quoe
1416 3005 1606 3069 partim
1624 3006 1725 3069 ipsi
1738 3001 2059 3055 Protestantes
2083 3007 2183 3056 sola

1160 3084 1395 3133 Ecclesiae
1433 3087 1712 3134 auctoritate
1733 3124 1746 3146 ‚
1785 3104 1928 3151 quam
1965 3090 2023 3136 in
2069 3088 2182 3138 aliis

1159 3175 1393 3233 spernunt
1411 3204 1424 3226 ,
1461 3169 1557 3214 tuti
1580 3176 1864 3232 sequuntur.

1230 3249 1294 3312 (l)
1334 3248 1469 3314 Apud
1485 3249 1700 3298 Bellarm.
1722 3250 1803 3299 De
1817 3250 1976 3299 Euch.
1994 3252 2079 3301 lib.
2097 3269 2144 3302 1v
2163 3290 2178 3313 ‚

1157 3349 1263 3396 cap.
1297 3348 1352 3396 17
1374 3369 1388 3391 ‚
1413 3351 1462 3380 n.
1499 3348 1516 3379 1
1549 3343 1592 3380 et
1614 3351 1745 3400 seqq.
1765 3336 1848 3400 qui
1867 3332 2020 3400 plures
2048 3334 2183 3383 affert

1160 3414 1300 3479 hujus
1331 3430 1579 3462 sacrorum
1605 3417 1924 3465 emendatoris
1958 3416 2176 3482 blasphe-

1162 3497 1276 3543 mias
1294 3532 1307 3555 ‚
1343 3514 1458 3562 quas
1487 3497 1564 3545 hic
1599 3498 1768 3548 referre
1795 3516 1892 3547 non
1915 3508 2063 3550 vacat.

1241 3576 1301 3639 (2)
1341 3576 1514 3626 Instit.
1546 3578 1636 3627 lib.
1669 3596 1715 3626 ιν
1741 3616 1754 3638 ,
1788 3595 1892 3642 cap.
1927 3594 1984 3643 17
2006 3572 2066 3640 ‚S
2093 3574 2180 3640 42:

1161 3655 1531 3708 Meminerimus
1553 3698 1566 3721 ,
1583 3663 1738 3726 inquit
1749 3698 1764 3721 ‚
1782 3659 1870 3708 has
1883 3675 2048 3707 sacras
2062 3676 2178 3725 epu-

1158 3737 1228 3788 las
1247 3743 1437 3806 oeqrotis
1463 3759 1560 3790 esse
1579 3741 1900 3808 pharmacum
1917 3778 1936 3805 ‚
1958 3751 2180 3808 peccato-
