2502 4186
655 262 776 304 cAP.
823 261 903 305 lv.
949 263 1018 301 nn
1058 261 1309 300 numism
1350 259 1629 299 sumsero,
2093 236 2169 295 57

104 413 203 464 aut
236 402 511 463 examinis
533 447 549 480 ,
592 414 659 462 ut
697 403 1002 466 adversarii
1037 412 1372 478 autumant3
1416 398 1516 460 sed
1564 397 1793 476 majoris
1828 398 2170 459 reverentiae

102 518 268 556 causa
294 518 425 576 erga
452 507 682 556 tantum
722 500 1150 556 Sacramentum
1179 539 1194 567 ,
1234 505 1407 573 prout
1440 506 1499 552 et
1536 493 1645 573 ipsi
1677 495 2067 552 protestantes
2095 491 2173 550 fa-

101 612 228 651 cere
250 601 689 652 consueverunt.
713 592 896 672 Atque
913 590 971 648 id
988 586 1219 670 quidem
1235 608 1305 644 ex
1319 586 1497 646 libera
1513 586 1833 666 disciplina.
1856 587 1992 659 Quis
2013 586 2172 644 enim

100 685 324 763 ignorat
346 729 362 758 ,
390 685 587 765 primis
621 685 876 744 Ecclesiae
913 681 1108 743 seculis
1147 680 1345 738 datam
1377 681 1516 760 ipsis
1552 680 1961 738 Eucharistiam
1996 679 2171 739 fuisse

104 790 163 838 et
193 780 700 837 Confirmationem
746 800 859 836 una
887 798 1015 836 cum
1046 775 1393 854 Baptismate
1415 819 1430 848 7
1487 785 1552 831 ut
1578 775 1838 855 superius
1868 774 2117 832 diximus
2144 774 2173 832 Ρ

186 871 317 941 130.
362 872 490 948 Obj.
533 873 799 931 secunda.
843 873 904 929 10
942 871 1122 950 Nemo
1160 878 1390 926 tenetur
1430 868 1540 925 nisi
1581 867 1655 925 ad
1699 867 1754 927 id
1784 913 1800 941 .,
1848 868 2003 948 quod
2049 868 2172 948 ipse

98 987 205 1047 per
230 986 320 1038 se,
363 965 458 1026 vel
493 965 639 1025 alter
677 989 746 1026 ex
774 985 874 1023 suo
911 983 1189 1020 consensu
1226 962 1524 1042 promisit3
1570 962 1728 1042 atqui
1769 962 2171 1042 promissiones

96 1060 162 1118 in
196 1061 486 1141 Baptismo
522 1077 874 1141 neque'puer
907 1056 1038 1114 fecit
1083 1078 1270 1137 neque
1308 1046 1589 1114 consensu
1626 1057 1792 1137 pueri
1828 1076 2167 1135 sponsores3

95 1154 323 1235 itaque,
361 1155 471 1212 nisi
514 1151 910 1235 promissiones
951 1150 1110 1225 illas,
1150 1173 1282 1210 cum
1315 1150 1635 1210 adoleverit
1661 1195 1676 1225 7
1717 1151 2053 1223 confirmet,
2097 1147 2173 1206 ad

97 1269 193 1308 eas
241 1248 561 1330 implendas
607 1245 844 1304 minime
871 1255 1140 1304 tenetur.
1190 1246 1257 1302 20
1304 1247 1421 1304 Nec
1475 1245 1664 1303 obstat
1720 1244 2173 1303 Protestantium

95 1344 325 1424 praxis,
361 1362 482 1422 quae
520 1339 626 1398 hac
659 1341 721 1398 in
760 1351 924 1421 parte
959 1339 1428 1421 reprehensibilis
1460 1340 1634 1399 etiam
1673 1349 1797 1412 est,
1838 1358 2171 1419 quanquam

94 1436 440 1496 tolerabilior
475 1455 673 1492 eorum
700 1435 773 1492 sit
808 1434 1011 1513 agendi
1037 1436 1212 1508 rati03
1245 1434 1435 1514 pueris
1474 1434 1663 1508 enim,
1705 1455 1838 1492 cum
1869 1455 2041 1490 usum
2074 1454 2172 1491 ra-

94 1530 266 1589 tionis
297 1529 621 1607 attigerint.‚
662 1529 965 1587 lectionem
1002 1530 1346 1610 praecipiunt
1383 1528 1808 1607 Scripturarum
1834 1571 1848 1600 ,
1881 1532 2047 1603 juxta
2096 1525 2172 1583 il·-

91 1622 195 1682 lud
227 1623 512 1704 Apostoli,
550 1625 600 1681 ΙΙ
643 1622 888 1681 Timoth.
935 1624 1014 1680 ΙΙΙ
1042 1668 1058 1697 ,
1116 1622 1189 1680 14
1234 1645 1247 1679 :
1318 1622 1374 1680 Τ
1370 1644 1411 1679 u
1463 1643 1589 1679 vero
1615 1642 1906 1700 permane
1946 1625 2017 1678 in
2056 1624 2172 1691 iix,

46 1784 51 1790 .
91 1738 221 1795 quoe
247 1719 517 1776 didicisti
534 1729 590 1799 05.
619 1719 842 1775 credita
867 1728 1011 1776 sunt
1044 1718 1252 1776 tibin...
1282 1717 1370 1775 Et
1393 1720 1539 1794 quia
1562 1717 1639 1773 ab
1667 1718 1939 1793 infantia
1967 1736 2173 1773 sacras

90 1812 316 1870 litteras
363 1817 532 1871 nosti.
575 1813 722 1871 Hinc
768 1812 926 1872 videt
966 1813 1027 1869 in
1070 1812 1180 1870 illis
1216 1832 1360 1893 puer
1411 1809 1734 1891 baptizatus
1773 1809 1992 1887 objecta
2039 1809 2173 1868 fidei

91 1927 238 1980 suae,
277 1917 335 1965 et
369 1928 498 1966 cum
535 1906 738 1966 eodem
767 1906 1036 1988 Apostolo
1073 1907 1259 1965 dicere
1291 1917 1482 1987 potest
1519 1929 1532 1963 ε
1566 1907 1697 1964 Scio
1718 1951 1733 1978 .,
1762 1910 1869 1963 cui
1901 1905 2170 1974 credidi,

18 1991 20 1994 ’
90 2011 146 2058 et
190 2013 382 2059 certus
430 2024 598 2074 sum,
646 2003 822 2081 magis
875 2013 1096 2060 certum
1146 2000 1364 2059 habens
1408 2001 1516 2059 hoc
1561 2011 1729 2082 pacto
1774 1998 2172 2058 credibilitatis

89 2095 391 2154 motivum.
440 2097 508 2154 In
545 2096 787 2156 Ecclesia
829 2099 1022 2155 autem
1065 2117 1302 2155 romana
1349 2097 1543 2176 pueris
1600 2094 1728 2153 talis
1771 2093 1938 2153 lectio
1986 2093 2174 2150 inter-

92 2186 316 2246 dicitur.
350 2190 512 2267 Ergo,

178 2283 313 2342 131.
361 2287 532 2364 Resp.
576 2285 661 2344 Ad
696 2286 810 2360 11¹¹,
852 2288 1008 2345 Dist.
1049 2289 1131 2344 Ex
1167 2291 1269 2344 suo
1315 2308 1595 2346 consensu
1639 2285 1733 2347 vel
1770 2305 2037 2366 expresso
2078 2280 2176 2344 vel

90 2377 530 2458 interpretativo
585 2391 684 2438 aut
738 2391 1124 2460 praesumpto7
1181 2401 1366 2445 conc.;
1406 2391 1636 2437 tantum
1677 2400 1987 2459 expresso,
2041 2399 2171 2457 noy.

91 2472 322 2544 Quoties
377 2474 532 2531 enim
583 2475 768 2552 agitur
808 2473 900 2533 vel
934 2474 1005 2532 de
1063 2474 1312 2531 maximo
1361 2473 1551 2554 aliquo
1599 2473 1975 2554 impendente
2017 2473 2172 2532 malo

91 2566 433 2640 avertendO,
467 2567 560 2627 vel
589 2568 659 2626 de
684 2590 910 2626 summo
942 2569 1131 2649 aliquo
1157 2568 1309 2626 bono
1342 2581 1440 2626 aut
1469 2568 1743 2628 beneficio
1769 2568 2172 2649 adipiscendo7

88 2661 254 2719 toties
291 2663 656 2741 praesumitur
694 2663 962 2722 voluntas
999 2668 1153 2740 ejuS‚
1191 2663 1264 2721 ad
1295 2686 1468 2744 quem
1504 2663 1599 2721 illa
1640 2675 1924 2744 spectant.
1964 2664 2052 2721 Sic
2080 2663 2177 2723 vel

89 2755 224 2835 ipsae
272 2754 421 2833 leges
469 2757 739 2817 humanae
781 2763 911 2835 jure
950 2758 1199 2816 naturali
1237 2759 1446 2817 innixae
1487 2769 1833 2816 statuerunt.
1886 2757 2035 2816 Talis
2086 2769 2175 2816 est

92 2866 263 2925 porro
302 2870 459 2907 casus
486 2863 698 2910 noster.
731 2855 883 2910 Num
918 2865 1110 2933 posset
1144 2854 1424 2934 quispiam
1451 2875 1510 2912 se
1548 2853 1840 2912 retrahere
1872 2874 1904 2910 a
1941 2852 2175 2911 solven-

94 2939 182 2996 dis
221 2941 490 3022 impensis
528 2945 746 3004 medico
775 2958 874 3004 aut
907 2947 1367 3029 pharmacopolae
1402 2947 1608 3006 debitis
1640 2969 1703 3006 ac
1741 2969 1844 3029 per
1871 2968 2174 3028 sponsores

94 3035 422 3114 promissis,
465 3059 531 3097 eo
569 3041 725 3121 quod
764 3041 886 3122 ipse
924 3041 1182 3100 sensibus
1219 3042 1523 3100 destitutus
1569 3063 1662 3100 eas
1702 3063 1807 3123 per
1843 3063 1902 3100 se
1933 3042 2174 3100 minime

90 3129 450 3208 promiserit,
490 3145 588 3192 aut
620 3136 744 3193 sine
784 3156 1052 3216 expresso
1086 3158 1189 3194 suo
1220 3157 1500 3195 consensu
1534 3136 1618 3195 illi
1646 3157 1739 3196 eas
1766 3136 2172 3217 promissiones

90 3222 329 3281 fecerint
352 3224 382 3299 P,

175 3317 311 3374 132.
360 3318 445 3377 Ad
477 3320 583 3393 ΞΜ,
616 3323 768 3382 Dist.
797 3326 852 3383 Si
877 3326 1018 3385 fides
1043 3349 1071 3384 a
1091 3326 1513 3407 Scripturarum
1536 3326 1781 3385 lectione
1800 3371 1815 3400 ,
1836 3347 2009 3406 quam
2038 3327 2175 3382 Pro-

91 3421 367 3470 testantes
392 3414 762 3494 praecipiunt,
790 3419 1101 3498 penderet,
1126 3433 1360 3486 trans.',·
1387 3422 1434 3478 si
1462 3443 1531 3478 ex
1557 3421 1774 3478 auditu
1789 3463 1810 3489 ,
1836 3431 1901 3476 ut
1923 3419 2173 3476 affirmat

90 3506 394 3586 Apostolus
427 3553 442 3582 7
494 3531 620 3587 wey.
656 3511 787 3568 Jam
814 3533 948 3584 vero
980 3515 1403 3595 Scripturarum
1441 3515 1607 3574 lectio
1644 3514 1965 3572 innumeris
1993 3530 2174 3592 prope

89 3600 326 3660 rudibus
360 3613 444 3661 est
491 3603 897 3684 impossibilist,
938 3606 1039 3665 sed
1077 3619 1134 3667 et
1177 3610 1285 3668 hoc
1333 3609 1504 3684 dam,
1543 3607 1895 3690 impossibile
1943 3626 2172 3663 rursum

93 3704 215 3770 est,
263 3708 330 3756 ut
377 3697 605 3779 pueruli
646 3720 716 3759 ex
752 3700 1031 3776 ejusmodi
1068 3701 1313 3763 lectione
1351 3703 1530 3765 fidem
1587 3713 1687 3762 aut
1736 3701 1869 3762 fidei
1905 3698 2172 3759 articulos
