2502 4186
400 253 523 291 cu.
572 254 614 288 1.
663 253 737 288 ne,
772 250 936 288 assu
980 250 1197 288 cnmsrx
1241 246 1558 287 messum
1599 245 1658 283 IN
1702 245 1945 285 nucum.
2108 228 2220 290 193

110 393 324 468 'ristia‚
373 379 475 450 sed
513 392 586 451 de
633 391 772 452 cibis
813 410 913 451 seu
949 389 1337 450 oblationibus
1361 433 1377 462 a
1433 408 1564 468 quae
1607 393 1714 468 per
1756 386 2225 451 benedictionem

131 489 596 562 sanctificantur3
622 498 686 546 ut
709 487 962 547 ostendit
986 485 1249 558 Huetius‚
1281 495 1340 568 et
1359 483 1571 541 fatetur
1595 482 1842 563 ipsemet
1862 483 2220 545 Albertinus.

215 582 314 641 83.
365 582 450 641 Ad
487 584 602 655 9¹1¹,
643 583 796 645 Disc.
833 581 1102 659 Ejusdem
1143 569 1367 659 gene'ris
1396 575 1585 658 quoad
1617 575 1841 657 aliqua,
1887 600 1996 653 seu
2033 579 2226 662 quoad

133 676 400 736 effectum
439 688 499 735 et
534 678 651 736 vim
687 675 936 753 juvandi
975 685 1075 733 aut
1111 671 1359 732 nocendi
1397 693 1504 753 pro
1549 673 1831 731 sumentis
1871 673 2109 749 habitu,
2151 670 2225 734 de

135 793 250 853 quo
279 772 372 830 hic
400 770 627 830 disserit
655 771 928 851 Origenes
946 814 962 843 ‚
995 790 1182 834 conc.;
1209 768 1401 848 quoad
1427 767 1620 826 omnia
1645 811 1660 840 .,
1695 788 1796 826 seu
1834 768 2025 848 quoad
2058 780 2227 828 natu-

134 887 260 924 ram
312 865 501 924 offulae
556 864 712 924 illius
766 877 826 925 et
876 866 1041 947 panis
1087 862 1445 923 eucharistici
1477 907 1493 937 ‚
1540 873 1728 920 trans.
1779 863 1875 922 vel
1914 885 2043 942 neq.
2097 863 2230 922 Dixi

131 970 427 1031 transeat,
451 979 583 1018 cum
611 959 877 1018 nondum
900 959 1266 1040 exploratum
1284 958 1359 1015 sit
1376 1002 1391 1031 ‚
1418 967 1622 1016 utrum
1646 957 1921 1036 Origenes
1947 978 2068 1015 non
2096 977 2227 1016 cen-

131 1055 311 1112 suerit
332 1098 347 1127 ,
377 1065 551 1135 prout
572 1065 777 1113 tenent
807 1052 1047 1133 Cyrillus
1071 1063 1130 1112 et
1165 1052 1494 1110 Anastasius
1519 1052 1733 1110 Sinaita
1755 1095 1771 1125 ‚
1802 1051 2040 1110 offulam
2066 1050 2228 1111 illam

131 1148 305 1207 fuisse
344 1170 558 1229 panem
597 1150 788 1231 ipsum
829 1145 1268 1207 eucharisticum
1315 1145 1483 1205 Judae
1518 1156 1883 1227 porrectumt,
1926 1158 1986 1206 et
2019 1147 2082 1205 in
2119 1146 2233 1206 hac

132 1241 442 1323 hypothesi
465 1244 652 1301 omnis
669 1242 957 1303 evanescit
978 1240 1302 1300 difficultas,
1322 1241 1520 1322 Siquis
1544 1239 1860 1299 contendat
1875 1285 1891 1315 ,
1918 1242 2228 1321 Origenem

131 1338 376 1398 voluisse
397 1384 412 1413 ,
441 1338 596 1420 quod
615 1337 786 1396 offula
806 1339 840 1396 J
845 1337 971 1396 udae
994 1336 1130 1395 data
1152 1335 1377 1397 diversa
1399 1335 1574 1394 fuerit
1600 1357 1633 1394 a
1656 1356 1807 1417 pane
1830 1336 2230 1413 eucharisticO,

132 1445 273 1493 tunc
305 1435 546 1493 dicimus
572 1437 738 1510 juxta
777 1432 956 1514 ipsius
993 1452 1231 1512 scopum
1254 1474 1270 1505 ,
1313 1429 1528 1489 dictam
1555 1428 1629 1488 ab
1665 1451 1732 1488 eo
1765 1430 1937 1490 fuisse
1968 1431 2231 1509 ejusdem

132 1529 355 1607 generis
390 1528 624 1587 offulam
651 1548 784 1586 cum
813 1547 966 1608 pane
994 1525 1369 1585 eucharistico
1410 1523 1601 1605 quoad
1625 1525 1746 1583 vim
1773 1537 1833 1583 et
1861 1525 2232 1586 efficientiam

132 1621 329 1700 (intra
353 1623 564 1682 limites
593 1633 791 1681 tamen
817 1622 987 1700 suos)
1007 1618 1257 1699 juvandi
1279 1629 1380 1678 aut
1406 1617 1656 1678 nocendi
1678 1623 1843 1696 juxta
1867 1620 2231 1700 suscipientis

132 1717 568 1799 dispositionem
595 1717 704 1798 (l).

213 1812 310 1870 84.
357 1811 444 1872 Ad
485 1813 639 1884 10¹⁰,
669 1812 818 1892 Ney.
859 1814 1008 1871 Nam
1038 1812 1329 1871 inficiatur
1361 1810 1549 1870 solum
1577 1810 1888 1890 OrigeneS‚
1935 1812 2233 1870 visibilem

127 1927 347 1987 panem
397 1918 457 1967 et
505 1908 800 1967 visibilem
846 1918 1053 1987 potum
1081 1951 1097 1981 ,
1153 1927 1254 1965 seu
1310 1907 1525 1987 species
1575 1905 2018 1964 sacramentales
2040 1950 2056 1979 ,
2110 1927 2235 1965 esse

128 2002 354 2083 Corpus
377 2013 436 2061 et
450 2003 802 2082 Sanguinem
818 2003 922 2062 Dei
940 2000 1111 2061 Verbi
1126 2001 1430 2059 incarnati.
1445 2002 1600 2059 Dum
1618 2021 1754 2061 vero
1771 1999 1931 2072 dicit,
1958 1998 2229 2074 verbum,

130 2096 285 2176 quod
306 2099 494 2156 nutrit
517 2142 533 2172 .,
569 2109 627 2157 et
652 2096 898 2158 verbum
931 2141 946 2170 ‚
978 2096 1137 2177 quod
1158 2095 1412 2154 laetificat
1436 2140 1451 2170 7
1477 2116 1599 2155 esse
1621 2094 1835 2153 Christi
1866 2095 2194 2175 doctrinam
2216 2140 2232 2169 .‚

130 2192 427 2271 supposita
455 2193 697 2252 veritate
731 2192 1114 2264 Sacramenti,
1156 2189 1413 2250 deflectit
1451 2189 1526 2248 ad
1553 2188 1918 2269 allegoricam
1951 2211 2053 2249 seu
2083 2212 2235 2271 sym-

122 2283 377 2343 bolicam
398 2286 815 2366 expositionem
833 2284 1091 2363 ejusdem
1104 2285 1367 2364 'mysterii
1389 2329 1404 2358 ‚
1429 2296 1606 2366 prout
1621 2284 1806 2343 facere
1825 2298 2225 2344 consueverat.

128 2379 358 2437 Etenim
404 2378 622 2438 ibidem
654 2384 775 2458 jam
813 2379 1037 2438 dixerat
1071 2401 1086 2437 2
1130 2380 1327 2437 Panis
1364 2384 1499 2450 iste,
1544 2399 1719 2456 quem
1758 2380 1926 2437 Deus
1969 2379 2234 2438 Verbum

126 2472 365 2552 Corpus
381 2496 562 2532 suum
588 2496 703 2533 esse
720 2478 952 2552 fatetur
962 2516 984 2546 ,
1010 2475 1250 2532 verbum
1269 2483 1354 2532 est
1371 2477 1770 2531 nutritorium
1800 2476 2228 2532 (mimarum...

118 2577 187 2624 -et
209 2578 388 2646 potus
420 2573 565 2641 iste,
603 2590 778 2647 quem
816 2571 981 2628 Deus
1038 2570 1298 2643 Verbum
1334 2570 1706 2647 Sanquinem
1742 2588 1922 2625 suum
1958 2570 2228 2645 fatetur,

133 2664 377 2721 verbum
414 2674 498 2721 est
526 2674 745 2742 potans
771 2675 826 2721 et
849 2664 1200 2733 inebrians,
1241 2674 1349 2720 etc.
1390 2663 1478 2720 Sic
1516 2661 1694 2720 alium
1737 2681 1972 2719 sensum
2016 2673 2232 2742 praeter

133 2754 499 2835 allegoricum
516 2757 587 2816 de
605 2756 785 2818 verbo
797 2758 898 2816 Dei
914 2759 1207 2836 agnovisse
1222 2755 1531 2835 Origenem
1554 2756 1735 2836 liquet
1752 2777 1822 2814 ex
1836 2757 1899 2814 Η
1904 2759 2049 2814 omil
2054 2761 2133 2814 ,Χ
2143 2757 2235 2818 VI

135 2854 204 2906 in
225 2850 419 2909 Num.
444 2877 461 2909 .·
482 2853 686 2911 Bibere
717 2853 1018 2924 dicimur,
1047 2852 1240 2932 inquit
1259 2896 1275 2925 ‚
1309 2853 1680 2931 Sanquz'nem
1716 2849 1975 2918 Christi,
2004 2872 2122 2908 non
2145 2871 2228 2908 so-

136 2946 264 3001 lum
289 2945 813 3006 Sacramentorum
845 2952 975 3005 ritu
985 2990 1008 3018 ,
1032 2949 1134 3006 sed
1152 2957 1206 3005 et
1234 2968 1373 3006 oum
1402 2967 1688 3006 sermones
1714 2950 1841 3025 ejus
1865 2950 2191 3026 recipimus
2209 2990 2226 3018 ‚

137 3043 205 3097 in
239 3041 461 3118 quihus
497 3046 620 3101 vita
655 3046 920 3102 consistit
947 3043 1052 3122 (2).

202 3232 268 3295 (1)
306 3229 397 3278 Cfr.
421 3229 534 3278 ibid.
558 3247 606 3296 p.
646 3228 736 3279 180
754 3268 767 3292 ,
797 3240 842 3281 et
859 3230 965 3280 Nat.
994 3230 1128 3282 Alex.
1214 3232 1405 3300 quidem
1445 3235 1544 3298 ipse
1571 3234 1779 3280 omnium
1817 3234 1992 3298 primus
2019 3248 2076 3280 ex
2107 3231 2226 3280 duo—

137 3312 277 3362 Diss.
297 3331 373 3362 xvt
395 3350 406 3371 ‚
428 3315 478 3360 in
503 3329 594 3361 sec.
623 3326 704 3373 In,
732 3323 819 3361 art.
837 3331 882 3361 iv
909 3330 923 3361 ε
957 3313 1132 3363 Utrum
1213 3314 1301 3363 bus
1334 3313 1441 3362 Mss.
1478 3314 1694 3379 vulgavit.
1724 3312 1796 3360 Ad
1834 3316 2058 3362 sinceram
2089 3330 2222 3379 porro

143 3394 377 3459 Oriqenes
402 3394 458 3441 de
485 3392 813 3442 Eucharistiae
828 3391 1134 3445 Sacramento
1216 3395 1421 3461 Origenis
1454 3398 1728 3444 sententiam
1746 3395 2074 3444 vindicandam
2103 3397 2223 3443 inter

138 3485 257 3524 recte
269 3478 496 3536 senserit,
517 3485 729 3541 recteque
755 3474 1134 3540 Origenemcirca
1216 3460 1366 3526 ceterii
1396 3476 1607 3526 observat
1636 3513 1650 3537 ‚
1704 3475 1950 3542 Origenem
1978 3477 2051 3524 -de
2095 3492 2220 3539 mys-

138 3558 247 3607 fidei
263 3569 427 3607 nostrae
446 3559 688 3607 articulum
714 3559 903 3607 sensisse
919 3558 1132 3608 ostendit.
1220 3562 1306 3608 tica
1321 3558 1601 3608 Sacramenti
1620 3560 1952 3625 significatione
1972 3575 2051 3623 per
2073 3566 2220 3604 totum

209 3639 277 3702 (2)
308 3638 405 3688 cfr.
439 3641 496 3688 de
520 3641 609 3689 hoc
642 3642 899 3688 testimonio
933 3639 1141 3704 Origenis
1223 3640 1466 3689 articulum
1483 3641 1732 3703 disserere,
1764 3639 1904 3688 verba
1925 3638 2221 3686 institutionis

140 3718 344 3769 Mam-in.
375 3721 598 3787 edit.opp.
638 3732 673 3771 t.
712 3738 792 3784 111,
820 3739 869 3786 p.
907 3718 1027 3789 898.
1067 3721 1141 3770 Si·
1226 3722 1520 3772 Eucharistiae
1546 3722 1786 3787 allegorice
1808 3717 2148 3784 interpretando
2162 3719 2226 3767 dc

219 3799 285 3857 T.
333 3801 430 3860 vl.
1915 3798 1990 3858 13
