2502 4186
212 257 213 260 Ν
290 185 408 245 418

921 202 1245 243 TRAc'rA'rth
1288 205 1357 241 m:
1401 198 1792 244 ronnrrnnwn.

286 361 460 428 atque
501 344 575 403 ab
615 345 960 404 Innocentio
1005 346 1084 405 III
1126 346 1190 403 in
1228 345 1484 406 Concilio
1522 348 1896 407 Lateranensi
1929 350 2001 409 IV
2041 350 2279 412 demum
2305 352 2413 411 ob-

290 455 514 501 trusam
552 460 709 497 anno
745 438 920 498 1215.
958 440 1014 498 Si
1038 440 1215 520 igitur
1242 441 1709 514 ostenderimus,
1750 443 1812 500 1⁰
1837 442 2109 503 omnibus
2137 458 2292 507 retro
2320 470 2414 508 se-

285 536 427 595 culis
451 538 653 594 Patres
674 534 1064 594 Confessionis
1080 535 1659 597 divinitusinstitutae
1674 532 2083 598 necessitatem
2101 539 2415 603 inculcasse

284 631 550 711 gravium
591 629 908 689 criminum
950 631 1062 690 reis
1091 676 1107 706 ,
1154 632 1222 689 20
1253 634 1482 715 praxim
1537 633 1659 695 sive
1704 656 1877 692 usum
1918 635 2306 695 Confessionis
2352 639 2416 698 in

292 728 568 785 universa
601 723 850 785 Ecclesia
885 746 1195 808 nunquam
1219 749 1341 786 non
1373 728 1651 808 viguisse,
1677 740 1806 788 tum
1829 729 2065 789 illorum
2090 730 2417 810 ignorantia

288 832 388 881 aut
427 820 582 880 mala
610 819 790 896 fides
830 830 929 879 aut
967 821 1143 880 etiam
1181 832 1428 905 utraque
1473 823 1649 882 simul
1684 824 2006 884 manifestae
2045 836 2237 885 erunt.
2281 828 2415 886 Jam

283 939 422 978 vero
455 915 516 975 id
543 915 854 975 ostendere
889 937 1204 997 operosum
1243 940 1365 977 non
1403 929 1512 978 est.

365 1012 501 1085 131.
551 1012 630 1070 Ac
654 1012 847 1119 primo
873 1011 1142 1093 quidem,
1168 1024 1534 1073 constantem
1562 1035 1628 1073 ac
1660 985 2006 1097 perpetuam
2027 1037 2151 1076 esse
2175 1018 2416 1076 Patrum

278 1108 606 1168 doctrinam
627 1107 774 1166 circa
793 1106 950 1165 hunc
967 1107 1301 1184 articulum
1318 1108 1640 1168 ostendunt
1655 1130 1858 1170 eorum
1877 1111 2208 1170 testimonia
2217 1133 2410 1193 ‚quae,

280 1228 358 1265 ne
400 1204 690 1283 longiores
729 1203 910 1262 simus
930 1249 945 1279 ‚
1010 1225 1174 1264 more
1214 1214 1431 1263 nostro
1456 1206 1520 1264 in
1568 1218 1754 1266 certas
1810 1206 2017 1266 classes
2068 1206 2409 1286 redigimuS.

280 1303 505 1360 Harum
532 1300 585 1358 1ει
619 1311 706 1359 est
731 1321 935 1359 eorum
953 1345 968 1374 ,
998 1301 1099 1381 qui
1127 1299 1423 1359 affirmant
1443 1345 1458 1373 .,
1478 1302 1715 1360 nonnisi
1733 1301 2072 1362 Sacerdotes
2098 1310 2270 1384 posse
2295 1303 2415 1361 cri-

280 1397 512 1455 minum
548 1393 782 1454 vincula
818 1393 1046 1456 solvere
1075 1407 1210 1478 post
1234 1417 1440 1455 eorum
1464 1397 2033 1471 manifestationem3
2077 1397 2160 1456 ita
2199 1419 2270 1456 ex
2302 1399 2414 1456 La-

281 1492 419 1551 tinis
468 1493 524 1551 S.
552 1490 881 1573 Cyprianus
901 1536 916 1566 .
971 1491 1027 1549 S.
1058 1489 1396 1551 Ambrosius
1416 1537 1431 1563 .,
1486 1493 1542 1551 S.
1577 1492 1954 1552 innocentius
1975 1538 1990 1567 .,
2048 1494 2106 1550 S..
2137 1493 2248 1552 Leo
2287 1494 2364 1552 M.
2394 1538 2410 1568 ‚

290 1591 347 1648 S.
368 1587 726 1667 Augustinus
747 1631 763 1660 ,
794 1587 852 1645 S.
873 1586 1181 1666 Gregorius
1208 1588 1287 1646 M.
1314 1612 1330 1661 ς
1363 1609 1432 1647 ex
1451 1588 1658 1647 Graecis
1684 1609 1823 1650 vero
1842 1589 2119 1668 Origenes
2136 1633 2152 1662 ,
2178 1588 2236 1647 S.
2258 1589 2417 1647 Basi-

282 1683 394 1742 lius
418 1728 434 1744 .
457 1683 556 1764 qui
577 1681 653 1740 ad
675 1682 1189 1760 interrogationem
1203 1682 1353 1742 288:
1381 1683 1617 1762 Quibus
1632 1694 1883 1763 peccata
1904 1688 2031 1742 sint
2051 1681 2418 1763 aperienda?

283 1776 602 1860 respondet
631 1799 643 1834 :
680 1777 939 1836 Peccata
978 1779 1059 1835 iis
1087 1779 1355 1856 confiteri
1387 1799 1609 1837 necesse
1648 1789 1765 1851 est,
1801 1780 2022 1858 quihus
2057 1779 2285 1837 credita
2328 1787 2414 1836 est

280 1876 643 1954 dispensatio
674 1873 1026 1931 divinorum
1057 1876 1484 1952 mysteriorum
1518 1873 1636 1953 (1),
1672 1885 1731 1932 et
1759 1874 1816 1933 S.
1848 1876 2016 1932 Joan.
2054 1873 2406 1953 Chrysosto-

283 1991 414 2029 mus
435 1968 546 2048 (2).
570 1966 777 2026 Classis
796 1967 856 2023 2³
875 1988 1078 2025 eorum
1119 1961 1207 2025 est
1225 2012 1241 2042 .
1267 1968 1366 2048 qui
1394 1966 1634 2041 docent,
1663 1967 2144 2029 sacramentalem
2176 1968 2409 2027 Confes-

283 2067 511 2125 sionem
556 2084 679 2122 esse
717 2062 979 2142 regulam
1015 2062 1390 2144 imponendae
1425 2063 1790 2144 poenitentiae
1831 2063 1953 2123 sive
1995 2061 2242 2144 publicae
2285 2063 2407 2122 sive

284 2163 530 2244 privatae
543 2165 711 2239 juxta
724 2159 1051 2219 Sacerdotis
1069 2160 1443 2242 prudentiam
1460 2179 1476 2234 ;
1496 2160 1573 2219 ita
1595 2145 1795 2220 Patres
1821 2160 1982 2219 citati
1996 2160 2108 2241 (3),
2123 2171 2182 2219 et
2199 2159 2408 2219 Conci-

284 2259 430 2317 lium
446 2257 861 2331 Laodicenum,
878 2277 1006 2315 can.
1029 2257 1105 2331 ΙΙ,
1122 2255 1486 2338 praecipienS.,
1507 2267 1573 2314 ut
1585 2255 2010 2338 poenitentibus
2029 2277 2407 2338 perseveran-

286 2354 443 2413 tibus
463 2353 525 2411 in
557 2350 895 2411 humilitate
919 2351 1311 2411 Confessionis
1335 2362 1626 2410 statuatur
1652 2351 2022 2434 poenitentiae
2044 2363 2276 2432 tempus
2289 2371 2406 2430 pro

282 2453 575 2529 qualitate
589 2452 830 2526 peccati
855 2446 966 2527 (4)7
1006 2447 1329 2507 Concilium
1363 2446 1746 2507 Cabilonense
1764 2447 1891 2529 (5),
1928 2447 2271 2506 Trullanum
2303 2466 2405 2505 seu

288 2531 721 2618 Quinisextum.,
740 2543 900 2624 quod
925 2564 1053 2602 can.
1076 2544 1174 2602 CII
1189 2541 1513 2625 praescribit
1537 2542 1942 2603 Sacerdotibus
1959 2547 2196 2622 peccati
2212 2543 2407 2621 quali·

286 2651 467 2698 tatem
488 2640 872 2698 considerare
886 2682 910 2711 ,
937 2649 992 2696 et
1009 2642 1139 2717 ejus
1163 2644 1278 2717 qni
1298 2643 1572 2718 peccavit
1590 2639 1677 2698 ad
1697 2643 2135 2698 conversionem
2154 2658 2407 2717 promp-

282 2746 417 2794 tum
440 2735 713 2794 studium
729 2778 751 2807 ,
783 2745 839 2792 et
862 2738 949 2792 sic
970 2734 1174 2793 morbo
1197 2738 1635 2793 convenientem
1662 2735 1876 2814 afferre
1899 2734 2269 2792 medicinam
2292 2729 2402 2813 (6).

363 2953 426 3017 (1)
447 2950 639 3016 Requloe
667 2950 857 2998 brevius
887 2957 1122 2999 tractatoe.
1152 2951 1317 3008 'Amy-

291 3035 412 3084 κοιῗον
442 3035 534 3086 τοῖς
564 3030 937 3095 πεπιστευμένοις
969 3029 1047 3087 τὼ
1074 3028 1314 3094 οἷκονομιόιν

286 3123 374 3168 ’τᾶν
407 3113 652 3182 μυστηρίων
693 3120 773 3166 ‘tofi'
793 3119 907 3165 θεοὶἲ
936 3115 1315 3178 ἔξομολογεῗνθοιι

295 3197 356 3249 τοὶ
375 3195 706 3264 οἷμοιρτῆμοιτοι.
721 3198 838 3247 Tom
855 3214 906 3260 11,
921 3216 1030 3263 opp.
1045 3198 1152 3247 edit.
1168 3196 1316 3250 Maur.

293 3299 395 3347 pag.
422 3277 541 3329 516.

363 3363 429 3427 (Ξ)
450 3361 536 3428 ,ΝΕ
559 3363 609 3408 ἰῑι
628 3360 825 3409 citandis
853 3360 1119 3410 auctoribus
1143 3350 1316 3409 infiniti

298 3447 392 3494 fere
415 3446 577 3502 simus,
596 3443 680 3491 cfr.
699 3442 795 3489 haec
810 3442 1076 3507 singillatim
1107 3444 1314 3491 testimo·

297 3529 376 3575 nia
394 3526 581 3574 collecta
601 3534 703 3572 tum
727 3541 753 3571 a
777 3523 1073 3584 Bellarmino‚
1092 3522 1170 3572 De
1201 3523 1314 3571 Pae—

294 3609 389 3656 nit.
420 3607 506 3656 lib.
548 3624 636 3667 111,
689 3623 791 3671 cap.
837 3602 867 3653 5
902 3615 949 3654 et
987 3623 1119 3671 seqq.
1158 3615 1258 3654 tum
1288 3623 1313 3654 a

291 3689 646 3740 Schefmachero
679 3725 694 3750 ,
759 3705 838 3753 op.
892 3689 978 3738 cit.
1033 3686 1314 3755 Quatrieme

1399 2948 1590 3009 Lettre,
1635 2949 1771 3014 Prop.
1821 2964 1860 2999 11
1904 2957 1954 2999 et
1997 2965 2087 3011 111,
2135 2967 2222 2999 nec
2255 2967 2352 2998 non
2384 2967 2410 2999 a

1401 3031 1692 3092 Mamm-elli,
1720 3031 1772 3079 Il
1795 3031 1922 3081 buon
1954 3049 2039 3080 uso
2063 3031 2186 3081 della
2202 3031 2405 3098 Loqica‚

1400 3112 1632 3178 Opuscolo
1676 3128 1761 3163 xm
1791 3151 1804 3174 ‚
1857 3115 2163 3180 Confessione
2207 3117 2409 3163 auricu-

1398 3194 1498 3244 lare
1517 3234 1531 3257 ‚
1557 3207 1670 3246 tom.
1704 3214 1749 3244 iv
1771 3196 1888 3263 Opp.
1903 3198 2234 3248 edit.Florent.
2256 3196 2406 3247 1822.

1468 3277 1534 3343 (3)
1569 3276 1692 3327 lbid.

1469 3361 1534 3425 (4)
1572 3359 1708 3427 Apud
1734 3359 1881 3410 Hard.
1907 3359 2034 3411 Acta
2061 3360 2208 3411 Cone.
2226 3371 2337 3410 tom.
2367 3375 2403 3420 1,

1398 3442 1491 3492 col.
1530 3441 1649 3509 782.

1468 3523 1534 3588 (5)
1590 3524 1705 3574 Can.
1777 3541 1905 3586 vm,
1957 3525 2074 3576 ibid.
2124 3542 2242 3575 rom.
2303 3539 2355 3571 ιιι
2384 3557 2401 3585 ,

1398 3606 1490 3655 col.
1518 3603 1641 3673 949.

1467 3622 1551 3739 (6)9
1570 3674 1698 3726 lbid.
1741 3673 1832 3726 col.
1870 3671 2016 3742 1698.
