2502 4186
271 188 394 252 442
925 211 1251 254 'rucuws
1294 215 1362 253 mi
1406 213 1794 255 mammen-ru.

273 356 546 426 videtur,
585 364 659 412 ut
690 355 871 414 aliter
890 356 972 415 ab
993 377 1055 416 eo
1088 360 1160 418 in
1180 362 1454 439 qratiam
1488 362 1906 439 recipiantur,
1935 364 2047 439 qui
2071 374 2208 424 ante
2229 365 2393 444 Bap-

270 455 516 510 tismum
540 469 658 527 per
687 453 1104 530 iqnorantiam
1139 453 1507 533 deli’querint
1520 496 1540 526 ,
1577 458 1755 515 aliter
1793 475 1928 512 vero
1950 497 1973 526 ,
1999 461 2114 534 qui
2151 462 2325 518 semel
2349 481 2389 518 a

263 549 501 624 peceati
515 553 573 601 et
589 543 881 606 dcemonis
913 550 1193 607 servitute
1223 549 1499 622 liberati,
1535 559 1593 611 et
1616 559 1848 628 accepto
1884 550 2156 629 Spiritus
2183 553 2398 612 Sancti

272 642 424 700 dono
435 683 458 713 ,
495 645 739 702 seientes
767 645 1050 724 templum
1079 646 1198 706 Dei
1229 647 1451 705 violare
1475 656 1531 704 et
1561 647 1869 726 Spiritum
1912 631 2214 706 Sanctum·
2251 669 2392 708 oon·

271 739 666 796 tristarenon
684 739 1180 817 formidaverint.
1201 741 1290 803 Et
1307 742 1586 801 divinam
1607 743 1985 802 elementiam
1998 743 2176 818 decet,
2205 763 2278 802 ne
2305 747 2395 804 ita

271 831 445 889 nohis
483 833 705 912 absque
744 835 874 893 ulla
908 836 1334 915 Satisfaotione
1347 847 1602 918 pec-eata
1631 838 2056 910 dimittantur,
2095 848 2199 910 ut,
2231 859 2396 897 oeca-

271 931 433 986 sione
460 921 701 1010 aoeepta
717 973 739 1002 ,
765 941 1017 1010 peecata
1050 933 1275 993 leviora
1293 943 1584 1014 putantes
1599 976 1619 1005 ,
1655 936 1815 993 velut
1841 938 2076 1013 injurii
2108 945 2163 994 et
2183 944 2392 993 eontu-

270 1023 506 1082 meliosi
535 1026 803 1103 Spiritui
833 1027 1080 1103 Sancto,
1118 1032 1189 1087 in
1217 1033 1508 1108 qraviora
1541 1030 1878 1102 labam-ur,
1924 1034 2397 1091 thesaurizantes

273 1118 447 1177 nohis
472 1122 636 1178 iram
673 1125 744 1178 in
782 1121 879 1180 die
912 1124 1045 1182 irae.

1075 1342 1563 1387 1)ῙῙΞῚ’Ἶ(3Π]Ξ,ΤΑΤΕ8.Δ

359 1491 500 1552 189.
551 1492 682 1573 Obj.
720 1495 929 1577 prima.
973 1497 1106 1557 Tria
1146 1508 1288 1558 sunt
1319 1518 1446 1582 quae
1487 1496 1920 1558 Catholicorum
1955 1496 2283 1559 doctrinam
2323 1494 2401 1558 de

273 1589 664 1651 satisfactione
709 1614 947 1674 prorsus
996 1605 1272 1654 evertunt
1327 1616 1340 1653 :
1386 1594 1647 1676 primum
1687 1593 1794 1653 Dei
1835 1593 2043 1654 iterata
2093 1593 2399 1674 promissio

274 1683 456 1743 dandi
489 1684 731 1767 plenam
765 1687 1164 1769 peccatoribus
1193 1689 1425 1748 veniam
1446 1733 1462 1763 ,
1508 1689 1590 1748 ita
1633 1699 1701 1747 ut
1730 1688 1990 1770 ipsorum
2023 1689 2398 1770 peecatorum

271 1801 508 1863 prorsus
535 1780 946 1858 obliviscatur3
975 1784 1054 1844 sie
1076 1829 1092 1856 .,
1113 1784 1271 1844 Isaiae
1290 1785 1492 1859 XLIII,
1527 1783 1608 1842 25
1643 1805 1660 1842 ι
1687 1784 1819 1865 Eyo
1838 1806 1973 1844 sum
1988 1827 2010 1857 ,
2035 1785 2228 1865 inquit
2249 1829 2264 1859 ,
2298 1806 2398 1865 eqo

272 1897 411 1934 sum
445 1881 569 1955 ipse
588 1921 604 1951 .‚
629 1882 745 1956 qui
772 1879 926 1937 deleo
956 1883 1312 1959 iniquitates
1347 1890 1485 1938 tuas
1512 1890 1766 1959 propter
1786 1900 1909 1956 me,
1939 1891 1994 1938 et
2011 1891 2398 1959 peecatorum

273 1981 520 2030 tuorum
541 1993 664 2032 non
686 1975 1044 2033 recordabor
1054 1998 1074 2041 ‚·
1105 1986 1164 2033 et
1191 1974 1393 2034 Ezech.
1420 1975 1660 2032 XXXIII
1682 2019 1698 2049 .,
1744 1976 1821 2032 12
1848 1997 1862 2032 z
1906 1976 2194 2052 Impietas
2214 1979 2403 2054 impii

273 2088 395 2126 non
425 2069 661 2128 nocebit
682 2072 743 2127 ei
753 2114 770 2142 .,
797 2073 866 2128 in
894 2091 1278 2150 quacumque
1309 2070 1407 2128 die
1427 2090 1742 2128 conversus
1761 2073 1961 2149 fuerit
1986 2071 2065 2129 ah
2093 2072 2401 2149 impietate

273 2184 407 2222 sua.
437 2165 573 2223 Jam
614 2185 754 2226 vero
792 2163 917 2225 haee
964 2150 1517 2247 aliaqueejusmodi
1553 2163 1695 2223 falsa
1743 2175 1938 2224 essent
1975 2164 2043 2223 in
2089 2163 2402 2247 hypothesi

276 2258 726 2334 Catholicorum.
762 2260 1096 2320 Secundum
1122 2272 1210 2320 est
1237 2259 1722 2342 superabundans
1760 2259 1974 2318 Christi
2008 2281 2115 2341 pro
2149 2259 2401 2341 peccatis

274 2355 490 2414 nostris
537 2355 861 2414 Satisfactio
901 2377 1023 2415 non
1065 2355 1256 2415 solum
1298 2355 1492 2438 quoad
1542 2377 1780 2437 poenam
1827 2351 2148 2430 aeternam,
2189 2376 2397 2415 verum

272 2451 450 2515 etiam
481 2451 674 2533 quoad
695 2473 936 2534 poenam
958 2452 1367 2534 temporalem,
1391 2457 1556 2531 juxta
1579 2451 1729 2512 illud
1749 2455 1772 2510 Ι
1790 2453 1960 2510 Joan.
1988 2454 2038 2508 11
2059 2496 2074 2525 ,
2099 2452 2125 2509 1
2148 2461 2208 2510 et
2232 2471 2394 2531 seqq.

272 2548 347 2604 Si
382 2552 520 2626 quis
533 2555 876 2628 peccaverit
890 2590 916 2621 ,
950 2549 1308 2608 advocatum
1337 2550 1628 2608 hahemus
1664 2549 1840 2628 apud
1873 2548 2148 2622 Patrem,
2184 2547 2395 2606 Jesum

276 2644 585 2704 Christum
601 2651 892 2724 justum5
935 2656 992 2704 et
1015 2649 1142 2726 ipse
1173 2657 1257 2705 est
1281 2651 1642 2726 propitiatio
1663 2666 1782 2725 pro
1811 2649 2068 2723 peccatis
2102 2647 2391 2702 nostris...

270 2741 480 2799 Scribo
503 2742 666 2800 vohis
677 2784 698 2813 ,
720 2742 932 2818 filioli,
968 2745 1259 2820 quoniam
1279 2747 1682 2800 remittuntur
1700 2741 1863 2799 vobis
1880 2749 2129 2818 peecata
2145 2749 2396 2818 propter

270 2857 485 2894 nomen
526 2841 675 2914 ejus.
740 2836 1005 2896 Tertium
1046 2836 1325 2912 demum,
1370 2835 1528 2918 quod
1551 2835 1702 2894 hanc
1743 2835 2206 2893 Satisfactionem
2235 2853 2395 2893 ever-

269 2931 373 3007 tit,
413 2943 501 2991 est
533 2930 693 3014 quod
737 2931 1007 3013 nuspiam
1046 2932 1110 2990 in
1148 2934 1301 2994 Nov.
1343 2933 1496 2991 Test.
1536 2929 1964 3013 poenitentibus
2018 2950 2083 2988 ea
2127 2929 2394 3006 injuncta

267 3026 624 3087 inveniatur.
652 3029 869 3087 Omnes
899 3028 1059 3088 enim
1083 3027 1539 3087 condonationes
1567 3036 1938 3108 peccatorum
1962 3025 2230 3103 gratuitae
2257 3044 2394 3104 per-

268 3120 569 3181 hibentur.
599 3122 750 3182 Talis
765 3122 865 3182 illa
888 3121 1186 3205 publicani
1214 3134 1303 3182 est
1325 3167 1341 3197 ,
1376 3123 1476 3203 qui
1495 3121 1793 3202 descendit
1817 3143 1848 3180 e
1870 3119 2094 3202 templo
2111 3119 2394 3197 justifica-

269 3227 394 3291 ωε,
420 3219 553 3276 Luc,
587 3219 776 3277 XVIII
792 3244 808 3291 ς
845 3218 977 3277 talis
1008 3219 1190 3291 servi,
1230 3219 1321 3277 cui
1343 3218 1626 3277 Dominus
1649 3239 1825 3276 omne
1853 3215 2118 3276 debitum
2141 3214 2391 3287 dimisit,

269 3332 334 3370 ac
373 3312 561 3392 ipsam
598 3314 838 3372 carceris
861 3335 1100 3396 poenam
1122 3359 1138 3388 ,
1179 3313 1384 3372 Matth.
1421 3314 1645 3386 XV111;
1688 3312 1936 3392 gratuita
1977 3312 2194 3392 pariter
2221 3312 2391 3367 Petro

269 3426 539 3467 concessa
570 3420 658 3467 est
682 3409 849 3468 venia
869 3454 885 3483 7
925 3409 997 3468 de
1023 3431 1136 3491 qua
1172 3408 1429 3491 perbelle
1466 3410 1523 3468 S.
1563 3407 1901 3468 Ambrosius
1941 3406 2088 3464 dixit
2119 3428 2132 3464 :
2163 3406 2391 3482 Laory-

271 3523 401 3561 mas
438 3508 565 3584 ejus
594 3508 845 3583 leyimus
861 3547 882 3575 ,
924 3508 1396 3584 satisfactionem
1430 3525 1552 3562 non
1591 3506 1878 3583 legimus3
1913 3502 2087 3581 gratis
2125 3519 2389 3559 concessa

270 3610 357 3655 est
394 3600 557 3658 venia
600 3599 949 3680 paralytico,
993 3599 1224 3659 mulieri
1254 3599 1606 3681 poenitenti,
1637 3599 1872 3657 latroni.
1907 3599 2072 3679 Ergo.

359 3693 491 3751 190.
525 3696 694 3776 Resp.
731 3694 878 3774 Neq.
906 3705 1035 3754 ant.
1069 3694 1151 3753 Ad
1179 3696 1257 3752 11¹¹
1278 3694 1445 3778 prob,
1476 3697 1632 3755 Dist.
1675 3693 1946 3752 Promisit
1976 3694 2125 3752 Deus
2149 3687 2388 3770 plenam
