2502 4186
519 241 640 279 ost.
686 239 748 276 ιι.
791 240 859 276 nu
901 237 1362 277 courlnuuloms
1402 237 1686 275 mms‘mm.
2033 219 2142 277 111

72 394 392 456 Innocentii
421 396 499 451 III
525 393 818 452 decretum
848 392 979 450 ferit
1003 389 1364 468 Presbyteros
1397 388 1608 447 latinos
1642 389 2144 472 Constantinopoli

71 491 374 569 degenteS,
419 489 518 569 qui
556 486 630 546 ad
675 487 1059 544 imitationem
1086 484 1417 542 Graecorum
1458 481 1567 540 sibi
1605 483 1700 555 jus
1738 497 2148 561 arrogaverant

70 581 448 643 confirmandi
482 580 695 660 absque
729 578 1015 638 Pontificis
1058 575 1417 654 delegatione
1443 620 1458 649 .,
1501 574 1658 655 quod
1686 576 2149 638 Occidentalibus

68 678 227 736 nefas
256 686 395 734 erat.
429 671 952 753 Constantinopolis
978 690 1148 751 porro
1173 679 1312 727 tunc
1337 669 1613 747 temporis
1646 680 1769 727 erat
1790 669 1904 751 sub
1927 672 2149 732 ditione

68 772 410 828 Francorum
431 791 446 839 ς
481 765 806 824 Patriarcha
830 785 966 825 vero
985 764 1231 821 Venetus
1257 773 1399 820 erat.
1425 763 1512 820 Sic
1534 763 1709 820 etiam
1730 766 2050 824 Innocentii
2074 768 2148 825 IV

66 863 362 921 decretum
413 881 530 917 non
588 857 866 918 afficiebat
925 856 1034 914 nisi
1088 854 1236 913 solos
1286 857 1523 936 Cyprios
1552 899 1568 929 ,
1625 856 1687 913 in
1741 878 1883 936 quos
1929 859 2149 939 pariter

67 955 254 1013 Latini
286 953 734 1012 dominabantur
751 973 777 1028 ‚¹
807 950 880 1010 ob
916 948 1224 1033 peculiaria
1254 947 1406 1006 illius
1445 947 1647 1007 insulae
1674 949 1967 1027 adjuncta.
2002 953 2148 1011 Cum

70 1049 226 1107 enim
263 1048 507 1128 populus
567 1046 730 1127 plura
779 1043 1131 1122 conspiceret
1176 1043 1432 1122 praestari
1484 1063 1517 1100 a
1561 1044 1752 1121 graecis
1798 1044 2148 1125 presbyteris

68 1163 244 1222 quam
278 1164 310 1200 a
355 1142 578 1214 latinis,
625 1140 724 1197 hos
767 1137 932 1218 parvi
972 1134 1233 1195 faciebat.
1286 1136 1436 1194 Hinc
1472 1138 1659 1215 jurgia
1703 1133 2148 1198 oriebantur'ac

67 1235 418 1309 simultates3
455 1235 529 1293 ad
566 1254 703 1313 quas
729 1231 1170 1312 compescendas
1198 1233 1384 1291 vetuit
1418 1232 1683 1291 Pontifex
1702 1277 1718 1305 ,
1738 1235 2056 1313 quominus
2085 1235 2147 1294 in

70 1341 367 1409 posterum
395 1327 557 1407 graeci
591 1324 911 1404 Presbyteri
946 1327 1007 1383 in
1032 1325 1218 1383 insula
1253 1325 1673 1403 consignarent.
1707 1329 2015 1386 Instructio
2043 1328 2147 1389 de-

65 1425 242 1504 nique
272 1420 578 1481 Clementis
601 1420 726 1477 VIII
750 1420 981 1500 respicit
1009 1419 1195 1477 solum
1222 1413 1595 1496 italo-graecos
1624 1420 1818 1479 latinis
1850 1422 2140 1504 Episcopis

65 1517 344 1595 subjectos
371 1561 387 1590 .,
427 1524 602 1595 prout
637 1524 833 1594 postea
871 1535 903 1571 a
940 1513 1249 1572 Benedicto
1283 1514 1409 1570 XIV
1450 1514 1666 1592 pariter
1707 1515 1994 1575 sancitum
2020 1529 2144 1588 est,

63 1633 138 1671 ne
174 1612 234 1669 in
270 1609 497 1669 dioecesi
537 1608 716 1706 latina
755 1607 916 1686 graeci
950 1605 1279 1686 Presbyteri
1304 1606 1818 1666 Confirmationem
1861 1609 2146 1668 adminis-

1 1754 3 1756 .
62 1716 284 1764 trarent
317 1704 427 1784 (1).
700 1703 706 1709 ’

77 1849 82 1852 ,
142 1797 238 1857 47.
282 1798 363 1855 Ex
398 1795 487 1853 his
522 1794 804 1872 colligitur
824 1839 840 1868 ‚
881 1793 942 1851 1ο
978 1814 1195 1853 errasse
1225 1792 1589 1853 scholasticos
1623 1793 1748 1853 illos
1770 1839 1786 1869 ,
1816 1796 1916 1877 qui
1943 1817 2014 1855 ex
2037 1817 2104 1856 eo
2127 1842 2143 1871 .,

60 1891 216 1973 quod
249 1889 576 1969 Presbyteri
590 1887 746 1968 apud
781 1890 1007 1946 Graecos
1039 1898 1098 1946 et
1122 1888 1445 1946 Orientales
1464 1888 1636 1947 hodie
1666 1889 1975 1950 chrismate
2006 1912 2147 1950 con-

61 1987 288 2064 signent
309 2030 325 2059 ,
358 1982 682 2042 intulerunt
714 1981 957 2063 perinde
992 2002 1055 2040 ac
1100 1982 1440 2040 missionarii
1475 1982 1590 2057 illi,
1630 1983 1701 2043 de
1739 1983 1948 2065 quibus
1977 1980 2152 2046 antea*

63 2079 311 2138 diximus
338 2124 355 2154 ‚
405 2075 841 2137 Sacramentum
891 2075 1048 2135 istud
1090 2076 1150 2134 in
1177 2076 1438 2138 Ecclesiis
1483 2078 1862 2137 orientalibus
1907 2081 2146 2140 minime

64 2172 342 2232 obtinere.
367 2174 535 2231 Hunc
549 2183 741 2232 autem
755 2193 1008 2230 errorem
1025 2171 1273 2250 graviter
1287 2172 1624 2252 perstringit
1641 2173 1980 2233 Benedictus
1997 2176 2142 2248 XIV,

62 2268 162 2348 qui
193 2289 263 2326 ex
300 2266 641 2325 Florentino
667 2264 918 2323 Concilio
956 2265 1035 2322 ait
1062 2275 1217 2322 certo
1257 2268 1528 2346 consequi
1568 2280 1870 2346 oportere7·
1917 2271 2145 2327 Graeco-

61 2382 190 2419 rum
231 2359 738 2419 Confirmationem
760 2402 777 2436 ,
815 2358 920 2417 etsi
950 2380 981 2416 a
1007 2357 1309 2416 Sacerdote
1351 2358 1813 2420 administratam
1833 2406 1848 2435 ‚
1891 2384 1922 2420 a
1951 2362 2145 2422 latinis

59 2453 319 2514 Patribus
344 2465 530 2512 ratam
569 2452 827 2511 habitam
867 2473 1023 2524 esse,
1067 2451 1412 2510 concludens
1463 2474 1478 2510 t
1519 2455 1676 2513 Aliis
1723 2458 1795 2513 in
1841 2457 2015 2527 locis’,
2074 2460 2146 2516 in

59 2551 279 2629 quihus
310 2549 689 2618 chrismatio,
724 2548 867 2604 data
891 2569 928 2605 a
946 2539 1356 2605 Sacerdotibus
1389 2553 1598 2626 yroecis
1612 2592 1632 2619 ,
1677 2570 1795 2607 non
1824 2562 1908 2608 est
1942 2574 1982 2609 a
2004 2553 2146 2611 Sede

48 2646 378 2722 Apostolica
417 2663 675 2721 capresse
704 2642 1043 2718 improbata
1072 2685 1087 2714 ‚
1127 2662 1195 2699 ea
1224 2662 1337 2718 pro
1375 2644 1577 2700 valida
1607 2654 1691 2701 est
1719 2645 1995 2703 habenda
2016 2691 2031 2720 7
2074 2648 2144 2704 ob

50 2743 297 2797 tacitum
331 2739 535 2796 saltem
568 2738 955 2815 privi‘leqiam
992 2757 1032 2792 a
1067 2736 1210 2793 Sede
1243 2736 1580 2814 Apostolica
1615 2739 1737 2796 illis
1773 2759 2105 2798 concessum
2124 2763 2144 2804 ,·

49 2837 221 2910 cujus
253 2835 492 2910 quide-m
530 2833 842 2911 privileyii
864 2834 1398 2910 praesumptionem
1445 2833 1684 2914 inducit
1719 2837 1974 2910 ipsamet
2003 2856 2144 2893 con-

51 2931 317 2984 niventia
343 2938 398 2983 et
429 2928 740 2984 tolerantia
764 2927 1180 2984 Romanorum
1207 2926 1565 3003 Pontificum
1580 2969 1601 2997 ,
1624 2931 1753 3005 qui,
1781 2930 2142 3006 praedictum

53 3021 394 3079 Graecorum
430 3040 651 3078 morem
683 3025 929 3078 vscientes
943 3062 964 3090 ,
1000 3040 1119 3077 non
1147 3021 1667 3097 contradicentem,
1710 3043 1816 3079 nec
1866 3044 2140 3101 unquam

49 3235 137 3303 §3.
158 3234 396 3283 Nicolaum
418 3235 583 3297 pariter
597 3233 808 3282 adversus
829 3233 1044 3282 Photium
1131 3235 1239 3294 lius,
1261 3233 1337 3282 De
1355 3234 1744 3299 Confirmatione‚
1764 3247 1878 3285 tom.
1897 3254 1949 3297 11,
1969 3239 2076 3288 diss.
2095 3259 2138 3289 x.

50 3313 877 3378 strenuedefenditArcudius,op.cit.
899 3315 1046 3375 lib.u‚
1131 3315 1229 3365 Cfr.
1261 3315 1432 3365 Bened.
1464 3334 1572 3378 xiv,
1612 3318 1864 3367 Constitui.
1896 3319 2060 3385 tvu,§
2089 3321 2137 3381 3,

54 3414 156 3462 cap.
191 3413 243 3444 11
283 3407 327 3444 et
365 3411 443 3445 12.
1131 3399 1180 3444 in
1217 3399 1316 3463 ejus
1345 3397 1575 3458 Bullario,
1605 3408 1719 3448 tom.
1749 3417 1800 3459 1,
1844 3418 1893 3465 p.
1928 3399 2016 3467 167
2041 3438 2055 3464 ‚
2096 3410 2140 3449 et

125 3477 195 3541 (1)
229 3476 323 3525 Cfr.
362 3477 419 3524 de
454 3476 543 3523 hoc
585 3484 848 3538 argumento
890 3486 1051 3540 praeter
1137 3477 1339 3528 Constit.
1389 3494 1546 3539 cxxix,
1588 3477 1614 3545 ἓ
1656 3477 1688 3542 4
1731 3490 1774 3528 et
1818 3479 1882 3543 5,
1935 3484 1985 3529 in
2033 3482 2135 3530 eod.

54 3556 303 3619 Morinum,
329 3557 415 3606 loc.
442 3560 521 3607 cit.
552 3574 651 3620 cap.
672 3572 752 3614 22,
776 3555 932 3620 Lupus
959 3556 1046 3606 loc.
1124 3558 1297 3609 Bullar.
1330 3570 1442 3609 tom.
1479 3577 1496 3608 1
1519 3598 1532 3622 ,
1564 3578 1614 3625 p.
1644 3558 1762 3610 513.

51 3640 128 3686 cit.
159 3638 290 3688 More
322 3655 404 3688 suo
444 3638 651 3703 pluribus
689 3639 779 3703 agit
811 3637 1051 3687 Trombel-
