2502 4186
572 297 691 334 cu».
738 298 778 333 ι.
823 298 890 333 ΒΕ
933 279 1210 336 vamum
1252 296 1589 350 saon-mou,
1633 297 1750 336 Ero.
2102 275 2220 338 293

107 447 237 494 tum
263 457 386 515 pro
406 443 668 515 peccatis
704 445 922 498 nostris
957 440 1261 518 offerimus
1277 483 1298 510 ,
1330 443 1666 499 clementem
1705 442 1903 500 Deum
1942 464 2083 502 cum
2101 465 2221 523 pro

104 532 228 589 illis
263 531 590 609 (defunctis
615 535 637 611 )
670 545 798 592 tum
825 555 936 612 pro
967 525 1140 592 nobis
1166 535 1461 591 demereri
1495 546 1550 592 et
1575 540 1913 614 propitiare
1950 549 2218 619 sataqen-

100 635 180 684 tes
207 626 316 706 (1).
355 627 585 685 Accedit
620 649 757 685 usus
795 629 1224 709 antiquissimus
1259 639 1317 686 et
1358 629 1750 694 universalis
1735 651 1797 688 ln
1832 632 2080 692 Ecclesia
2123 635 2213 694 of·-

99 718 327 779 ferendi
345 721 688 779 Sacrificium
706 744 812 802 pro
841 721 1156 795 defuncti5‚
1181 721 1256 781 de
1281 744 1403 803 quo
1414 722 1672 804 loquitur
1691 726 2081 787 Tertullianus
2102 728 2215 811 (2),

102 814 334 874 deinde
346 837 484 874 vero
517 817 837 897 Cyprianus
880 816 966 896 (3)
1005 837 1067 875 ac
1097 767 1274 897 plura
1311 818 1563 876 Concilia
1601 819 1820 899 passim
1858 819 1983 898 (4)3
2026 824 2106 881 ita
2147 834 2216 881 ut

100 929 208 967 res
224 910 594 967 testatissima
633 912 724 969 sit.
763 913 895 970 Jam
933 931 1070 970 vero
1099 931 1231 969 cum
1270 933 1376 991 pro
1417 911 1704 984 defunctis
1739 934 1862 969 non
1901 913 2212 975 offerretur

100 1002 448 1061 Sacrificium
475 1005 585 1062 nisi
606 1005 681 1063 ad
699 1026 1007 1086 poenarum
1028 1005 1422 1086 expiationem
1445 1051 1461 1076 .
1481 1005 1592 1065 hoc
1611 1007 1735 1088 ipso
1753 1018 1982 1066 constat
2005 1054 2021 1083 .,
2052 1031 2209 1069 sem-

97 1117 203 1177 per
235 1110 557 1178 spectatum
586 1099 757 1158 fuisse
785 1099 969 1158 Missae
999 1100 1352 1159 Sacrificium
1377 1112 1442 1158 ut
1467 1123 1538 1181 pl
1541 1102 1958 1183 op1t1ator1um

177 1191 314 1252 288.
360 1196 492 1252 Non
531 1188 733 1252 solum
744 1193 918 1272 igitur
948 1216 1018 1253 ex
1063 1193 1230 1253 dictis
1272 1207 1435 1277 patet
1472 1197 1890 1277 propositum,
1922 1199 2027 1263 sed
2055 1221 2208 1306 prae—

96 1295 252 1344 terea
281 1286 600 1367 colligitur,
637 1289 697 1346 1ο
728 1288 1083 1347 Sacrificium·
1109 1289 1295 1348 Missae
1320 1289 1515 1349 offerri
1539 1311 1706 1371 posse
1729 1303 1854 1349 tam
1886 1284 1992 1373 pro
2021 1294 2179 1354 vivis
2189 1340 2204 1368 ,

97 1401 274 1460 quam
312 1405 420 1463 pro
458 1382 784 1457 defunctis
833 1384 934 1464 qui
970 1384 1031 1441 in
1068 1386 1403 1465 purgatorio
1439 1406 1645 1466 poenas
1679 1383 1887 1446 luunt.

174 1477 316 1535 289.
347 1477 647 1557 Colligitur
664 1523 680 1551 ‚
702 1479 770 1535 2Ο
796 1479 1172 1553 Sacrificium,
1204 1491 1381 1560 prout
1406 1492 1494 1539 est
1508 1481 1999 1561 propitiatorium,
2015 1484 2211 1544 offerri

94 1592 215 1630 non
240 1593 405 1651 posse
428 1595 535 1654 pro
560 1573 784 1632 Sanctis
804 1619 820 1648 7
846 1573 950 1633 sed
983 1573 1172 1632 solum
1199 1575 1262 1631 in
1290 1575 1550 1655 ipsorum
1587 1574 1871 1635 honorem
1892 1623 1908 1652 ,
1947 1599 2011 1638 ac
2032 1591 2208 1659 prout

94 1678 181 1725 est
226 1668 666 1727 eucharisticum
695 1713 711 1742 ,
766 1679 838 1726 ut
884 1679 1054 1726 orent
1097 1673 1224 1746 ipsi
1262 1689 1380 1747 pro
1439 1670 1613 1727 nohis
1646 1712 1671 1740 ,
1727 1670 1892 1728 sicuti
1947 1670 2206 1752 loquitur

94 1762 150 1819 S.
178 1764 525 1841 Augustinus
555 1763 643 1843 (5)
666 1807 682 1836 .‚
720 1773 785 1820 ut
810 1764 1018 1841 gratias
1049 1784 1285 1841 agamus
1323 1765 1444 1822 Deo
1481 1762 1554 1822 de
1584 1764 1839 1823 victoriis
1861 1811 1876 1840 ‚
1921 1787 2062 1848 quas
2085 1771 2206 1846 ejus

89 1854 370 1915 beneficio
389 1869 447 1915 et
463 1856 856 1915 misericordia
874 1856 948 1915 de
961 1858 1275 1916 teterrimis
1289 1856 1490 1916 salutis
1511 1868 1723 1919 nostrae
1745 1859 2009 1919 hostibus
2030 1873 2206 1943 atque

89 1950 430 2012 adversariis
453 1963 845 2034 reportarunt.
866 1953 1055 2025 Quare
1083 1952 1403 2012 Concilium
1426 1954 1586 2013 Trid.
1614 1977 1750 2014 sese.
1773 1957 1952 2032 XXII,
1980 1976 2108 2038 cap.
2133 1956 2202 2016 3:

94 2047 419 2125 Quamvis,
446 2047 638 2128 inquit
658 2091 673 2118 ‚
705 2053 783 2128 gin·
801 2049 1076 2105 honorem
1101 2058 1157 2104 et
1182 2051 1540 2106 memoriam
1569 2052 1923 2109 Sanctorum
1948 2054 2208 2110 nonnul-

89 2141 179 2198 las
210 2142 514 2199 interdum
547 2144 764 2199 Missas
792 2143 1064 2200 Ecclesia
1101 2143 1394 2199 celebrare
1423 2149 1823 2216 consueverit,
1852 2167 1972 2203 non
1999 2157 2202 2205 tamen

88 2236 210 2297 illis
249 2232 631 2312 Sacrificium
674 2236 880 2314 offi3rri
914 2237 1108 2301 docet;
1142 2237 1246 2294 sed
1282 2238 1406 2296 Deo
1453 2239 1631 2296 soli...
1671 2240 1741 2297 ole
1785 2241 2037 2298 illorum
2085 2246 2203 2300 vie÷

89 2335 262 2388 toriis
307 2334 542 2409 yratias
578 2351 757 2410 ayens
804 2330 1202 2411 (sacerdos),
1249 2353 1456 2390 eorum
1491 2339 1842 2412 patrocinia
1884 2337 2198 2414 implorat.

98 2426 286 2496 Quam
326 2426 650 2484 doctrinam
688 2427 931 2488 sancivit
957 2428 1151 2487 can.V
1180 2449 1194 2485 z
1233 2428 1305 2485 Si
1328 2431 1464 2507 quis
1499 2430 1762 2499 dimerit,
1798 2434 2202 2509 imposturam

88 2541 203 2578 esse
240 2522 462 2579 llIissas
507 2522 802 2580 celebrare
853 2528 922 2581 in
976 2525 1253 2582 honorem
1297 2524 1662 2582 Sanctorum
1706 2535 1762 2582 et
1794 2546 1914 2603 pro
1957 2527 2204 2585 illorum

85 2617 495 2674 intercessione
536 2618 707 2696 apud
739 2619 939 2676 Deum
974 2619 1334 2689 obtinenda,
1374 2622 1537 2677 sicut
1577 2617 1857 2679 Ecclesia
1898 2622 2205 2694 intendit,

87 2711 403 2769 anathema
446 2714 543 2769 sit.

167 2803 308 2863 290.
355 2805 690 2884 Colligitur,
731 2806 796 2865 30
821 2806 1086 2866 divinum
1122 2807 1231 2866 hoc
1266 2808 1649 2885 Sacrificium,
1684 2811 1964 2890 quoniam
1998 2812 2238 2893 propi-,

90 2897 271 2957 tiandi
299 2902 486 2962 Deum
514 2901 634 2962 vim
661 2901 840 2963 habet
860 2949 876 2978 ,
909 2902 1124 2962 habere
1153 2904 1330 2963 etiam
1356 2904 1482 2965 vim
1499 2902 1779 2965 beneficia
1810 2906 2195 2987 impetrandi,

159 3195 222 3259 (l)
258 3190 438 3260 Χριστὸν
473 3195 836 3259 {commo-palm
869 3200 972 3265 ἅπερ
1010 3205 1099 3249 τᾶν
1174 3200 1231 3249 de
1258 3204 1542 3266 Monoqam.
1574 3214 1619 3252 et
1644 3204 1727 3252 lib.
1763 3222 1798 3253 11
1821 3243 1834 3266 ‚
1865 3205 1956 3255 Aa
1978 3222 2194 3255 uxorem.

88 3273 303 3341 ἡμετέρων
324 3273 658 3340 ἁμαρτημάτων
684 3275 980 3345 προσ-φέρομεν
1010 3282 1093 3341 2⁸21-
1239 3281 1309 3347 (3)
1346 3283 1453 3333 Lib.
1486 3302 1501 3331 1
1524 3322 1537 3345 ,
1570 3289 1704 3350 epist.
1735 3303 1802 3335 lx.

87 3356 308 3420 λεοῦμενοι
352 3356 454 3423 ὁπέρ
499 3360 633 3407 αότῶν
666 3380 726 3417 ’τει
748 3357 825 3409 καὶ
867 3362 983 3423 ἧμέἱν
1023 3359 1092 3412 τὸ
1246 3365 1307 3427 (14)
1344 3365 1413 3413 Ita
1432 3366 1691 3415 Concilium
1715 3367 1937 3433 Carthag.
1967 3384 2053 3430 ΙΙΙ,
2080 3369 2191 3416 Bra-

89 3438 397 3506 φιλοένθρωπω
417 3439 537 3489 Θεέν.
564 3440 622 3489 N.
649 3457 704 3488 10
723 3476 737 3504 ‚
755 3443 869 3490 edit.
894 3442 1093 3506 Touttei,
1181 3461 1364 3495 carense
1379 3462 1397 3495 1
1414 3484 1427 3507 ,
1449 3445 1773 3499 cabillonense
1792 3488 1805 3510 ,
1824 3450 2159 3498 Wormatiense
2176 3482 2192 3509 ,

88 3525 218 3588 cujus
233 3523 318 3570 cfr.
336 3524 385 3569 in
401 3522 901 3583 huncloc.adnotatio‚
921 3523 1097 3588 p.328.
1182 3536 1270 3576 etc.
1294 3529 1415 3593 apud
1448 3528 1612 3578 Bellar.
1641 3531 1726 3580 lib.
1758 3534 1838 3581 cit.
1869 3547 1972 3595 cap.
2006 3547 2055 3595 7.
2082 3528 2184 3577 Cfr.

157 3604 223 3667 (2)
263 3604 370 3652 Lib.
408 3603 489 3651 De
525 3620 697 3651 corona
720 3639 736 3666 ‚
766 3604 847 3652 ubi
880 3606 1037 3654 scr-ibit
1082 3624 1096 3654 :
1183 3627 1282 3675 quae
1299 3612 1637 3675 scripsimus-iu
1665 3622 1795 3662 tract.
1812 3610 2023 3659 De-Deo
2037 3618 2184 3660 creat.

95 3679 364 3732 Oblationes
370 3702 462 3750 pro
482 3685 724 3750 defunctis
740 3723 752 3745 ‚
759 3702 851 3751 pro
865 3686 1101 3735 natalitiis
1182 3708 1233 3739 n.
1256 3686 1365 3738 -665
1400 3700 1446 3738 et-
1473 3708 1606 3757 seqq.

90 3778 256 3814 amma
270 3766 346 3815 die
356 3768 583 3832 facimus.
602 3767 780 3817 Similia
793 3768 936 3818 habet
948 3770 998 3817 in
1012 3768 1097 3819 lib.
1252 3770 1316 3835 (5)
1361 3770 1526 3823 Tract.
1553 3787 1754 3834 uxxw,
1780 3771 1839 3818 in
1867 3767 2015 3826 Joan.
2047 3788 2098 3820 n.
2145 3786 2206 3837 ¹2·-
