2502 4186
306 227 419 290 104

885 249 1206 291 wnAcrATUS
1247 250 1315 285 DE
1357 249 1817 290 cotvrumnloun.

299 390 546 473 petitur,
591 392 739 450 Dm.
781 387 1105 470 Exprobrat
1137 389 1385 448 Irenaeus
1427 387 1843 450 Valentinianis
1868 388 2111 451 abusum
2138 392 2211 452 ob
2239 414 2378 475 pro-

298 485 460 543 sanas
483 503 684 543 vocum
705 484 991 543 novitates
1015 495 1074 543 et
1091 483 1511 543 incantationes
1534 481 1607 540 ab
1623 483 1760 563 ipsis
1778 483 2166 561 introductas,
2196 508 2380 552 comm

300 600 471 638 usum
504 580 696 659 ipsum
722 577 1109 660 opobalsami,
1139 579 1232 640 vel
1258 601 1384 659 neq.
1414 576 1509 637 vel
1531 579 1825 650 Subdisc„
1851 577 2201 660 opobalsami
2227 603 2379 639 non-

299 672 439 750 dum
463 671 535 730 ab
562 672 804 732 Ecclesia
823 674 1118 755 usurpati,
1145 684 1334 732 trans,
1350 698 1368 739 ;
1394 693 1552 732 secus
1572 717 1588 746 ,
1615 694 1745 752 neq.
1779 676 1903 732 Duo
1935 674 2055 733 haec
2075 685 2381 755 propterea

297 767 453 826 inter
489 788 549 826 se
588 769 919 849 permisceri
958 791 1079 827 non
1111 767 1366 841 debent,
1408 767 1871 826 Confirmationis
1899 789 2115 849 nempe
2155 767 2379 826 collatio

299 881 407 942 per
445 883 726 920 manuum
757 862 1186 944 impositionem
1212 873 1271 921 et
1300 861 1411 921 olei
1448 861 1781 919 unctionem
1812 873 1870 920 et
1907 863 2212 943 permixtio
2249 883 2386 943 opo·-

298 953 545 1014 balsami
579 957 885 1018 alteriusve
916 957 1153 1039 liquoris
1177 967 1375 1038 postea
1411 955 1650 1034 adjecta.
1684 958 1799 1014 Nos
1831 956 1902 1015 de
1935 958 2112 1038 priori
2150 957 2242 1015 hic
2267 956 2375 1015 sol-

296 1045 439 1107 liciti
474 1071 706 1124 sumus3
748 1050 820 1110 de
856 1051 1035 1111 altera
1068 1073 1242 1127 ver0,
1278 1050 1419 1132 quid
1463 1049 1833 1109 sentiendum
1860 1052 2220 1111 verisimilius
2261 1054 2334 1110 sit
2361 1096 2380 1125 ,

296 1142 534 1203 inferius
585 1147 927 1227 aperiemus.
980 1147 1298 1225 Basnagius·
1324 1157 1636 1227 utrumque
1674 1145 2021 1220 confundit,
2067 1159 2135 1206 ut
2185 1147 2382 1207 Irenaei

299 1239 633 1297 testimonio
664 1240 875 1316 fretuS,
910 1262 980 1299 ex
1013 1240 1548 1299 Valentinianorum
1586 1239 1840 1299 fontibus
1869 1240 2189 1300 chrismatis
2210 1263 2382 1300 usum

299 1332 361 1389 in
386 1331 693 1391 Ecclesiam
721 1333 967 1392 deducat
994 1332 1101 1413 (1).

379 1424 474 1484 32.
521 1421 674 1484 Illud
724 1449 898 1507 porro
918 1472 934 1502 ,
988 1426 1145 1508 quod
1197 1417 1355 1486 idem
1415 1428 1720 1507 Rasnagius
1772 1428 1969 1488 subdit
1994 1475 2011 1505 ,
2078 1428 2383 1491 Ecclesiam

298 1540 512 1601 nempe
535 1564 550 1592 ,
591 1531 666 1602 ut*
683 1541 807 1580 rem
845 1533 1066 1601 gratam
1092 1522 1303 1582 faceret
1328 1521 1775 1597 Valentinianis,
1810 1525 1990 1582 ritum
2023 1523 2179 1582 hunc
2203 1524 2386 1604 adop-

296 1625 482 1688 tasse,
526 1614 735 1673 falsum
778 1627 884 1674 est.
922 1615 1167 1674 Ecclesia
1209 1616 1398 1689 enim,
1451 1628 1518 1674 ut
1554 1618 1731 1696 magis
1766 1617 1964 1677 fideles
2007 1618 2081 1678 ab
2110 1618 2387 1677 haereticis

297 1718 944 1790 averteret,'perpetuo
995 1711 1295 1768 consuevit
1335 1701 1648 1769 abhorrere
1690 1710 1762 1768 ab
1812 1700 2053 1770 istorum
2090 1712 2283 1770 usibus
2326 1721 2389 1770 et

294 1801 575 1861 institutis
595 1847 617 1876 ,‚
651 1814 710 1861 et
748 1803 1096 1861 contrariam
1131 1802 1304 1883 plane
1338 1803 1484 1861 inire
1524 1805 1698 1864 viam.
1737 1804 2002 1880 Accedit,
2037 1806 2109 1866 ,in
2142 1805 2385 1863 Ecclesia

296 1895 525 1954 nonnisi
554 1895 742 1955 seculo
777 1883 1002 1956 circiter
1035 1897 1107 1954 VI
1134 1941 1150 1970 ,
1190 1907 1257 1954 ut
1297 1918 1402 1954 suo
1425 1895 1549 1955 loco
1581 1896 1951 1956 ostendemus
1978 1943 1995 1974 ,
2030 1896 2385 1979 opobalsami

365 2085 437 2146 (l)
468 2084 731 2133 Notandum
750 2102 884 2150 porro
912 2085 989 2133 hic
1014 2095 1106 2144 est,
1139 2083 1301 2137 S.Ire-

298 2180 483 2225 naeum,
520 2165 602 2214 lib.
634 2183 682 2227 1,
717 2183 816 2230 cap.
858 2183 913 2214 21
943 2202 956 2224 ‚
991 2185 1038 2216 n.
1069 2167 1098 2215 3
1120 2204 1133 2226 ,
1170 2170 1300 2232 juxta

297 2247 407 2296 edit.
441 2247 581 2295 Mass.
623 2248 748 2295 haud
783 2248 1042 2312 improbare
1081 2248 1207 2295 hunc
1238 2249 1301 2294 ri·

295 2337 398 2375 tum
431 2330 479 2374 in
509 2326 735 2376 Gnosticis
755 2365 767 2386 ‚
813 2329 890 2375 sed
930 2329 1078 2375 solum
1113 2329 1299 2375 referre.

295 2408 369 2456 En
406 2411 504 2473 ejus
540 2408 676 2456 verba
711 2404 942 2456 :Vl-:necron
966 2405 1195 2474 μυρίζουσι
1230 2406 1301 2456 τίν

298 2485 611 2550 τετελεσμένον
658 2494 720 2554 τᾷ
764 2491 853 2554 ἷπξιῖ
912 2495 975 2556 τῷ
1010 2487 1301 2553 ,οἱπὲβοιλσ-ᾴ-

295 2586 398 2633 μου·
443 2565 497 2617 τὲ
544 2567 633 2634 γοῖρ
680 2575 808 2636 'adpo'
855 2576 984 2619 τοῦτο
1040 2569 1171 2619 τόπον
1222 2575 1303 2625 τῖἷς

298 2648 403 2716 ὖπὲρ
449 2647 512 2699 ταὶ
565 2648 650 2699 ἕλοι
697 2650 877 2704 edacitas
927 2649 1036 2700 εἳνοιῖ
1082 2650 1301 2711 λέγουσιν.

306 2732 437 2779 Tum
466 2739 623 2778 autem
653 2748 760 2777 eum
779 2767 794 2794 ,
826 2734 913 2795 qui
942 2735 1161 2781 initiatus
1196 2741 1264 2780 est
1285 2769 1298 2792 ,

302 2810 596 2876 opobalsamo
623 2813 888 2874 inunyunt.
920 2811 1027 2860 Hoc
1055 2814 1182 2861 enim
1211 2829 1303 2859 uot-

296 2900 523 2956 9uentum
549 2892 841 2955 fraqrantioe
870 2891 1001 2940 illius
1020 2931 1032 2953 ,
1062 2911 1168 2957 quoe
1199 2911 1299 2941 om-

299 2974 388 3020 m‘a
407 2981 657 3038 exsuperat
672 3008 689 3034 ‚
725 2981 890 3037 typum
906 2991 1000 3020 esse
1023 2976 1177 3023 aiunt.
1203 2974 1298 3022 Cfr.

296 3055 348 3101 in
379 3054 506 3101 hunc
535 3054 687 3102 locum
715 3054 872 3103 adnot.
907 3055 1193 3104 Feuardentii
1221 3057 1301 3118 (in

298 3127 398 3198 cap.
437 3132 514 3193 18,
533 3132 658 3198 juxta
677 3145 769 3183 vet.
790 3137 919 3198 edit.)
943 3173 957 3195 ,
991 3137 1072 3184 ubi
1100 3138 1303 3185 vindicat

299 3214 576 3262 catholicum
620 3218 758 3263 ritum
807 3217 1020 3265 adversus
1071 3218 1301 3266 hae'reticos

301 3293 570 3343 Calvinistas
588 3332 600 3354 ,
649 3299 729 3362 qui
756 3297 844 3345 hoc
872 3298 971 3347 loco
1000 3299 1128 3347 abusi
1157 3310 1264 3347 sunt
1283 3336 1297 3358 ‚

300 3391 355 3422 ac
381 3384 501 3423 recte
529 3375 638 3423 huic
672 3377 898 3441 applicat,
923 3380 1047 3444 quod
1081 3382 1130 3426 in
1164 3381 1301 3427 simili

299 3467 567 3519 argumento
582 3458 761 3521 scripsit
778 3457 825 3505 S.
844 3458 1139 3523 Augustinus,
1164 3459 1300 3508 Cont.

294 3535 470 3584 Faust.
493 3537 576 3585 lib.
606 3554 671 3585 xx
693 3575 706 3599 ,
746 3556 846 3603 cap.
868 3524 939 3587 ¹21
983 3558 996 3588 ε
1028 3541 1144 3589 Non
1170 3543 1298 3589 enim

294 3619 362 3663 est
400 3616 670 3666 detestanda
716 3608 1157 3670 sanctimonialium
1202 3624 1299 3671 vir-

292 3698 476 3759 qim'tas
494 3735 508 3760 ,
536 3701 651 3763 quia
683 3709 726 3747 et
751 3701 946 3750 vestales
969 3706 1176 3768 virqines
1187 3702 1295 3769 fue-

1382 2093 1529 2142 runt;
1571 2101 1658 2134 nec
1698 2086 2084 2150 reprehendenda
2145 2087 2388 2149 sacrificia

1376 2176 1612 2232 patrum,
1652 2168 1767 2229 qaia
1811 2175 1856 2212 et
1894 2167 2131 2229 sacrificia
2175 2171 2388 2231 gentium

1379 2247 1608 2310 fuerunt,-
1637 2248 1771 2309 quia,
1804 2246 1894 2293 etsi
1924 2263 2040 2293 usus
2073 2247 2390 2311 quarumdam

1386 2344 1546 2374 rerum
1577 2326 1754 2374 similis
1782 2344 1878 2374 esse
1906 2327 2093 2375 videtur
2115 2329 2252 2376 nobis
2275 2346 2385 2377 cum

1382 2407 1602 2472 qentibus
1621 2410 1635 2471 (
1657 2408 1772 2456 adde
1800 2419 1843 2456 et
1858 2409 2122 2467 haereticis)
2145 2445 2158 2468 ,
2190 2418 2244 2457 ut
2268 2409 2383 2469 cibi,

1379 2497 1522 2554 potus
1539 2527 1553 2549 ‚
1591 2497 1811 2536 tectorum
1830 2526 1844 2546 ‚
1872 2491 2256 2537 vestimentorum
2277 2529 2290 2550 ‚
2316 2490 2385 2538 la-

1386 2586 1635 2617 vacrorum
1654 2607 1667 2628 ‚
1702 2569 1835 2634 Ionqe
1861 2579 2019 2617 tamen
2035 2570 2174 2618 aliter
2203 2571 2277 2618 his
2293 2573 2385 2619 uti-

1386 2658 1494 2711 tur,
1523 2652 1610 2714 qui
1633 2650 1698 2697 ad
1718 2650 1868 2697 alium
1884 2649 2031 2714 fine'm
2059 2669 2223 2699 earum
2245 2670 2386 2700 usum

1387 2731 1556 2794 refert,
1588 2739 1632 2777 et
1659 2730 1801 2778 aliter
1829 2733 1916 2795 qui
1941 2748 2002 2779 ex
2029 2732 2106 2779 his
2142 2733 2248 2781 Deo
2270 2751 2382 2798 qra-

1384 2813 1479 2859 tias
1522 2813 1652 2875 aqit,
1698 2811 1755 2859 de
1794 2829 1884 2876 quo
1918 2811 2044 2876 salsa
2075 2830 2173 2861 non
2215 2815 2382 2865 credit.

1385 2892 1518 2941 Putat
1543 2894 1730 2959 quidem
1763 2893 2087 2943 Feuardentius
2105 2932 2118 2958 ,
2153 2896 2384 2946 Gnosticos

1384 2974 1502 3022 hanc
1553 2978 1857 3023 ceremoniam
1914 2995 1939 3024 a
1979 2977 2226 3026 Catholicis
2279 2997 2384 3026 mu-

1386 3065 1534 3103 tuatos
1569 3073 1695 3114 esse3
1735 3067 1801 3104 ast
1845 3060 2135 3106 auctoritates
2160 3095 2172 3119 ,
2213 3060 2381 3125 quibus

1387 3137 1444 3184 ad
1477 3137 1565 3184 hoc
1594 3138 1930 3186 conficiendum
1962 3142 2135 3198 utitur,
2182 3140 2251 3187 vel
2277 3151 2383 3188 sunt

1388 3219 1682 3282 apocryphae,
1715 3220 1786 3267 vel
1806 3231 1943 3284 agunt
1973 3221 2029 3269 de
2047 3221 2139 3268 sola
2166 3224 2381 3271 unctione

1387 3301 1437 3347 in
1481 3316 1674 3363 genere,
1717 3305 1832 3365 quin
1869 3319 2017 3350 sermo
2057 3305 2115 3349 sit
2158 3304 2209 3350 in
2239 3305 2293 3350 iis
2324 3304 2381 3353 de

1387 3379 1623 3443 balsamo,
1672 3383 1743 3431 vel
1777 3383 1833 3431 de
1869 3386 2084 3432 unctione
2131 3383 2236 3431 olei.
2291 3384 2380 3433 Sed

1384 3462 1465 3509 cfr.
1515 3463 1702 3512 Cardin.
1755 3464 1854 3513 Orsi
1896 3469 1950 3513 in'
1980 3467 2057 3513 cit.
2094 3465 2268 3514 dissert.
2302 3465 2381 3514 De

1382 3543 1633 3593 chrismate
1663 3547 2039 3610 confirmatorie,
2072 3549 2181 3612 qui,
2201 3565 2302 3613 cap.
2337 3564 2377 3596 ι,

1382 3624 1408 3691 §
1436 3643 1462 3691 7
1489 3665 1502 3688 ,
1531 3631 1703 3693 egregie
1732 3629 2000 3694 Basnagium
2029 3628 2250 3677 confutat.
