2502 4186
258 213 380 275 210
886 231 1213 270 rama-arus
1256 232 1324 267 nn
1368 231 1766 271 nuenanrs‘ru.

343 368 481 435 127.
533 372 620 433 Ad
663 372 783 446 5¹¹¹,
819 371 973 452 Neq.
1003 369 1193 430 Probe
1234 372 1395 431 enim
1426 383 1717 431 noverant
1748 372 2042 453 Apostoli,
2087 376 2389 436 auctorita-

261 484 382 533 tem
431 467 648 528 Christi
699 465 828 525 Filii
877 466 983 525 Dei
1034 465 1462 548 praeferendam
1514 487 1637 526 esse
1685 467 2024 526 testimonio
2072 491 2386 546 sensuum,

259 585 510 648 quorum
544 561 836 636 officium,
874 572 942 619 ut
979 562 1189 643 saepius
1222 560 1478 620 diximus
1503 606 1518 635 ,
1559 583 1680 620 non
1722 572 1811 620 est
1856 563 2200 623 renunciare
2248 566 2390 625 sub-

256 659 535 718 stantiam
559 655 800 735 alicujus
832 655 1076 734 objecti,
1106 655 1210 716 sed
1238 655 1555 734 objectivas
1593 667 1830 715 tantum
1866 655 2219 716 affectiones,

340 753 476 813 128.
526 751 614 812 Ad
650 753 771 827 δῶ,
815 751 967 832 Ney.
1016 753 1235 833 pariter
1274 750 1546 812 eamdem
1582 750 1657 810 ob
1700 773 1956 812 causam.
2022 753 2390 815 Manifestam

251 870 429 930 porro
482 869 607 908 esse
654 857 783 905 tum
828 846 1209 929 praecedentis
1265 858 1392 906 tum
1450 845 1623 924 hujus
1675 848 2004 927 argumenti
2060 847 2345 907 fallaciam
2371 895 2388 926 ‚

253 967 325 1005 ex
360 967 429 1005 eo
467 944 687 1026 liquet,
732 942 890 1025 quod
935 941 1150 1002 exinde
1192 952 1578 1025 sequeretur,
1625 942 1928 1023 Apostolos
1965 965 2089 1002 non
2135 947 2391 1025 potuisse

250 1038 363 1099 sibi
389 1038 748 1122 persuadere
766 1083 782 1114 ,
801 1040 838 1098 J
842 1059 1008 1097 esum
1033 1037 1333 1097 Christum
1354 1038 1527 1097 fuisse
1542 1039 1733 1096 Deum
1754 1037 1930 1096 simul
1960 1049 2018 1098 et
2042 1038 2346 1098 hominem
2370 1063 2387 1112 ς

251 1156 387 1195 oum
415 1156 620 1194 eorum
647 1155 851 1193 sensus
890 1134 1029 1215 ipsis
1052 1155 1176 1192 non
1201 1132 1551 1193 exhiberent
1576 1133 1876 1192 Christum
1899 1179 1916 1208 a
1941 1133 2054 1192 nisi
2088 1146 2155 1194 ut
2196 1134 2394 1194 homi-

249 1252 389 1290 nem
407 1275 424 1304 ,
459 1229 710 1310 ideoque
742 1227 1067 1288 humanam
1096 1249 1434 1310 personam.
1464 1230 1539 1288 At
1560 1240 1788 1288 certum
1816 1240 1904 1288 est
1925 1275 1941 1305 .‚
1972 1250 2068 1288 eos
2095 1229 2391 1290 Christum

245 1336 314 1384 ut
347 1328 538 1384 Deum
563 1323 946 1406 divinamque
975 1344 1290 1405 personam
1319 1323 1609 1384 habuisse.
1640 1324 1812 1398 Quod
1845 1346 1986 1386 vero
2016 1324 2285 1404 adjicitur
2314 1323 2387 1385 de

245 1419 527 1479 conflictu
568 1419 725 1479 inter
758 1418 1063 1502 physicam
1093 1409 1154 1478 et
1183 1418 1470 1479 moralem
1512 1419 1925 1480 certitudinem
1950 1465 1966 1495 7
1999 1424 2123 1499 jam
2155 1419 2387 1501 pridem

249 1514 528 1574 diluimus
557 1514 683 1596 (l);
718 1535 898 1597 quare
934 1536 1056 1574 non
1085 1535 1321 1576 necesse
1346 1525 1436 1574 est
1461 1514 1551 1574 his
1585 1516 1754 1595 nugis
1782 1515 1999 1575 diutius
2030 1516 2301 1577 detineri.

1132 1719 1378 1779 CAPUT
1421 1720 1497 1779 11.

329 1880 398 1916 lm
442 1878 593 1916 MODO
637 1873 751 1929 QUO
795 1878 1063 1916 CHRISTUS
1101 1880 1187 1917 Fl'r
1226 1879 1482 1917 PRAESENS
1526 1880 1587 1916 m
1631 1878 2050 1931 EUGHARIST1A‚
2089 1882 2192 1920 SEU
2235 1883 2303 1919 1>ss

960 1973 1680 2012 TRANSSUBSTANTIATIONE.

334 2172 470 2230 129.
517 2172 895 2232 Conveniunt
931 2169 1252 2230 Lutherani
1280 2190 1416 2230 cum
1450 2170 1762 2231 Catholicis
1788 2172 1850 2230 in
1878 2172 2214 2254 profitenda
2239 2172 2380 2234 reali

245 2267 519 2350 Corporis
560 2278 620 2326 et
663 2266 970 2346 Sanguinis
998 2267 1237 2325 Domini
1272 2267 1586 2349 praesentia
1621 2267 1684 2325 in
1722 2267 2112 2343 Eucharistia3
2152 2268 2381 2329 dissen-

244 2365 403 2424 tiunt
440 2386 579 2426 vero
613 2364 762 2423 circa
800 2363 1079 2439 modum,
1119 2385 1236 2446 quo
1271 2364 1491 2424 Christi
1528 2365 1751 2446 Corpus
1790 2376 1850 2424 et
1887 2366 2131 2446 Sanguis
2166 2367 2231 2424 in
2270 2368 2378 2426 Sa-

243 2471 546 2520 cramento
570 2460 884 2542 praesentia
907 2460 1079 2518 fiunt.
1115 2460 1487 2520 Unanimiter
1513 2460 1675 2520 enim
1702 2472 1992 2543 respuunt
2028 2460 2373 2520 catholicam

245 2555 573 2616 doctrinam
590 2555 663 2616 de
679 2553 1361 2630 transsubstantiatione3
1388 2567 1448 2615 at
1462 2557 1524 2615 in
1541 2555 1799 2617 diversas
1815 2556 2134 2615 sententias
2154 2554 2375 2616 abeunt

241 2651 307 2709 in
349 2650 697 2733 exponenda
732 2651 996 2725 ratione,
1044 2673 1158 2733 qua
1222 2651 1485 2710 Christus
1528 2652 1596 2710 fit
1633 2672 1890 2733 praesens
1945 2652 2028 2709 ac'
2063 2662 2262 2710 manet
2308 2652 2370 2711 in

242 2746 621 2806 Eucharistia.
649 2745 934 2806 Nonnulli
953 2746 1111 2806 inter
1131 2767 1228 2806 eos
1253 2747 1607 2809 invexerunt
1628 2746 1911 2805 unionem
1941 2745 2369 2828 hypostaticam

245 2840 421 2900 Verbi
451 2841 736 2900 incarnati
771 2862 904 2900 cum
933 2862 1087 2924 pane
1108 2887 1123 2917 ,
1160 2838 1339 2923 quam
1371 2842 1650 2901 unionem
1682 2840 2061 2923 appellarunt
2091 2846 2373 2922 impana-

242 2940 501 3004 tionem5
529 2936 625 2996 alii
649 2935 1021 2996 affirmarunt
1053 2936 1273 2997 Christi
1299 2939 1520 3019 Corpus
1551 2957 1675 2997 esse
1700 2941 1771 2996 in
1793 2958 1980 3019 pane,
2011 2959 2151 2997 cum
2183 2959 2368 3019 pane,

238 3155 382 3205 verba
401 3154 706 3204 :Ferebatur
728 3155 961 3204 manibus
990 3156 1094 3204 suis
1117 3173 1135 3204 .-
1159 3155 1272 3204 Hoc
1353 3164 1513 3205 autem
1533 3158 1831 3208 invenimus.
1855 3158 2125 3207 Ferebatur
2146 3158 2370 3207 Christus

241 3250 356 3286 vero
371 3273 388 3300 ‚
423 3240 581 3304 inquit
602 3275 617 3299 ,
640 3237 821 3304 fratres
830 3272 848 3299 ,
868 3237 1098 3303 quomodo
1111 3245 1273 3304 posset
1352 3240 1581 3288 manibus
1617 3242 1723 3288 suis
1741 3277 1756 3301 ‚
1802 3241 1996 3307 quando
2031 3240 2368 3289 commendans

237 3320 354 3385 fieri
374 3321 430 3367 in
450 3319 643 3368 homine
661 3355 677 3380 ‚
706 3323 819 3385 quie
845 3320 1122 3386 intelliqat?
1143 3322 1271 3385 Quis
1351 3323 1515 3387 ipsum
1542 3323 1730 3390 Corpus
1756 3341 1901 3372 suum
1917 3322 2153 3372 ait.·.Hoe
2180 3330 2248 3370 eet
2261 3337 2365 3371 eor-

240 3404 372 3451 em‘m
398 3410 627 3468 portatur
654 3402 886 3451 manibus
918 3405 1063 3451 suis?
1089 3404 1269 3452 Mani·
1343 3420 1444 3470 pus
1466 3406 1855 3472 meum;serebat
1867 3408 1999 3454 enim
2021 3403 2140 3453 illud
2163 3406 2365 3470 (corpus)

242 3484 332 3533 bus
394 3483 602 3532 aliorum
650 3486 844 3550 portari
892 3492 1049 3549 potest
1091 3485 1228 3534 homo
1245 3506 1265 3544 ;
1347 3489 1405 3535 in
1440 3489 1668 3538 manibus
1706 3490 1830 3538 suis.
1863 3489 1919 3537 In
1955 3487 2190 3554 Rhythmo
2224 3490 2364 3536 etiam

240 3567 471 3615 manibus
485 3568 589 3615 suis
602 3583 740 3615 nemo
744 3575 990 3634 portatur.
1013 3567 1264 3634 Quomodo
1347 3570 1560 3621 Ecclesiae
1587 3572 1787 3621 dicitur:
1807 3568 1872 3622 Se
1888 3570 1972 3619 dat
1986 3571 2091 3618 suis
2117 3569 2360 3617 manibus.

241 3648 546 3716 intelliqatar
574 3652 633 3698 in
666 3650 771 3716 ipso
810 3648 979 3698 David
999 3651 1262 3698 seeundum
1415 3655 1478 3718 (l)
1515 3645 1670 3705 Tract.
1691 3654 1771 3703 De
1786 3671 1899 3703 vera
1920 3652 2168 3717 reliquom,
2184 3671 2238 3702 n.
2269 3668 2359 3717 177

240 3728 450 3781 litteram
477 3744 582 3781 nori
613 3733 893 3782 invenimus
908 3749 932 3794 ,·
974 3734 1032 3780 in
1062 3731 1261 3782 Christo
1345 3745 1390 3784 et
1419 3753 1518 3803 seq.
