2502 4186
2105 222 2225 282 459

640 239 761 280 CAP.
809 241 866 280 V.
916 240 982 276 DE
1026 239 1305 291 MATERIA„
1350 238 1567 289 Ponam,
1610 237 1738 278 E'rc.

130 378 213 428 est
234 369 490 448 facilius
513 369 770 427 dicere...
793 369 1216 427 Dimittuntur
1230 376 1480 445 peccata
1503 377 1608 426 teca
1623 409 1646 439 ,
1673 390 1753 427 an
1775 369 1969 428 dicere
1991 393 2009 428 .·
2030 360 2227 451 'Surqe

128 474 184 520 et
215 461 508 525 ambula?
549 464 683 522 Haec
720 462 924 521 omnia.
944 470 1223 542 praeterea
1265 461 1685 522 confirmantur
1710 509 1727 538 ,
1776 476 1842 523 ut
1873 463 2047 546 paulo
2090 476 2228 524 ante

129 557 646 618 animadvertimus
667 601 683 631 .,
713 578 784 616 ex
806 554 1147 636 metaphora
1174 561 1478 623 οἰαυίιιηις
1505 557 1694 619 claves
1718 561 1882 618 enim
1911 559 2084 619 alicui
2114 572 2228 637 tra-3

129 653 382 726 duntur,
422 673 541 709 non
572 662 638 708 ut
671 650 924 710 declaret
954 650 1092 708 ostia
1129 649 1314 708 clausa
1355 662 1455 709 aut
1491 665 1690 727 aperta
1722 676 1877 729 esse,
1925 655 2028 714 sed
2066 666 2130 713 ut
2160 676 2225 715 ea

127 748 315 827 reipsa
354 756 453 804 aut
484 746 705 826 aperiat
749 757 849 805 aut
886 743 1114 803 claudat
1158 744 1284 822 (l)3
1332 765 1463 803 cum
1506 747 1678 826 igitur
1720 749 1981 808 Christus
2036 749 2227 809 claves

127 841 369 900 tradidit
401 840 709 922 ApostoliS‚
743 840 1106 919 significavit,
1127 860 1186 897 se
1205 840 1339 919 ipsis
1363 861 1564 900 revera
1595 841 2227 924 tribuere‘potestatem

87 933 89 935 ’
128 945 359 1017 peccata
387 946 486 992 aut
507 934 840 994 remittendi
860 946 960 993 aut
976 932 1301 1009 retinendi,
1324 955 1443 992 non
1471 947 1665 995 autem
1682 936 1872 996 solum
1895 937 2228 999 declarandi

125 1028 222 1088 illa
257 1050 378 1087 esse
406 1041 506 1087 aut
531 1030 766 1088 remissa
794 1040 895 1107 aut
927 1039 1176 1088 retenta.

205 1123 347 1181 230.
399 1123 464 1182 Id
480 1124 671 1205 ipsum
689 1122 990 1182 conficitur
1019 1144 1090 1182 ex
1115 1122 1455 1182 auctoritate
1481 1126 1719 1184 Patrum
1744 1171 1760 1201 7
1788 1147 2036 1207 quorum
2071 1129 2228 1187 testi-

125 1219 323 1276 monia
360 1219 619 1299 superius
657 1217 976 1277 attulimus.
1012 1219 1094 1276 Ex
1137 1217 1206 1276 iis
1242 1219 1401 1277 enim
1431 1218 1739 1279 edocemur
1776 1243 1790 1279 ε
1829 1224 1892 1280 1⁰
1925 1221 2229 1282 Christum

127 1312 321 1372 delere
348 1325 578 1395 peccata
606 1335 712 1395 per
746 1313 1159 1372 Poenitentiam
1200 1313 1521 1383 ministerio
1555 1315 1964 1391 Sacerdotum3
2010 1319 2076 1376 2⁰
2118 1320 2232 1378 Sa-

126 1409 384 1470 cerdotes
419 1408 617 1468 sedere
646 1407 870 1487 judices
907 1408 970 1466 in
1006 1407 1283 1467 tribunali
1309 1411 1710 1485 Poenitentiae3
1740 1412 1805 1471 30
1832 1412 2066 1472 illorum
2092 1436 2229 1474 sen·

128 1504 373 1563 tentiam
403 1502 532 1578 coeli
561 1504 913 1562 sententiam
938 1504 1200 1577 anteire
1235 1504 1674 1565 immunditiam
1703 1506 1776 1565 ab
1807 1509 2000 1576 anima
2029 1508 2231 1590 procul

127 1620 318 1658 arcere
341 1643 356 1672 7
397 1597 521 1658 solv
525 1619 619 1657 erc
646 1609 1016 1680 peccatorum
1041 1597 1306 1673 vincula,
1337 1599 1669 1659 Sacerdotes
1692 1613 1969 1682 praestare
1999 1603 2235 1682 Angelis

128 1704 186 1752 et
210 1691 615 1771 Archangelis
653 1691 863 1773 quibus
893 1692 1017 1750 haec
1049 1702 1303 1773 potestas
1342 1692 1547 1752 collata
1579 1716 1702 1753 non
1736 1707 1844 1754 est.
1875 1697 2011 1755 Haec
2034 1708 2231 1756 autem

126 1786 349 1867 aliaque
393 1785 674 1863 ejusmodi
723 1785 934 1844 lusorie
975 1786 1533 1864 pronunciarentur,
1578 1789 1625 1847 si
1675 1789 2063 1850 decretorium
2111 1814 2233 1850 non

127 1892 314 1954 esset,
354 1880 456 1939 sed
490 1872 677 1938 solum
715 1877 1160 1939 d'eclaratorium
1198 1881 1573 1942 Sacerdotum
1597 1883 1880 1961 judicium
1917 1885 2031 1965 (2).
2075 1887 2232 1944 Con—

125 1975 407 2034 troversia
438 1974 674 2034 demum
695 2018 711 2047 ,
738 1996 866 2056 quae
899 1975 1081 2053 viguit
1106 1975 1261 2034 inter
1290 1975 1612 2042 Catholicos
1646 1990 1821 2060 atque
1847 1981 2230 2039 Montanistas

126 2081 185 2128 et
216 2069 570 2130 Novatianos
608 2089 723 2128 see.
760 2071 812 2127 II
849 2079 908 2127 et
945 2071 1024 2127 111
1055 2068 1202 2127 circa
1240 2070 1501 2130 Ecclesiae
1536 2083 1889 2153 potestatem
1927 2075 1990 2132 in
2028 2075 2232 2134 remit—

194 2291 261 2357 (l)
298 2291 468 2339 Mirum
487 2307 582 2339 esse
606 2306 701 2338 non
717 2289 881 2349 debet,
913 2290 951 2337 si
973 2287 1130 2338 Chris-

129 2384 203 2421 tus
237 2379 391 2421 utatur
420 2371 607 2421 vocibus
633 2370 848 2418 solvendi
867 2381 944 2419 aut
976 2371 1130 2436 loqui-

128 2463 204 2502 tur
234 2455 290 2502 de
330 2454 532 2503 clavibus
557 2490 571 2512 ‚
621 2453 875 2501 dummodo
908 2455 1023 2501 ratio
1059 2451 1133 2500 ha-

127 2537 292 2585 beatur
314 2555 424 2592 usus
455 2553 562 2585 serae
585 2573 598 2595 ‚
627 2554 726 2601 quae
754 2535 991 2583 obtinebat
1011 2534 1133 2599 apud

130 2618 360 2667 Hebraeos.
397 2617 505 2666 Sera
528 2620 653 2666 enim
675 2635 772 2666 non
803 2627 897 2665 erat
917 2619 1004 2664 nisi
1032 2634 1135 2681 pes·-

130 2700 255 2747 sulus
282 2701 459 2765 ligneus
492 2700 707 2749 volubilis
736 2700 876 2747 valvae
906 2709 1045 2764 portae
1066 2698 1134 2746 af-

131 2782 248 2830 fixus
274 2819 287 2842 ‚
335 2785 415 2848 qui
454 2782 797 2847 ingrediebatur
837 2784 886 2828 in
929 2782 1136 2829 foramen

130 2866 270 2928 postis
289 2901 302 2922 ‚
343 2873 388 2912 et
415 2866 568 2912 incisis
600 2863 880 2929 quibusdam
922 2862 1136 2911 dentibus

131 2947 365 2995 incidebat
404 2949 454 3001 in
497 2958 735 3011 rostrum3
780 2965 919 3014 quare
950 2948 1132 3008 lorum,

133 3039 210 3076 aut
242 3029 430 3076 sortasse
459 3028 552 3076 duo
583 3029 678 3076 lora
704 3030 882 3093 pessulo
923 3047 1098 3077 annexa
1120 3065 1134 3089 ,

133 3128 213 3175 per
240 3110 445 3171 foramen
478 3110 774 3175 permeabant
796 3113 846 3158 in
866 3113 1137 3159 exteriorem

134 3203 273 3256 portae
302 3193 463 3242 faciem
485 3229 498 3252 ‚
528 3209 722 3258 quorum
753 3190 890 3239 altero
915 3201 1104 3240 attracto
1121 3228 1134 3253 ,

134 3275 340 3337 pessulus
365 3290 474 3323 serae
492 3277 541 3322 in
570 3275 776 3322 foramen
802 3275 942 3338 postis
958 3291 1138 3338 promo-

137 3354 326 3403 vebatur
352 3394 364 3416 ‚
398 3367 440 3403 et
464 3356 676 3404 dentibus
704 3359 753 3403 in
794 3355 910 3403 illud
939 3365 1138 3404 rostrum

137 3437 398 3495 incidebat,
428 3449 479 3486 ut
507 3438 675 3486 retrahi
707 3455 799 3485 non
831 3447 993 3502 posset.
1018 3437 1137 3502 Ape-

138 3522 258 3566 riens
309 3519 510 3567 habebat
555 3519 731 3567 clavem
778 3519 980 3583 ligneam
1035 3521 1140 3567 satis

138 3618 350 3666 magnam
382 3612 425 3649 et
453 3602 593 3649 instar
616 3601 745 3649 falcis
773 3602 999 3649 aduncam
1016 3637 1030 3661 ‚
1049 3619 1140 3668 qua

138 3699 219 3746 per
268 3684 475 3732 foramen
530 3685 732 3731 immissa
795 3683 1027 3747 pessulum
1085 3700 1139 3732 ex

1218 2297 1362 2335 rostro
1389 2288 1658 2338 sublevabat
1690 2301 1734 2338 et
1771 2291 1897 2340 alteri
1927 2292 2023 2341 loro
2054 2293 2235 2344 subtra-

1219 2368 1388 2432 hebat3
1424 2371 1549 2435 quod
1585 2372 1834 2421 utfacilius
1866 2373 2130 2438 perficeret,
2163 2387 2233 2424 at·

1221 2450 1429 2499 trahebat
1444 2453 1501 2501 ad
1516 2470 1563 2501 se
1579 2464 1777 2518 portam.
1807 2454 1961 2504 Clavis
1975 2474 2028 2504 ex
2047 2458 2233 2506 metallo

1223 2533 1432 2582 confecta
1465 2544 1509 2581 et
1530 2553 1869 2601 nonnunquam
1890 2555 1998 2585 ansa
2029 2538 2232 2588 eburnea

1223 2625 1381 2663 ornata
1403 2633 1497 2665 aevo
1528 2619 1807 2666 monarchiae
1824 2618 2059 2668 Hebraicae
2086 2639 2111 2668 a
2133 2622 2230 2669 dis·

1223 2707 1459 2761 pensatore
1489 2700 1653 2747 domus
1687 2702 1819 2764 regiae
1840 2735 1854 2762 ‚
1905 2712 2125 2768 tanquam
2160 2706 2234 2750 in-

1223 2781 1349 2844 signe
1379 2782 1450 2828 sui
1471 2784 1702 2841 muneris,
1731 2784 1781 2830 in
1806 2783 1998 2833 humero
2026 2785 2235 2848 gestaba-

1224 2871 1311 2911 tur.
1339 2862 1401 2910 Is.
1431 2864 1530 2911 xxii
1548 2899 1562 2922 ,
1585 2862 1664 2912 25.
1692 2863 1787 2913 Cfr.
1811 2865 1933 2915 Jahn
1951 2901 1965 2926 ‚
1988 2865 2231 2916 Archaeol.

1222 2943 1452 3004 Biblioa,
1489 2944 1515 3010 §
1550 2945 1633 3010 37.

1295 3027 1359 3088 (ἓ)
1398 3026 1495 3076 Cfr.
1518 3027 1687 3076 Morin.
1710 3027 1788 3076 De
1807 3028 1991 3078 Poenit.
2024 3028 2108 3076 lib.
2128 3046 2230 3090 vm,

1225 3125 1324 3171 cap.
1361 3125 1378 3154 1
1405 3146 1417 3168 ‚
1436 3108 1518 3156 ubi
1548 3110 1930 3159 luculentissimis
1959 3114 2234 3159 testimoniis

1224 3189 1411 3236 Patrum
1432 3228 1444 3247 ‚
1463 3190 1656 3256 aliisque
1683 3196 1997 3241 monumentis
2019 3211 2071 3241 ex
2089 3194 2235 3241 eccle-

1226 3274 1403 3320 siastica
1436 3273 1622 3321 historia
1658 3277 1841 3338 petitis,
1879 3275 2108 3336 ostendit,
2154 3277 2233 3341 qui

1225 3371 1403 3419 semper
1437 3357 1573 3404 fuerit
1590 3356 1804 3406 Ecclesiae
1824 3375 1982 3406 sensus
2002 3361 2120 3405 circa
2139 3361 2233 3404 vim

1225 3446 1268 3485 et
1309 3437 1555 3486 efficaciam
1588 3439 1885 3488 absolutionis
1929 3438 2233 3486 sacerdotalis.

1228 3519 1326 3570 cfr.
1370 3505 1514 3569 etiam'
1546 3519 1778 3570 Sirmondi
1807 3557 1822 3580 ,
1868 3519 2000 3567 Hice.
2049 3519 2231 3567 Poenit.

1215 3603 1354 3669 publ.
1381 3621 1479 3668 cap.
1521 3619 1536 3650 1
1554 3619 1597 3651 1.
