2502 4186
337 230 458 294 2¹70
947 250 1265 294 rueramus
1311 252 1380 288 nn
1423 251 1814 291 nuensmsus.

336 393 665 465 Sociniani.,
690 388 1092 468 Methodistae‚
1120 391 1547 469 Rationalistae‚
1588 393 1899 453 veritatem
1929 397 2199 459 Sacrificii
2227 405 2462 484 proprie

335 490 476 549 dicti
498 497 821 594 respuuntg
853 485 957 548 sed
979 497 1040 547 et
1071 487 1182 569 ipsi
1203 488 1560 563 Lutherani‚
1599 488 1701 570 qui
1725 488 2024 549 Christum
2053 494 2286 557 realiter
2317 521 2464 580 pree-

335 594 567 644 sentem
603 583 668 641 in
705 583 1086 643 Sacramento
1123 582 1483 658 admittunt
1526 583 1782 663 ejusdem
1831 587 2106 647 Sacrificii
2150 594 2463 655 veritatem

336 679 675 739 inficiantur
702 722 718 752 ,
748 678 914 758 quasi
929 678 1217 741 Sacrificio
1233 680 1413 738 crucis
1438 680 1798 758 injuriosam.
1827 682 2052 741 Horum
2071 685 2228 744 enim
2253 711 2462 769 parens

336 773 627 834 Lutherus'
662 773 1049 850 Sacrificium,
1090 775 1248 855 quod
1270 774 1332 833 in
1356 775 1726 836 Eucharistiae
1761 776 2459 860 celebratione'offertur‚

336 881 508 942 vocat
529 871 1041 930 abominationem
1059 913 1081 941 ,
1111 891 1177 929 ac
1204 870 1268 930 in
1302 870 1587 953 colloquio
1609 917 1624 946 a
1666 872 1823 954 quod
1847 895 1980 933 cum
2012 876 2167 935 malo
2199 877 2462 942 daemone

335 965 544 1027 hahuit
563 1011 579 1039 ,
604 967 823 1026 fatetur
843 1011 859 1041 ‚
888 965 1235 1026 mendacem
1258 967 1415 1027 hunc
1448 969 1723 1049 spiritum
1760 968 1871 1028 sibi
1899 983 2197 1034 auctorem
2233 987 2292 1034 et
2328 999 2463 1037 sua-

332 1082 529 1121 sorem
555 1062 734 1120 fuisse
771 1060 847 1120 ad
880 1060 1288 1143 abrogandum
1326 1064 1514 1123 Missae
1556 1065 1912 1124 Sacrificium
1965 1068 2074 1148 (1.)
2134 1071 2460 1132 Concilium

324 1156 745 1217 'Tridentinum
766 1157 1140 1218 anathemate
1162 1158 1320 1219 hunc
1347 1181 1607 1220 errorem
1644 1160 1895 1242 perculit
1914 1206 1930 1235 ,
1972 1183 2111 1223 sess
2154 1167 2314 1226 XXII
2343 1213 2359 1242 7
2403 1179 2460 1226 et

333 1253 544 1333 dogma
573 1252 924 1314 catholicum
955 1255 1201 1313 asseruit
1234 1267 1484 1336 quatuor
1520 1254 1841 1316 canonibus
1864 1302 1880 1332 7
1909 1280 2052 1338 quos
2071 1264 2195 1338 jam
2223 1262 2461 1342 subjici-

331 1371 481 1408 mus,
520 1348 660 1408 Can.
695 1351 718 1407 I
758 1371 772 1407 z
809 1350 882 1407 Si
912 1353 1050 1427 quis
1093 1351 1352 1423 dia-erit,
1390 1357 1461 1411 in
1485 1353 1692 1413 ‚Missa
1719 1374 1840 1412 non
1867 1355 2075 1432 offerri
2096 1358 2216 1416 Deo
2250 1379 2462 1418 verum

330 1455 386 1502 et
406 1448 742 1524 proprium
778 1445 1204 1524 Sacrificium,
1252 1457 1366 1504 aut
1392 1450 1553 1525 quod
1573 1449 1775 1527 offerri
1805 1470 1927 1507 non
1963 1453 2044 1508 sit
2066 1453 2245 1514 aliud
2275 1476 2464 1532 quam

330 1541 504 1599 nobis
532 1540 844 1602 Christum
865 1542 952 1600 ad
968 1542 1477 1602 manducandum
1503 1544 1675 1612 dari,
1705 1545 2031 1604 anathema
2058 1551 2155 1606 sit.
2185 1547 2323 1606 Can,
2363 1550 2414 1607 II
2442 1575 2458 1609 ε

328 1637 401 1697 Si
435 1641 578 1715 quis
606 1638 864 1713 dixerit,
890 1638 1015 1696 illis
1053 1639 1250 1698 verbis
1291 1661 1309 1698 .·
1351 1640 1482 1699 Hoc
1507 1644 1695 1719 facite
1719 1645 1786 1698 in
1816 1663 2011 1702 meam
2036 1664 2463 1705 commemora·—

328 1736 545 1792 tionem
562 1775 587 1804 ,
630 1732 940 1792 Christum
963 1754 1086 1792 non
1120 1738 1451 1794 instituisse
1472 1736 1774 1815 Apostolos
1809 1740 2179 1810 Sacerdotes,
2208 1751 2465 1815 autnon

328 1828 673 1900 ordinasse,
711 1838 782 1887 ut
810 1831 938 1908 ipsi
977 1831 1206 1909 aliique
1242 1831 1578 1890 Sacerdotes
1619 1833 1896 1912 offerrent
1943 1834 2172 1913 Corpus
2211 1845 2267 1893 et
2299 1837 2460 1894 San-

312 1928 572 2004 yuinem
601 1945 822 1995 suum,
853 1926 1178 1984 anathema
1208 1930 1304 1984 sit.
1340 1927 1478 1985 Can.
1520 1928 1598 1986 ΙΙΙ
1634 1949 1646 1985 :
1688 1930 1762 1988 Si
1794 1932 1933 2009 quis
1961 1930 2222 2000 dixerit,
2253 1931 2329 1990 M
2328 1936 2458 1989 issoe

326 2019 714 2098 Sacrificium
745 2029 988 2078 tantum
1025 2042 1139 2079 esse
1179 2022 1384 2080 laudis
1411 2033 1466 2079 et
1483 2027 1837 2102 qratiarum
1877 2030 2130 2084 actionis
2152 2067 2175 2096 ,
2213 2036 2326 2083 aut
2347 2048 2458 2084 nu—

324 2115 470 2173 dam
502 2120 1123 2176 commemorationem
1148 2118 1457 2196 Sacrificii
1480 2123 1550 2176 in
1590 2141 1767 2178 cruce
1789 2125 2066 2199 peracti,
2104 2142 2225 2179 non
2253 2132 2458 2180 autem

322 2215 830 2290 propitiatorium
847 2254 869 2284 ,
915 2214 1005 2271 vel
1039 2217 1151 2271 soti
1177 2214 1454 2293 prodesse
1484 2220 1788 2288 sumenti,
1836 2237 2021 2296 neque
2051 2237 2170 2296 pro
2213 2221 2363 2275 vivis
2405 2227 2461 2275 et

323 2308 666 2386 defunctis,
693 2329 812 2386 pro
838 2313 1141 2388 peccatis,
1168 2314 1373 2390 poenis
1396 2355 1412 2385 ,
1456 2314 1982 2391 satisfactionibus
2015 2324 2070 2371 et
2089 2315 2234 2372 aliis
2259 2335 2455 2372 neces·
2498 2300 2502 2305 ⁴

324 2405 610 2463 sitatibus
640 2403 847 2482 offerri
871 2406 1076 2465 debere
1093 2437 1114 2480 ,-
1145 2407 1468 2466 anathema
1491 2412 1594 2467 sit.
1629 2408 1772 2467 Can.
1805 2410 1910 2468 lV:
1941 2411 2015 2468 Si
2031 2414 2169 2488 quis
2191 2410 2449 2478 diderit,

327 2500 766 2579 blasphemiam
804 2504 1080 2581 irroyari
1112 2507 1491 2562 sanctissimo
1539 2503 1771 2564 Christi
1808 2507 2120 2582 Sacrificio
2166 2509 2236 2563 in
2275 2525 2451 2562 cruce

314 2606 596 2674 peracte,
636 2619 754 2676 per
803 2597 878 2656 M
877 2602 1007 2657 issoe
1041 2599 1431 2677 Sacrificium
1452 2644 1468 2676 ,
1527 2612 1641 2660 aut
1675 2603 1775 2661 illi
1817 2622 1932 2681 per
1977 2602 2082 2659 hoc
2131 2601 2447 2679 deroyari‘,

320 2692 651 2751 anathema
673 2696 772 2750 sit.
807 2691 895 2751 Ad
920 2692 1073 2752 hanc
1098 2694 1426 2754 doctrinam
1461 2695 1878 2755 vindicandam
1905 2693 2282 2777 sequentibus
2309 2716 2449 2776 pro-

325 2788 711 2869 positionibus
746 2789 1099 2850 accedimus,

393 3006 463 3070 (l)
500 3005 933 3056 Cfr.Bellarm.De
955 3008 1338 3071 Euchar.lib.v‚
1424 3012 1713 3075 praesentiam
1759 3013 1810 3057 in
1848 3009 2140 3060 Eucharistia
2173 3029 2186 3074 ;
2247 3013 2446 3062 alterum

324 3104 428 3152 cap.
463 3085 523 3148 5,
552 3107 603 3137 n.
638 3088 687 3137 3.
723 3090 790 3137 Ex
819 3091 890 3137 his
914 3091 1304 3156 deprehendimus
1325 3129 1338 3151 ‚
1423 3102 1748 3158 praeceptorem
1766 3093 1988 3143 habuisse
2004 3094 2242 3142 diabolum
2271 3095 2443 3159 ipsum.

321 3170 440 3217 duos
480 3173 657 3234 priores
691 3188 937 3220 sacrorum
983 3173 1337 3234 emendatores,
1425 3175 1667 3241 Quomodo
1703 3194 1801 3224 non
1833 3177 2004 3241 pudeat
2036 3178 2306 3237 haereticos,
2349 3195 2446 3226 sese

315 3253 402 3317 qui
430 3253 549 3299 inter
577 3270 624 3300 se
665 3254 962 3304 decertabant
987 3256 1046 3304 de
1079 3257 1342 3320 principatu
1425 3261 1473 3305 in
1503 3258 1793 3323 disciplinam
1822 3259 1998 3307 tradere
2021 3259 2191 3307 horum
2215 3258 2442 3306 emenda·

320 3332 586 3382 rebellionis
611 3336 828 3386 adversus
849 3337 1105 3387 Ecclesiam
1130 3338 1216 3387 Dei
1237 3356 1349 3387 con·
1432 3349 1586 3389 torum
1606 3379 1618 3401 ‚
1642 3357 1723 3389 seu
1741 3343 1891 3406 potius
1911 3342 2115 3401 diaboli,
2148 3343 2228 3406 qui
2258 3344 2442 3405 utrique

316 3419 469 3464 citatae
487 3454 501 3476 ‚
519 3418 776 3467 Lutherum
797 3437 964 3485 nempe
981 3431 1026 3469 et
1041 3420 1333 3484 Zwinglium‚
1422 3429 1635 3491 magister
1667 3427 1817 3474 extitit
1837 3429 1860 3472 Τ
1891 3425 1989 3474 Nec
2023 3428 2148 3474 enim
2181 3425 2291 3472 talia
2317 3443 2340 3471 a
2358 3423 2442 3471 Ca·

314 3499 519 3547 alterum
546 3502 818 3566 magistrum
850 3503 1071 3551 babuisse
1099 3506 1335 3568 spiritum,
1422 3508 1603 3557 tholicis
1640 3511 1892 3573 excogitata
1945 3519 2082 3570 sunt3
2134 3506 2214 3555 sed
2255 3508 2441 3570 ipsimet

315 3598 459 3646 quem
475 3584 578 3647 ipse
592 3584 847 3641 nesciebat,
865 3585 996 3632 albus
1011 3603 1071 3634 ne
1089 3602 1151 3633 an
1165 3597 1262 3635 ater
1277 3604 1340 3634 es·
1423 3591 1728 3640 haeresiarchae
1761 3608 1812 3640 ea
1837 3592 1998 3639 litteris
2027 3591 2368 3654 consignarunt.

316 3672 410 3722 eet,
422 3667 556 3730 cujus
568 3665 757 3714 hortatu
780 3669 966 3731 negavit
989 3667 1157 3716 realem
1170 3667 1341 3717 Christi
