2502 4186
584 281 706 318 car.
753 279 832 319 ιν.
876 281 945 317 nn
986 279 1252 317 mmmm-13
1277 301 1295 333 7
1338 278 1479 320 vocs
1508 300 1525 332 7
1570 277 1693 314 nro.
2061 253 2180 316 363

80 421 276 481 culiari
307 421 529 481 honore
569 423 840 482 fruantur
861 468 878 497 7
917 432 1144 482 constat
1178 442 1250 481 ex
1283 421 1407 503 ipso
1445 419 1862 503 Apocalypseos
1906 419 2056 482 libro
2101 420 2179 482 ab

48 540 54 550 ³
77 516 420 574 adversariis
464 515 687 594 objecto
706 561 723 590 7
774 515 874 575 ubi
917 516 1125 594 legitur
1172 537 1185 573 :
1243 516 1367 594 Qui
1401 518 1646 589 vicerit7
1699 516 1853 574 dabo
1890 521 1951 575 ei
1985 517 2179 575 sedere

75 630 308 668 mecum
335 615 404 668 in
433 611 641 668 throno
662 631 822 676 meo;
848 614 1004 670 sicut
1033 621 1092 669 et
1113 631 1209 690 eqo
1245 613 1401 679 vici,
1434 619 1491 667 et
1519 610 1647 668 sedi
1669 631 1807 668 cam
1833 612 2018 669 Patre
2050 632 2180 670 meo

76 707 145 761 in
179 705 388 762 throno
425 709 551 781 ejus
592 703 614 785 (
640 705 777 786 Cap.
826 706 941 779 111,
982 705 1055 762 21
1082 703 1125 784 ).
1170 702 1322 777 Quid
1369 703 1547 783 magis
1592 724 1913 762 consonum
1933 750 1949 779 7
1996 726 2177 786 quam

75 808 142 855 ut
169 802 338 875 juxta
367 797 615 876 effigiem
651 798 864 857 Christi
898 798 1130 858 Domini
1165 819 1196 857 e
1224 818 1390 856 cruce
1435 796 1747 879 pendentis
1789 797 2052 858 membra
2081 799 2178 860 di-

77 889 294 949 laniata
318 911 519 950 eorum
549 891 861 969 resideant,
882 893 979 973 qui
1004 913 1036 952 e
1059 913 1226 952 cruce
1239 892 1519 954 virtutem
1539 892 1798 974 patiendi
1821 904 2128 952 traxerunt
2144 894 2172 951 P

153 984 291 1043 424.
325 986 415 1044 Ad
438 985 520 1045 41ῃ
540 1036 556 1062 7
585 987 737 1068 Neq.
757 986 915 1063 Quid
937 987 1093 1046 enim
1110 987 1290 1067 magis
1313 988 1582 1049 minusve
1603 988 1860 1047 conferat
1884 988 1960 1046 ad
1982 988 2170 1048 cultus

71 1077 254 1139 divini
289 1081 717 1163 simplicitatem
753 1093 852 1140 aut
891 1072 1159 1142 decorem
1184 1127 1200 1158 7
1226 1081 1300 1155 ab
1337 1082 1582 1143 Ecclesia
1614 1082 1996 1163 judicandum
2046 1094 2133 1143 est
2155 1129 2171 1160 7

69 1193 191 1231 non
226 1186 422 1234 autem
453 1198 485 1234 a
528 1177 768 1258 privatis
795 1174 1129 1236 hominibus
1157 1178 1351 1259 eisque
1387 1177 1661 1237 factiosiS.
1688 1181 1868 1238 Porro
1894 1179 1966 1238 in
1999 1179 2171 1239 Cere-

69 1271 329 1327 moniali
353 1266 793 1350 Episcoporum
824 1269 1059 1351 legitur7
1090 1292 1219 1353 cap.
1250 1272 1378 1345 XII,
1414 1273 1504 1332 De
1536 1278 1799 1348 ornatis,
1828 1275 1947 1334 Sed
1965 1277 2172 1354 ipsum

67 1364 369 1423 ciborium
383 1365 640 1441 floribus
653 1366 1092 1445 frondibusque
1106 1370 1324 1425 ornari
1327 1372 1575 1446 poterit.
1592 1369 1762 1428 Hunc
1780 1380 1981 1429 autem
1995 1390 2172 1429 usum

73 1471 530 1521 consentaneum
550 1483 672 1522 esse
704 1463 1062 1544 antiquitati,
1097 1462 1457 1523 ostendimus
1487 1465 1598 1544 (l).

149 1553 290 1613 425.
323 1557 612 1629 Quoniam
644 1556 910 1616 homines
933 1603 948 1632 7
975 1579 1117 1639 quos
1140 1558 1552 1638 impugnamus
1570 1603 1586 1633 7
1617 1580 1677 1619 se
1699 1571 1850 1619 totos
1873 1563 1930 1621 S.
1963 1563 2168 1642 Augu-

78 1649 233 1708 stino
256 1649 512 1710 addictos
527 1653 878 1733 profitentur
893 1697 909 1726 7
938 1653 1221 1711 coronidis
1237 1654 1418 1732 gratia
1437 1698 1453 1728 7
1483 1675 1668 1712 unum
1695 1667 1795 1714 aut
1818 1655 2069 1715 alterum
2099 1678 2172 1717 ex

68 1743 123 1801 S.
149 1745 392 1803 Doctore
418 1747 818 1805 testimonium
843 1746 1202 1825 subjicimus,
1227 1759 1294 1806 ut
1320 1749 1670 1824 innotescat7
1701 1772 1880 1832 quam
1913 1752 2022 1835 ipsi
2049 1752 2167 1811 suis

65 1838 419 1898 novitatibus
447 1838 762 1899 abscedant
794 1863 826 1899 a
850 1840 1115 1900 sensibus
1142 1843 1198 1902 S.
1217 1842 1480 1902 Praesulis
1505 1844 1916 1926 Hipponensis,
1950 1847 2166 1905 Distin-

65 1952 243 2009 guens
269 1933 444 2013 igitur
466 1934 589 2015 ipse
606 1979 622 2008 7
656 1933 854 2015 Epist.
880 1938 967 1995 ad
982 1927 1368 1996 Janaarium
1393 1983 1409 2013 7
1446 1960 1534 2014 ea7
1566 1962 1698 2018 quoe
1721 1951 1830 2000 toto
1861 1953 2171 2001 terraram

61 2028 198 2085 orbe
219 2040 560 2100 servantur,
584 2029 659 2088 ab
678 2031 765 2107 iis7
783 2053 916 2110 qnoe
929 2053 1045 2110 per
1061 2034 1187 2091 loca
1209 2043 1517 2092 terrarum
1534 2040 1908 2115 reqionesque
1925 2043 2167 2096 varian-

65 2130 203 2193 tur,
239 2120 311 2180 de
339 2121 626 2203 prioribus
656 2124 735 2183 ita
769 2126 1118 2205 pronunciat
1143 2149 1156 2186 :
1187 2128 1261 2185 Si
1278 2130 1433 2206 qnid
1457 2129 1671 2187 horum
1697 2141 1811 2189 tota
1832 2152 1949 2210 per
1969 2133 2167 2190 orbem

58 2215 404 2292 frequentat
416 2218 753 2278 Ecclesia...
780 2225 933 2298 quin
951 2224 1039 2278 ita
1047 2223 1408 2299 faciendum
1432 2228 1545 2295 sit,
1569 2225 1880 2303 disputare
1904 2228 2167 2285 insolen—

66 2312 312 2369 tissimoe
341 2318 602 2372 insania·
626 2325 724 2374 est.
751 2315 836 2374 De
861 2316 1274 2397 posterioribus
1295 2339 1433 2378 vero
1460 2365 1476 2394 7
1517 2319 1767 2380 adducto
1796 2323 1850 2380 S.
1875 2321 2167 2381 Ambrosii

63 2404 236 2462 effato
263 2428 276 2463 :
311 2407 461 2466 Cum
484 2409 744 2468 Romam
773 2417 939 2469 venio
955 2456 975 2482 ,
982 2416 1200 2490 jejuno
1228 2407 1473 2472 sabbato
1499 2438 1519 2481 ,·
1555 2437 1695 2473 cam
1717 2417 1814 2474 liic
1846 2439 1979 2474 sam
1996 2460 2018 2488 ,
2045 2430 2167 2476 'non

44 2503 296 2577 ιγἐῄῑιηο,
332 2503 408 2560 ita
432 2505 800 2586 prosequitur
826 2528 839 2563 ε
870 2492 996 2586 Eyo
1036 2529 1166 2565 vero
1201 2509 1271 2565 de
1303 2509 1415 2567 hac
1453 2515 1742 2568 sententia
1785 2515 1967 2570 etiam
1993 2522 2167 2591 atque

63 2597 242 2653 etiam
271 2601 532 2676 coyitans
546 2643 567 2669 ,
593 2605 682 2657 ita
701 2622 934 2679 semper
958 2603 1152 2660 habui
1162 2645 1185 2674 ,
1209 2613 1504 2682 tanquam
1528 2627 1660 2662 eam
1686 2608 1899 2664 coelesti
1924 2609 2165 2665 oraculo

64 2697 411 2767 acceperim.
442 2693 618 2751 Sensi
635 2700 795 2752 enim
817 2717 967 2775 scepe
984 2698 1182 2755 dolens
1203 2708 1258 2755 et
1268 2720 1501 2776 qemens
1531 2702 1750 2759 multas
1773 2703 2166 2780 infirmorum

55 2787 540 2862 perturbationes
584 2792 720 2869 fieri
772 2813 888 2870 per
946 2796 1349 2871 quorumdam
1395 2799 1679 2874 fratrum
1743 2803 2165 2858 contentiosam

68 2879 564 2942 obstinationem..
578 2928 591 2942 .
621 2890 728 2964 qui
748 2898 872 2953 tam
895 2889 1185 2967 litiyz'osas
1206 2894 1470 2948 excitant
1491 2898 1834 2970 quaestiones
1846 2937 1871 2965 ,
1907 2904 1977 2952 ut
1995 2938 2011 2967 7
2043 2897 2172 2952 nisi

65 2974 226 3051 qnod
248 2977 375 3053 ipsi
387 2979 636 3054 faciunt
650 3023 671 3050 ,
705 2983 868 3040 nihil
893 2993 1122 3041 rectum
1155 2989 1508 3044 eoeistiment.
1539 2989 1789 3046 Demum
1827 2987 2120 3047 concludit
2145 3010 2158 3045 ε

67 3067 196 3126 Nec
224 3069 552 3149 disciplina
583 3075 710 3132 nlla
749 3086 832 3133 est
869 3081 939 3135 in
971 3078 1064 3136 his
1097 3084 1306 3137 melior
1326 3086 1509 3160 yravi
1532 3084 1942 3161 prudentique
1988 3083 2164 3141 Chri-

66 3164 261 3220 stiano
280 3206 295 3228 ,
323 3186 508 3241 quam
544 3178 685 3225 uteo
712 3171 880 3227 modo
907 3183 1083 3250 ayat,
1116 3195 1230 3251 qno
1255 3196 1423 3254 affere
1451 3177 1670 3246 viderit
1686 3178 2055 3250 Ecclesiam,
2083 3179 2171 3236 ad

63 3277 248 3333 quam
283 3261 439 3335 forte
475 3261 786 3321 devenerit.
841 3265 1018 3344 Quod
1051 3270 1214 3326 enim
1259 3292 1440 3348 neque
1479 3283 1683 3329 contra
1715 3274 1932 3350 fidem,
1978 3294 2166 3351 neque

63 3363 270 3411 contra
287 3356 461 3414 honos
479 3378 666 3416 mores
680 3380 792 3418 esse
808 3365 1221 3436 convincitur,
1247 3367 1657 3445 indifferenter
1676 3379 1759 3427 est
1781 3370 2057 3427 habenda
2071 3391 2130 3427 m
2140 3412 2163 3440 ,

65 3458 121 3505 et
132 3460 384 3528 propter
406 3472 609 3510 eorum
622 3496 646 3524 ,
666 3458 826 3512 inter
841 3476 985 3534 quos
1002 3462 1266 3532 vivitur,
1289 3465 1617 3520 societatem
1631 3465 1996 3523 servandum
2019 3474 2161 3522 est...

67 3542 212 3621 Ipsa
227 3549 447 3625 quippe
465 3551 719 3607 mutatio
742 3553 1225 3626 consuetudinis,
1248 3561 1428 3615 etiam
1452 3578 1586 3636 quoe
1603 3559 1857 3637 adjuvat
1881 3559 2162 3628 utilitate,

128 3731 201 3793 (l)
232 3732 352 3784 Ibid.
384 3733 496 3799 §117
532 3754 616 3802 pag
645 3737 761 3802 237.
