2502 4186
313 202 394 263 32
986 222 1302 263 ruci-nus
1343 225 1412 260 nn
1453 224 1737 265 urrisun.

302 369 570 447 paqauis
594 367 889 445 baptizati
904 375 1048 423 suut
1066 409 1082 438 7
1103 365 1295 423 denuo
1317 385 1357 423 a
1373 365 1788 424 Sacerdotibus
1802 371 1867 424 iu
1890 373 2123 427 nomine
2143 369 2248 428 SS.
2280 368 2412 428 Tri-

312 465 526 521 nitatis
573 463 958 538 baptizentur
985 458 1074 536 (l)
1105 483 1121 532 ς
1161 457 1302 517 ibid.
1337 457 1440 516 lib.
1473 461 1545 517 VI
1591 481 1605 515 :
1653 460 1726 517 Si
1745 465 1886 538 quis·⁴
1903 463 2211 540 presbyter
2243 464 2410 522 ordi-

310 567 494 616 natus
535 553 985 632 deprehenderit
1011 597 1027 628 7
1079 574 1137 612 se
1187 575 1307 612 uon
1353 575 1466 612 esse
1511 556 1883 631 baptizatum
1907 598 1930 626 ,
1980 556 2317 634 baptizetur
2359 567 2415 615 et

311 651 629 710 ordinetur
663 652 919 719 iterum,
949 659 1003 706 et
1025 669 1222 707 omues
1254 670 1398 728 quos
1413 654 1599 727 prius
1635 651 1964 727 baptizavit
1986 651 2094 729 (2).
2133 652 2299 729 Ergo,

392 744 490 802 77.
537 744 707 823 Resp.
743 742 958 802 Tram.
995 742 1091 804 vel
1113 765 1244 822 neq.
1282 755 1469 802 antec.
1516 743 1890 824 Exploratum
1919 746 2076 804 enim
2102 757 2187 805 est
2209 791 2223 817 7
2261 767 2413 804 non-

313 839 456 897 dum
478 848 650 897 aetate
687 836 784 894 illa
820 839 1129 896 excitatam
1166 838 1340 898 fuisse
1367 839 1757 919 quaestionem
1793 839 1866 898 de
1907 840 2102 901 valore
2137 839 2414 921 Baptismi

313 933 433 992 dati
484 930 557 991 ab
603 931 867 1004 infideli3
932 931 1067 991 hinc
1118 931 1348 992 nullum
1393 933 1811 992 documentum
1860 934 2051 993 afferri
2103 946 2295 1016 potest
2344 955 2416 993 ex

311 1027 578 1087 Patribus
629 1025 1087 1107 antiquioribus,
1130 1027 1288 1108 quod
1327 1028 1542 1087 directe
1580 1039 1680 1086 aut
1714 1028 1905 1087 faveat
1942 1040 2041 1086 aut
2074 1029 2415 1090 adversetur

315 1121 597 1203 ejusmodi
622 1121 898 1202 Baptismi
920 1121 1121 1182 valori.
1158 1123 1286 1186 Dixi
1317 1125 1569 1188 directe5
1603 1122 1892 1204 siquidem
1916 1124 2127 1183 veritas
2160 1124 2280 1183 haec
2303 1169 2319 1197 7
2350 1133 2417 1181 ut

313 1218 610 1277 innuimus
625 1258 647 1287 ‚
690 1216 852 1278 velut
877 1218 942 1274 in
976 1218 1236 1295 germine
1267 1218 1671 1282 continebatur
1703 1219 1764 1276 in
1810 1217 2071 1276 doctrina
2113 1218 2185 1278 de
2220 1219 2416 1278 valore

314 1311 594 1393 Baptismi
629 1309 700 1367 ab
739 1310 1018 1369 haereticis
1052 1310 1284 1383 collati,
1329 1313 1427 1391 qui
1470 1312 1599 1370 ideo
1635 1311 1790 1371 valet
1823 1316 1990 1389 juxta
2031 1315 2266 1372 Patrum
2307 1315 2416 1374 do-

316 1409 585 1479 ctrinam7
619 1405 752 1485 quia
774 1404 945 1480 hujus
970 1404 1325 1481 Sacramenti
1351 1405 1616 1464 minister
1645 1407 1707 1463 in
1734 1407 1972 1466 nomine
1998 1418 2056 1465 et
2079 1408 2418 1467 auctoritate

318 1501 531 1561 Christi
554 1500 686 1579 agit.
729 1500 866 1558 Haec
895 1498 1054 1557 enim
1088 1491 1301 1578 praeter
1338 1498 1714 1559 traditionem
1738 1512 1825 1559 est
1860 1502 2005 1559 ratio
2029 1503 2327 1583 potissima
2344 1502 2416 1561 ab

314 1597 451 1680 ipsis
477 1596 725 1656 adducta
757 1639 773 1669 7
808 1616 873 1653 ac
901 1596 1220 1675 praesertim
1247 1618 1278 1654 a
1302 1597 1357 1655 S.
1386 1596 1704 1675 Augustino
1723 1642 1738 1671 7
1778 1609 1952 1678 prout
1981 1600 2240 1679 superius
2265 1600 2417 1659 vidi-

315 1714 446 1753 mus
471 1736 487 1767 7
524 1702 591 1749 ut
626 1691 1012 1749 conficeretur
1049 1690 1309 1749 validum
1348 1713 1468 1750 esse
1494 1690 1896 1751 haereticorum
1925 1692 2241 1752 lavacrum.
2281 1694 2419 1753 Haec

316 1801 514 1848 autem
546 1786 694 1845 ratio
722 1807 883 1867 aeque
924 1785 1139 1844 militat
1172 1808 1279 1868 pro
1315 1786 1510 1846 valore
1554 1787 1834 1868 Baptismi
1874 1786 1996 1846 dati
2035 1787 2107 1846 ab
2150 1787 2371 1847 infideli
2399 1833 2416 1867 7

318 1884 485 1966 quia7
535 1892 790 1964 spectata
837 1903 1062 1940 summa
1104 1881 1276 1959 hujus
1325 1883 1680 1940 Sacramenti
1726 1884 2104 1957 necessitate7
2156 1883 2417 1942 Christus

316 1978 501 2042 voluit
522 2022 537 2051 7
578 1988 645 2035 ut
680 1976 932 2034 ministri
962 1975 1207 2057 qualitas
1244 1997 1344 2035 seu
1375 1976 1625 2035 conditio
1661 1981 1779 2055 ejus
1821 1975 2003 2036 valori
2031 1977 2270 2036 minime
2305 1976 2414 2035 ob-

318 2074 580 2143 sisteret;
623 2071 779 2152 quod
802 2092 1106 2152 progressu
1145 2072 1422 2152 temporis
1446 2071 1689 2130 Ecclesia
1726 2057 2042 2132 voluntatis
2071 2076 2190 2148 ejus
2227 2074 2413 2130 inter-

319 2190 452 2251 pres
483 2165 816 2227 declaravit.
866 2167 1136 2225 Rationes
1171 2167 1406 2247 reliquae
1443 2166 1796 2226 subsidiariae
1834 2168 2025 2248 potius
2073 2177 2210 2224 sunt
2239 2187 2416 2247 quam

320 2263 667 2324 decretoriae.
705 2262 975 2336 Accedit,
1013 2260 1279 2320 nondum
1326 2273 1466 2319 tunc
1503 2262 1782 2341 temporis
1822 2262 1956 2320 satis
1995 2260 2246 2342 eliquata
2274 2282 2417 2319 con-

318 2359 599 2419 troversia
632 2358 705 2416 de
730 2357 923 2416 valore
945 2357 1223 2436 Baptismi
1244 2355 1435 2414 collati
1465 2354 1536 2413 ab
1563 2355 1866 2430 haereticis7
1893 2355 1978 2414 nil
2010 2357 2232 2427 mirum
2260 2376 2411 2429 esse,

318 2454 365 2512 si
390 2451 658 2511 nonnulli
683 2451 845 2510 ,inter
881 2454 1076 2509 Patres
1102 2450 1212 2510 visi
1239 2462 1376 2508 sunt
1426 2449 1521 2510 vel
1554 2449 1720 2509 illum
1748 2450 2056 2531 repudiare
2079 2449 2171 2509 vel
2206 2449 2412 2510 saltem

319 2548 593 2617 dubitare,
610 2593 626 2622 7
657 2558 856 2628 utrum
871 2546 1090 2606 valeret
1106 2545 1429 2626 baptismus
1452 2567 1484 2603 3
1507 2550 1729 2626 pagano
1755 2544 2208 2603 administratus,
2229 2546 2414 2625 Atque

321 2643 530 2703 exinde
565 2652 727 2722 patet
765 2641 1062 2721 responsio
1099 2639 1173 2698 ad
1203 2638 1426 2718 singula
1463 2661 1591 2720 quae
1617 2636 1837 2715 objecta
1868 2648 2023 2695 sunt.

401 2737 503 2796 78.
553 2738 823 2794 Ceterum
865 2727 924 2792 S‘.
956 2735 1343 2815 Hieronymus
1392 2735 1454 2792 in
1492 2733 1860 2807 testimonio7
1909 2730 2064 2813 quod
2111 2752 2181 2790 ex
2222 2754 2282 2790 n.
2339 2732 2414 2789 12

321 2834 571 2910 Dialoqi
615 2831 897 2888 adversus
938 2829 1358 2907 Luciferianos
1397 2828 1691 2909 prolatum
1731 2839 1817 2887 est
1849 2872 1866 2903 7
1917 2826 2172 2908 loquitur
2206 2826 2279 2884 de
2311 2847 2411 2902 ec,

320 2927 421 3008 qui
447 2924 798 3007 orthodoxus
826 2922 898 2982 ab
927 2923 1191 2982 haeretico
1219 2924 1399 2982 factus
1438 2923 1778 3005 perhibetur
1796 2968 1812 2995 7
1851 2943 1971 2980 non
1994 2909 2187 2980 autem
2211 2920 2282 2979 de
2307 2942 2374 2979 eo
2394 2965 2411 2995 7

322 3022 422 3103 qui
449 3019 786 3102 simpliciter
823 3018 1168 3078 christianus
1199 3018 1432 3078 effectus
1457 3019 1531 3076 sit
1558 3040 1660 3078 seu
1692 3017 2018 3098 Baptizatus
2048 3061 2063 3090 7
2092 3026 2157 3073 ut
2189 3026 2414 3074 constat

321 3137 392 3175 ex
423 3126 543 3174 tota
583 3115 854 3174 orationis
888 3115 1031 3174 serie
1061 3159 1077 3189 7
1114 3115 1180 3172 in
1217 3135 1330 3195 qua
1365 3135 1552 3173 sermo
1591 3124 1678 3172 est
1706 3112 1777 3171 de
1815 3112 2050 3171 homine
2084 3110 2156 3169 ab
2192 3110 2411 3170 Arianis

321 3211 521 3270 tincto·
675 3217 678 3220 ’
865 3210 868 3213 ⁴

402 3305 503 3364 79.
553 3303 900 3383 Capitularia
937 3304 1009 3363 ab
1044 3303 1308 3383 Angeliso
1341 3315 1399 3363 et
1425 3303 1732 3364 Benedicto
1771 3303 2004 3362 collecta
2029 3307 2194 3381 juxta
2230 3301 2410 3358 Nata-

321 3400 440 3459 lem
485 3398 878 3458 Alexandrum
916 3398 1234 3481 loquuntur
1278 3400 1338 3458 in
1376 3399 1474 3458 cit.
1527 3399 1662 3457 locis
1698 3398 1768 3457 de
1810 3399 2098 3481 Baptismo
2127 3441 2142 3469 7
2190 3395 2250 3452 in
2294 3417 2409 3476 quo

321 3515 513 3577 neque
555 3504 780 3555 servata
833 3494 1004 3556 fuerit
1057 3494 1240 3556 forma
1265 3540 1282 3570 7
1334 3515 1523 3575 neque
1575 3493 1831 3553 Ecclesiae
1876 3495 2035 3553 ritus,
2088 3492 2220 3550 Haec
2270 3510 2409 3549 sane

391 3698 460 3762 (1)
491 3697 608 3764 Cap·
642 3695 755 3762 401·
973 3651 975 3653 V
1477 3698 1549 3765 (2)
1584 3698 1696 3765 Cap·
1727 3694 1811 3765 94·
