2502 4186
657 249 780 286 CAP.
828 249 890 286 11.
939 250 1007 285 nn
1052 246 1758 287 TRANssUBs'rAwrrArr-orm.
2154 225 2275 284 213

157 389 536 450 ostendimus.
571 390 915 449 Lutheranis
939 388 1253 449 fatentibus
1271 433 1287 464 ,
1311 386 1492 447 verba
1519 386 1730 447 Christi
1756 386 1819 444 in
1841 407 2015 446 sensu
2028 385 2276 447 >litterali

156 486 392 566 proprio
411 485 741 566 accipienda
765 495 932 558 sunt3
961 485 1122 565 atqui
1145 483 1266 541 haec
1292 483 1503 540 Christi
1533 481 1712 540 verba
1739 503 1753 539 :
1781 483 1912 540 Hoc
1935 493 2017 541 est
2048 487 2278 562 Corpus

156 601 394 650 meum,
435 580 496 637 in
535 601 707 638 sensu
753 578 988 638 litterali
1024 577 1259 659 proprio
1303 576 1492 635 solum
1531 575 1745 634 Christi
1783 578 2005 657 Corpus
2049 577 2274 656 signifi-

156 685 291 732 cant
328 695 428 733 seu
467 672 812 752 designant,
852 695 972 731 non
1010 684 1215 732 autem‘
1243 692 1490 752 panem,
1535 674 1693 746 eujus
1742 670 1903 728 nulla
1939 672 2006 728 fit
2031 671 2271 737 mentio,

156 769 302 847 Ergo
322 813 337 841 ,
381 769 428 826 si
462 767 652 826 solum
682 768 896 827 Christi
926 769 1145 848 Corpus
1175 766 1503 845 significant
1534 763 1610 822 ad
1638 763 2031 823 exclusionem
2066 766 2232 846 panis
2255 810 2274 842 ,

156 874 223 920 ut
248 884 383 920 vera
416 863 740 921 sitChristi
766 863 1083 945 propositio
1117 860 1450 920 litteraliter·
1473 859 1769 919 intellecta
1789 904 1804 933 ,
1848 858 2049 917 debuit
2074 881 2275 920 neces-

154 957 300 1015 sario
342 958 509 1038 panis
570 959 631 1015 in
678 959 892 1018 Christi
935 959 1168 1038 Corpus·
1199 957 1413 1014 mutari
1467 976 1568 1014 seu
1621 955 1900 1014 converti.
1947 955 2070 1012 Hoc
2117 954 2280 1014 idem

153 1071 385 1112 rursum
419 1053 497 1111 sic
531 1052 765 1112 brevius
814 1052 1147 1112 conficimus
1196 1073 1211 1109 ε
1267 1051 1398 1109 Haec
1441 1049 1620 1110 verba
1681 1072 1697 1107 t
1749 1050 1880 1108 Hoc
1926 1059 2008 1107 est
2046 1050 2280 1127 Corpus

154 1170 386 1224 meum,
423 1148 517 1207 vel
549 1148 881 1228 intelligunt
905 1146 1219 1206 adversarii
1248 1146 1321 1205 de
1357 1167 1510 1228 pane
1544 1146 1608 1203 in
1644 1145 1860 1203 Christi
1890 1147 2110 1225 Corpus
2140 1166 2276 1202 mu·-

154 1256 311 1320 tato7
352 1245 446 1305 vel
477 1245 549 1304 de
585 1266 735 1326 pane
773 1255 839 1301 ut
879 1244 1046 1323 panis
1084 1254 1203 1316 est,
1242 1264 1342 1301 seu
1375 1242 1450 1301 de
1493 1262 1646 1322 pane
1682 1263 1804 1299 non
1845 1242 2192 1313 immutat03
2228 1241 2280 1299 si

153 1339 226 1398 de
255 1361 405 1421 pane
437 1350 661 1398 mutato
692 1337 1029 1418 intelligunt
1049 1384 1064 1413 a
1101 1343 1224 1415 jam
1264 1336 1572 1395 nobiscum
1617 1336 1912 1408 sentiunt;
1953 1335 1997 1393 si
2027 1337 2166 1394 vero
2202 1334 2283 1394 de·

153 1456 304 1515 pane
331 1457 452 1493 non
485 1444 711 1492 mutato
731 1478 748 1507 ,
781 1438 907 1512 jam
935 1432 1076 1491 falsa
1115 1444 1265 1491 esset
1299 1453 1501 1491 eorum
1530 1430 1901 1510 significati03
1943 1451 2089 1488 nam
2106 1430 2279 1509 panis<

154 1530 417 1589 triticeus
445 1528 705 1588 nonest
742 1527 956 1587 Christi
985 1529 1206 1608 Corpus
1245 1527 1356 1607 (1).

236 1625 373 1683 136.
425 1626 634 1684 Verum
665 1623 822 1705 quod
851 1644 1090 1682 omnem
1116 1621 1551 1680 dubitationem-
1579 1619 1732 1679 tollit
1754 1619 1900 1678 cirea
1927 1640 2282 1698 germanumu

155 1718 369 1778 Christi
401 1718 716 1779 verborum
769 1739 1006 1777 sensum
1060 1729 1148 1776 est
1184 1715 1443 1775 traditio,
1485 1716 1715 1774 Etenim
1765 1719 1884 1793 pia
1940 1718 2282 1792 antiquitas·

151 1826 351 1894 aperte
372 1819 518 1873 satis
540 1816 899 1888 declaravit,
918 1834 1150 1892 panem
1167 1816 1402 1870 mutari
1412 1815 1482 1869 in
1507 1811 1738 1890 Corpus
1765 1811 2023 1881 Christi,
2059 1814 2278 1872 vinum

148 1913 219 1968 in
254 1911 626 1989 Sanquinem
647 1955 662 1984 a
690 1911 1040 1988 passimque
1083 1907 1180 1965 bic
1220 1917 1430 1965 veteres
1460 1916 1794 1986 aynoscunt
1808 1911 2229 1982 μεταστοιχειωσιν
2253 1950 2269 1979 ,

151 2026 338 2084 quam
354 2006 568 2063 Latini
583 2006 1317 2064 transsubstantiationem
1342 2012 1491 2060 recte
1516 2012 1868 2060 verterunt..
1885 2045 1896 2057 .
1921 2012 1976 2058 et
1996 2002 2280 2078 quemad-¹

153 2101 397 2157 modum
430 2105 627 2179 ifJitur
662 2102 855 2170 alias,
897 2105 986 2156 ita
1019 2103 1116 2156 liic
1154 2117 1382 2176 quoque
1426 2098 1789 2175 explicanda
1828 2107 1911 2154 est
1949 2096 2275 2174 Scriptura

153 2216 223 2252 ea·
272 2196 631 2265 traditione,
675 2216 862 2273 quam
893 2204 1079 2252 custos
1107 2190 1380 2252 Ecclesia
1417 2194 1508 2250 ad
1541 2214 1646 2251 nos
1685 2214 1873 2271 usque
1909 2196 2272 2251 transmisit.

157 2293 243 2348 Ita
286 2289 639 2349 Leibnitzius
681 2290 1048 2349 Lutheranus
1075 2288 1253 2346 homo
1291 2287 1398 2367 (2).
1438 2290 1510 2347 Et
1548 2310 1686 2347 sane
1729 2287 1877 2346 nihil
1922 2287 2275 2369 exploratius

155 2386 216 2442 in
248 2396 369 2443 tota
398 2385 745 2466 antiquitate
778 2384 887 2443 hoc
925 2384 1196 2463 dogmate
1233 2395 1354 2458 est,
1394 2394 1461 2441 ut
1484 2394 1710 2442 constat
1738 2394 1867 2440 tum
1898 2404 1970 2441 ex
2007 2381 2274 2440 Patribus

154 2491 283 2539 tum
315 2502 387 2540 ex
420 2481 664 2560 liturgiis
692 2479 983 2539 om‘nibUS.
1018 2482 1149 2539 Non
1179 2500 1360 2560 pauca
1387 2479 1500 2537 huc
1533 2479 1867 2536 referuntur
1892 2477 2269 2551 documenta,

156 2598 281 2657 quae
314 2580 436 2655 jam
480 2575 829 2634 adduximus
860 2621 875 2648 7
921 2596 1054 2634 cum
1104 2596 1403 2654 ageremus
1450 2574 1522 2632 de
1561 2574 1806 2632 veritate
1846 2573 2016 2632 realis
2058 2572 2274 2631 Christi

157 2674 479 2751 praesentiae
504 2692 574 2730 ex
614 2671 968 2743 traditione-3
1017 2669 1227 2751 quibus
1262 2681 1463 2728 tamen
1498 2668 1784 2730 nonnulla
1819 2668 1928 2727 alia
1955 2668 2049 2726 hic
2073 2667 2275 2745 adjici,-

157 2781 308 2826 mus.
352 2770 553 2849 ltaque
587 2770 786 2827 Patres
829 2768 1046 2849 passim
1086 2766 1335 2841 docent,
1376 2767 1440 2824 10
1488 2787 1705 2847 panem
1743 2776 1802 2824 et
1841 2766 2047 2826 vinum
2080 2763 2274 2826 verbi-s

231 2995 294 3059 (1)
314 2994 409 3044 Cfr.
428 2995 641 3046 Bellarm.
660 2998 775 3047 ibid.
803 3016 907 3064 cap.
933 3015 1009 3065 19,
1029 2999 1168 3047 Beea-
1258 2999 1432 3045 tionem
1463 2995 1991 3062 incomprehensibilem
2019 2995 2181 3059 aliquo
2199 2995 2278 3043 de-

161 3095 248 3126 nus
268 3112 281 3139 ,
303 3076 543 3126 Manuale.
569 3087 776 3129 controv.
795 3080 880 3128 lib.
914 3097 946 3128 ιι
963 3117 976 3140 ,
997 3097 1099 3146 cap.
1121 3081 1170 3142 3,
1257 3080 1512 3127 terminato
1528 3080 1754 3143 temporis
1763 3085 1943 3142 puncto
1959 3098 1979 3135 ;
1996 3085 2040 3124 et
2061 3075 2279 3124 Ecclesia

163 3179 211 3210 n.
242 3177 275 3226 9
297 3170 340 3207 et
367 3175 497 3225 seqq.
1257 3160 1490 3209 catholica
1505 3159 1638 3207 nihil
1662 3158 1800 3206 aliud
1827 3160 1996 3224 efficit,
2024 3160 2126 3205 nisi
2149 3159 2277 3223 quod

233 3243 300 3305 (2)
329 3239 547 3305 Systema
574 3241 712 3291 theol.
730 3261 832 3307 pag.
859 3240 975 3290 226⁷.
999 3242 1096 3291 Nee
1115 3243 1173 3292 ab
1258 3243 1344 3292 hoc
1365 3251 1603 3308 punctum
1637 3241 1932 3290 determinet.
1969 3240 2159 3288 Eadem
2187 3256 2270 3287 ra-

164 3342 217 3372 eo
235 3324 444 3371 dissentit
458 3322 687 3372 Schultess
701 3360 715 3383 ,
732 3326 879 3388 quiin
899 3324 1176 3372 Annalibus
1259 3327 1387 3373 tione
1406 3327 1514 3391 ipsa
1530 3332 1685 3389 potest
1709 3323 1876 3371 litterae
1904 3322 2272 3387 Scripturarum

161 3404 428 3469 theoloqicis
443 3406 629 3453 scribit:
653 3405 776 3452 Cum
791 3404 1064 3452 admittitur
1075 3422 1178 3454 rea·
1259 3409 1411 3455 inniti
1430 3444 1444 3467 ‚
1472 3408 1699 3470 quoniam
1724 3407 1781 3453 in
1806 3407 1872 3452 iis
1899 3405 2110 3452 dicitur:
2135 3400 2278 3451 Τοῢτέ

155 3486 216 3534 lis
241 3503 297 3534 ac
319 3485 647 3534 substantialis
668 3488 930 3552 proesentia
957 3487 1180 3551 Corporis
1263 3490 1358 3537 ἐστι
1378 3488 1481 3551 (hoc
1494 3490 1597 3547 est),
1617 3503 1868 3551 nunquam
1879 3502 1986 3534 vero
2016 3502 2030 3532 ε
2056 3486 2122 3532 Ἐν
2138 3481 2276 3548 τούτῳ

156 3576 198 3615 et
231 3568 504 3632 Sanquinis
535 3568 719 3616 Christi
745 3567 865 3616 Jesu
895 3568 951 3615 in
983 3567 1181 3617 Eucha-
1266 3571 1357 3634 (in
1386 3569 1520 3634 hoc).
1547 3568 1645 3617 Cfr.
1674 3569 1934 3632 Esshnger,
1961 3564 2192 3632 Apoloqie
2219 3564 2279 3613 de

160 3649 300 3699 ristia
320 3688 334 3710 ‚
369 3667 552 3698 necesse
583 3658 649 3698 est
676 3652 865 3715 pariter
887 3649 1137 3701 admittere
1157 3687 1174 3713 ,
1265 3650 1312 3700 la
1340 3650 1540 3715 reliyion
1568 3649 1831 3714 catholique
1847 3664 1946 3714 par
1974 3647 2055 3696 des
2084 3653 2279 3696 auteurs

160 3731 281 3792 quod
309 3734 460 3797 panis
490 3750 546 3780 ac
582 3734 754 3781 vinum
798 3732 1001 3781 subeant
1025 3741 1182 3781 muta-
1260 3741 1564 3800 protestans,
1599 3743 1686 3782 ete.
1725 3729 1866 3780 1832.
