2502 4186
365 254 485 295 CAP.
533 258 617 295 ιν.
664 258 723 293 nv
766 254 862 308 ΕΑ,
908 255 1035 307 QUAE
1079 254 1408 293 mscnruu
1450 255 1626 307 sunr7
1672 256 1923 294 scnozu.
2099 233 2210 291 133

125 394 455 459 Pontificale
480 396 736 456 Ecclesiae
761 393 1112 477 Apamiensis
1136 394 1198 451 in
1229 394 1385 473 Syria
1411 413 1564 452 anno
1594 393 1749 451 1214
1779 403 2076 453 exaratum
2095 393 2206 473 (1)7

125 494 258 552 licet
278 494 339 551 in
367 492 662 551 nonnullis
687 489 1123 573 particularibus
1144 488 1399 546 Ecclesiis
1423 487 1868 547 occidentalibus
1885 534 1900 563 7
1924 489 1987 546 in
2008 488 2205 547 Galliis

123 590 442 670 praesertim
468 633 483 661 7
525 587 736 646 diutius
770 597 1027 646 retentus
1061 585 1150 643 sit.
1189 582 1354 655 Quod
1384 603 1522 642 vero
1556 594 1776 663 spectat
1797 583 1870 642 ad
1900 583 2204 643 Ecclesiam

124 702 363 762 graecam
390 681 640 760 aliasque
659 679 962 739 orientales
973 678 1402 737 communiones
1420 720 1436 749 7
1455 677 1690 756 antiqua
1705 677 2001 758 disciplina
2015 677 2206 737 adhuc

121 777 279 854 viget
309 776 415 853 (2).
455 776 756 848 Ceterum,
797 795 927 832 cum
962 774 1022 830 in
1057 771 1298 830 Ecclesia
1328 770 1506 828 latina
1532 791 1563 829 a
1588 792 1698 829 sec.
1731 773 1864 829 XIII
1893 772 2204 831 invaluerit

122 868 418 948 disciplina
445 868 752 948 separandi
779 866 1335 926 administrationem
1354 865 1817 923 Confirmationis
1840 887 1872 922 a
1901 865 2205 924 collatione

121 962 398 1042 Baptismi
421 1007 436 1035 7
479 974 778 1042 receptum
809 963 871 1019 in
907 981 971 1019 ea
1000 970 1119 1031 est,
1160 969 1227 1016 ut
1261 980 1382 1016 non
1417 958 1778 1032 conferatur7
1817 959 1928 1016 nisi
1958 979 2091 1016 cum
2116 961 2201 1016 in-

119 1054 304 1114 fantes
336 1057 710 1136 pervenerint
733 1054 807 1113 ad
835 1053 1071 1111 rationis
1092 1073 1261 1110 usum
1285 1095 1301 1124 ,
1339 1052 1386 1109 si
1414 1051 1728 1132 peculiares
1757 1052 2199 1111 circumstantiae

120 1147 275 1207 aliud
322 1171 441 1207 non
485 1149 782 1208 suadeant.
821 1149 941 1205 Hac
975 1147 1199 1205 ratione
1238 1156 1668 1227 componuntur
1693 1191 1709 1219 7
1751 1166 1876 1227 quae
1919 1147 2205 1216 contraria

120 1243 347 1302 tradere
366 1243 638 1303 videntur
660 1242 1058 1301 Catechismus
1078 1262 1366 1299 romanus
1384 1261 1449 1310 ac
1464 1241 1812 1300 Romanum
1830 1241 2196 1318 Pontificale.

120 1337 509 1397 Catechismus
550 1336 706 1395 enim
733 1336 935 1411 docet,
970 1336 1164 1395 minus
1205 1334 1479 1416 expedire
1507 1335 1615 1394 hoc
1647 1335 1770 1393 fieri
1793 1379 1809 1407 ,
1833 1335 1993 1416 prius
2023 1356 2202 1415 quam

118 1433 283 1514 pueri
317 1452 484 1490 usum
525 1430 761 1488 rationis
793 1430 986 1511 adepti
1022 1430 1235 1489 fuerint
1255 1475 1270 1504 7
1311 1430 1554 1510 ideoque
1583 1430 1692 1487 nisi
1722 1450 1852 1489 cum
1886 1431 2201 1509 septimum

119 1524 304 1582 aetatis
341 1545 559 1583 annum
595 1525 890 1603 attigerint
931 1524 1058 1603 (3);
1103 1523 1436 1583 Pontificale
1472 1544 1610 1583 vero
1644 1534 1925 1603 tanquam
1976 1535 2206 1582 certum

117 1621 282 1699 ponit
303 1664 319 1692 7
341 1619 773 1677 Sacramentum
797 1619 1260 1678 Confirmationis
1283 1619 1458 1677 etiam
1481 1616 1798 1675 infantibus
1818 1615 1891 1674 ab
1925 1617 2199 1697 Episcopo

116 1712 538 1788 administrari7
581 1712 775 1772 dicens
823 1735 836 1769 ε
882 1714 1155 1791 Infantes
1189 1732 1306 1790 per
1337 1716 1620 1790 patrinos
1674 1720 1813 1768 ante
1856 1711 2201 1788 Pontificem

113 1807 439 1866 chrismare
466 1813 741 1866 volentem
769 1805 1083 1866 teneantur
1113 1811 1183 1865 in
1219 1807 1486 1866 brachiis
1518 1807 1761 1864 dextris.
1803 1804 2200 1864 Catechismus

109 1901 394 1983 siquidem
425 1901 681 1982 loquitur
707 1900 780 1961 de
810 1923 911 1976 eo7
949 1900 1105 1981 quod
1141 1901 1343 1960 ceteris
1368 1899 1602 1982 paribus
1640 1899 1933 1965 observari
1978 1897 2154 1959 debet
2178 1923 2203 1969 3-

112 1996 442 2056 Pontificale
478 2007 673 2057 autem
706 1996 779 2056 de
809 2017 876 2055 eo
898 2040 914 2071 7
955 1995 1114 2077 quod-
1139 1997 1478 2055 necessitate
1512 1994 1683 2054 aliter
1707 1988 2052 2075 exposcente
2077 1993 2203 2051 fieri

113 2100 326 2170 potest.

194 2184 290 2242 91.
339 2186 677 2244 Benedictus
715 2188 842 2244 XIV
869 2231 885 2258 7
920 2188 1015 2244 De·
1044 2187 1276 2264 Synodo
1291 2229 1312 2257 ,
1354 2186 1454 2244 lib.
1488 2188 1620 2261 vll,
1656 2184 1918 2243 indidem
1947 2184 2209 2263 colligit-,2

113 2278 469 2338 laudandum
495 2301 615 2339 esse
643 2281 986 2361 Episcopum
1006 2325 1022 2354 7
1051 2282 1150 2360 qui
1178 2291 1447 2361 paratum
1476 2303 1535 2340 se
1560 2283 1930 2361 profiteretur
1957 2280 2029 2339 ad
2057 2280 2204 2337 Con-

112 2372 501 2432 firmationem
535 2375 1055 2434 administrandam
1080 2374 1397 2432 infantibus
1433 2375 1495 2432 in
1530 2370 1792 2433 extremo
1833 2372 2158 2432 constitutis
2179 2417 2196 2445 7

111 2478 211 2525 aut
234 2467 467 2544 juberet
509 2480 575 2526 ut
611 2468 719 2526 sibi
757 2468 1005 2527 chrisma
1037 2470 1433 2527 ministratum
1470 2480 1570 2527 aut
1608 2469 1667 2526 in
1717 2469 1825 2526 hoc
1867 2479 1966 2526 aut
2003 2468 2066 2525 in
2099 2466 2200 2524 illo

111 2582 223 2620 suae
247 2563 504 2635 dioecesis
531 2563 656 2621 loco
681 2563 1064 2623 exhibeantur
1089 2564 1254 2644 pueri
1275 2609 1290 2635 7
1318 2585 1449 2622 cum
1472 2563 1649 2622 facilis
1679 2562 1754 2622 ad
1783 2584 1877 2623 eos
1905 2563 1968 2620 in
2002 2572 2198 2643 poste-

112 2676 242 2714 rum
271 2655 380 2715 sibi
411 2656 637 2716 futurus
670 2679 789 2716 non
833 2658 906 2716 sit
946 2679 1198 2716 accessus
1229 2658 1334 2738 (4).

194 2751 291 2808 92.
336 2752 551 2811 Praeter
591 2763 808 2810 statum
842 2753 1035 2831 gratiae
1075 2751 1214 2811 olim
1251 2751 1687 2835 requirebatur7
1736 2762 1801 2810 ut
1820 2751 2054 2810 nonnisi
2068 2754 2198 2828 aje-

107 2843 263 2920 junis
285 2855 411 2904 tum
435 2847 788 2906 conferretur
802 2858 928 2905 tum
946 2848 1328 2928 susciperetur
1346 2847 1718 2906 Confirmatio
1733 2846 1844 2928 (5);
1863 2845 2018 2928 quod
2042 2866 2199 2905 nunc

119 2937 182 2994 in
212 2936 649 3001 desuetudinem
686 2941 845 3000 abiit.

196 3031 293 3089 93.
326 3032 390 3089 30
418 3035 616 3106 Quoad
641 3036 1039 3096 necessitatem
1059 3081 1075 3111 7
1103 3057 1302 3094 omnes
1326 3035 1594 3114 Theologi
1623 3035 2022 3107 consentiuut7
2050 3034 2198 3092 Con-

113 3126 499 3185 firmationem
531 3130 769 3189 minime
808 3131 1184 3189 necessariam
1222 3152 1342 3190 esse
1382 3130 1720 3189 necessitate
1749 3129 1944 3188 medii.
1982 3119 2205 3186 Verum¹

117 3243 238 3280 non
268 3242 425 3302 aeque
454 3225 839 3298 conveniunt7
870 3225 916 3283 si
952 3246 1139 3285 sermo
1167 3226 1239 3285 sit
1271 3225 1343 3285 de
1382 3225 1720 3284 necessitate
1744 3223 2016 3306 praecepti
2036 3268 2051 3298 7
2082 3222 2195 3281 sal'-

183 3438 253 3504 (1)
301 3439 409 3487 Erat
450 3449 561 3487 tunc
596 3415 815 3504 {emporis
856 3438 983 3505 Syria
1022 3442 1108 3491 sub
1264 3442 1326 3507 (3)
1362 3442 1486 3491 Part.
1519 3459 1551 3490 11
1577 3479 1591 3503 7
1623 3459 1720 3507 cap.
1757 3443 1822 3503 3,
1864 3458 1943 3507 17·

121 3519 292 3569 ditione
330 3520 616 3569 Latinorum.
659 3519 758 3569 Cfr.
801 3523 939 3569 etiam
978 3521 1113 3572 Vice-
1262 3525 1326 3588 (4)
1357 3523 1466 3588 Cap.
1501 3540 1558 3571 10
1581 3561 1595 3584 7
1626 3541 1673 3571 n.
1698 3519 1730 3570 8
1753 3533 1797 3572 et
1821 3539 1871 3589 9.

116 3618 296 3663 comes,
324 3620 400 3668 op.
426 3605 501 3651 cit.
538 3603 572 3651 l.
601 3620 618 3650 1
637 3639 650 3663 7
677 3620 777 3667 cap.
798 3600 846 3650 5.
1263 3606 1333 3669 (5)
1365 3605 1466 3654 cfr.
1506 3605 1757 3655 Martenius
1789 3621 1872 3670 ops
1902 3604 1981 3652 cit.
2012 3600 2097 3650 lib.
2139 3616 2159 3648 ι
2179 3636 2203 3660 ,,

186 3683 246 3746 (2)
281 3683 380 3734 Csr.
411 3684 753 3748 Renaudotius7
783 3684 875 3733 loc.
902 3685 982 3732 cit.
1200 3703 1299 3751 cap.
1333 3703 1361 3734 2
1380 3723 1393 3743 ,
1421 3696 1510 3736 art.
1537 3704 1586 3736 11.
