2502 4186
295 273 371 332 40

962 293 1279 333 TRAGTATUS
1322 294 1388 330 DE
1430 293 1718 333 BAPTJSMO.

293 451 350 500 et
387 438 729 519 empticita'm
764 438 988 495 adultis
1022 438 1304 496 tribuunt
1338 436 1448 516 (1).
1490 437 1693 496 Nescio
1714 481 1730 510 7
1771 457 1847 495 an
1890 448 2010 497 tam
2034 437 2229 501 solidae
2264 461 2388 502 res-

294 534 564 616 ponsioni
594 530 987 612 Anabaptistae
1017 532 1403 612 acquiescant.

377 627 474 685 94.
525 624 628 684 Ad
661 626 765 699 δῶ,
790 627 947 684 Dist.
984 626 1042 683 Si
1080 625 1308 684 Christo
1354 626 1644 706 Baptisma
1675 625 1874 685 fuisset
1905 628 2293 688 necessarium
2314 630 2392 688 ad

293 719 539 779 salutem
577 718 818 800 perinde
848 741 912 778 ac
944 717 1141 796 nobi8‚
1182 742 1374 794 conc.,·
1401 719 1445 778 si
1473 719 1651 779 libere
1696 732 1754 778 et
1781 721 1854 780 ad
1883 722 2222 780 humilitatis
2259 735 2393 781 tan-

292 825 420 872 tum
441 813 779 895 exemplum
809 813 1069 873 Christus
1093 835 1161 873 'se
1185 815 1376 873 eidem
1410 814 1648 891 subjecit
1668 859 1684 887 a
1721 837 1849 893 neq.
1884 818 1967 874 Ita
1997 819 2054 875 S.
2084 818 2391 897 Gregorius

295 910 436 968 Naz.
467 907 979 989 Anabaptistarum
1015 908 1413 968 difficultatem
1438 909 1721 989 praevenit
1751 910 1859 989 (2).

310 1035 314 1038 >
374 1003 471 1062 95.
519 1004 607 1062 Ad
649 1005 755 1078 7¹¹¹,
798 1006 952 1064 Dist.
996 1004 1366 1064 Distulerunt
1390 1006 1680 1086 Baptisma
1713 1003 1786 1062 ob
1816 1005 2132 1085 peculiares
2154 1000 2348 1065 causas
2375 1052 2391 1081 ,

291 1120 481 1165 conc.,·
516 1097 590 1158 ob
633 1098 1143 1180 Anabaptistarum
1173 1092 1490 1181 principia7
1532 1122 1658 1179 neq.
1707 1101 1852 1157 Usus
1893 1101 2047 1160 enim
2084 1102 2394 1161 differendi

296 1194 577 1275 Baptismi
613 1215 734 1251 non
765 1193 876 1252 illae
900 1194 1136 1252 fuerunt
1167 1215 1345 1253 causae
1370 1240 1386 1266 ἦ
1415 1216 1555 1275 quas
1582 1195 2100 1253 comminiscuntur
2133 1196 2398 1278 Anabap-

293 1289 440 1348 tistae
460 1333 476 1361 .,
510 1286 611 1346 sed
647 1286 774 1346 aliae
809 1286 921 1344 illis
947 1287 1285 1367 peculiares,
1331 1288 1610 1347 Nonnulli
1641 1291 1797 1347 enim
1831 1288 2222 1370 prorogabant
2254 1294 2397 1372 Bap-

296 1383 537 1441 tismum
565 1426 581 1455 ‚
637 1402 712 1439 ne
760 1392 1103 1460 cogerentur
1162 1393 1482 1440 contractas
1539 1394 1670 1463 post
1727 1385 2086 1464 Baptismum
2145 1385 2399 1444 maculas

293 1477 555 1535 luctuoso
592 1476 954 1557 poenitentiae
988 1472 1436 1551 stadio'eluere7
1477 1477 1610 1557 quia
1641 1476 2036 1537 catechumeni
2077 1481 2264 1559 poenis
2306 1500 2403 1538 ca-

297 1571 517 1632 nonicis
557 1593 678 1629 non
719 1569 1192 1652 subjiciebantur.
1235 1573 1353 1630 Nec
1383 1571 1540 1630 aliud
1581 1571 1701 1630 fere
1747 1572 2090 1653 spectabant
2139 1574 2404 1655 plerique

301 1689 543 1738 eorum,
599 1665 698 1747 qui
747 1664 1027 1745 baptizari
1076 1665 1466 1741 differebant.
1517 1689 1694 1747 quam
1741 1679 1808 1724 ut
1855 1669 2075 1727 interea
2127 1669 2403 1749 peccandi

299 1761 635 1820 libertatem
672 1782 793 1819 non
825 1759 1167 1819 amitterent
1211 1760 1334 1841 (3)3
1374 1761 1609 1841 quidam
1643 1772 1707 1819 ut
1743 1761 1814 1820 acl
1845 1763 2239 1843 recipiendam
2281 1785 2406 1840 gra-

302 1859 448 1916 tiam
480 1858 650 1917 variis
677 1857 959 1915 virtutum
986 1856 1204 1915 actibus
1229 1856 1441 1915 exculti
1465 1856 1751 1935 digniores
1780 1879 1838 1916 se
1873 1858 2225 1939 praeberent.
2263 1859 2403 1930 Quae

303 1953 498 2035 praxis
519 1953 675 2026 ‚etsi
703 1953 764 2009 in
793 1953 1042 2032 speciem
1065 1951 1221 2010 bono
1252 1953 1475 2010 munita
1498 1952 1669 2011 fuerit
1698 1953 1932 2011 consilio
1953 1998 1968 2026 a
1995 1952 2253 2011 Ecclesiae
2282 1952 2402 2009 dis-

301 2048 509 2129 plicuit
529 2092 544 2120 ,
579 2069 707 2126 quae
737 2047 1034 2107 consuevit
1061 2046 1286 2128 prolem
1324 2048 1540 2105 recenti
1574 2058 1748 2128 partu
1775 2047 1991 2105 editam
2020 2046 2092 2104 ad
2123 2046 2402 2125 Baptismi

302 2141 726 2228 susceptionem
759 2141 1067 2201 admittere
1088 2187 1104 2217 .,
1150 2153 1215 2200 ut
1240 2142 1711 2219 justificationem
1749 2142 2160 2222 adipisceretur
2202 2140 2312 2219 (4).

371 2324 433 2388 (1)
451 2323 540 2388 Op.
564 2323 687 2390 cit.§
711 2317 817 2391 1¹70.
845 2324 935 2372 Sed
958 2325 1087 2388 plura
1111 2327 1160 2371 in
1189 2326 1311 2372 hanc

301 2424 397 2455 rem
415 2407 502 2455 cfr.
527 2407 650 2471 apud
678 2406 946 2454 Bellarmin.
971 2407 1055 2454 lib.
1082 2404 1152 2452 De
1177 2406 1312 2470 Bap-

305 2489 442 2535 tismo
465 2524 476 2549 ‚
500 2505 601 2552 cap.
630 2504 690 2549 xe,
723 2488 804 2535 ubi
835 2488 1042 2536 adductis
1064 2505 1160 2535 non
1190 2505 1309 2551 pau-

305 2571 369 2617 cis
398 2569 584 2617 Lutheri
611 2571 880 2617 testimoniis
900 2569 1123 2627 ostendit,
1158 2571 1310 2632 ipsum

306 2652 357 2698 in
371 2650 623 2698 infantibus
640 2651 876 2698 admisisse
903 2650 1152 2715 quamdam
1170 2649 1309 2696 sidem

306 2729 539 2779 actualem
570 2716 676 2778 ante
701 2732 1036 2794 susceptionem
1053 2730 1307 2794 Baptismi3

306 2814 471 2860 exortis
501 2828 635 2875 porro
665 2810 973 2875 Anabaptistis
993 2848 1006 2870 ‚
1037 2821 1089 2858 ut
1111 2829 1156 2859 se
1175 2813 1310 2858 extri—

306 2903 428 2940 caret
449 2892 507 2939 ab
541 2910 700 2940 eorum
730 2890 946 2957 objectis,
983 2910 1090 2940 eum
1132 2909 1312 2955 negasse

307 2976 358 3021 in
386 2974 642 3021 infantibus
674 2975 983 3021 necessitatem
1014 2978 1237 3037 cujusque
1254 2973 1310 3020 fi-

306 3056 379 3103 dei
409 3058 501 3103 sive
533 3055 721 3103 actualis
763 3058 856 3102 sive
885 3055 1129 3102 habitualis
1154 3091 1167 3113 ‚
1212 3065 1312 3102 tum

307 3146 414 3184 ante
439 3137 721 3200 Baptismum
743 3174 755 3195 ‚
774 3147 872 3202 tum
899 3139 948 3183 in
978 3139 1073 3200 ipsa
1091 3135 1313 3200 Baptismi

313 3218 654 3266 collationeJta
665 3236 710 3266 se
726 3218 1026 3286 implicabant
1045 3217 1309 3266 Novatores!

376 3299 442 3362 (2)
492 3298 632 3348 Orat.
680 3317 733 3347 xi.
756 3338 768 3360 ‚
814 3302 870 3368 in
912 3296 1129 3366 sanctum
1175 3299 1313 3364 Bap-

307 3381 452 3427 tisma
472 3417 484 3439 ‚
512 3399 561 3428 n.
600 3379 663 3428 28
684 3388 884 3448 et'seqq.

376 3461 441 3525 (3)
480 3461 578 3511 Csr.
617 3462 854 3512 Benedict.
888 3481 983 3521 xiv,
1022 3461 1102 3511 De
1139 3462 1316 3527 syuodo

306 3543 444 3591 dioec.
476 3543 562 3592 lib.
602 3561 670 3591 xu
695 3581 708 3604 ‚
739 3562 839 3609 cap.
863 3542 895 3591 6
917 3582 930 3603 ‚
957 3542 1026 3609 §7
1047 3581 1058 3602 ‚
1076 3547 1155 3609 qui
1188 3544 1316 3607 plura

313 3628 515 3688 congerit
530 3626 587 3672 ad
599 3626 688 3674 hoc
705 3637 1026 3689 argumentum
1048 3627 1315 3689 spectantia.

379 3706 439 3767 (Ia)
478 3706 574 3755 Cfr.
603 3707 710 3756 edit.
740 3707 892 3756 Maur.
936 3710 986 3754 in
1016 3707 1225 3755 adnotat.
1256 3706 1315 3753 ad

244 3825 249 3832 ,
311 3803 364 3834 n.
404 3784 466 3835 52
498 3789 604 3837 libri
634 3805 652 3837 1
683 3789 729 3839 S.
747 3789 1005 3852 Ambrosii,
1029 3787 1109 3838 De
1127 3804 1317 3837 ewcessu

1387 2325 1560 2387 fratris
1574 2325 1656 2369 sui
1679 2322 1862 2386 Satyri,
1890 2323 1968 2387 qui
1988 2323 2106 2368 inter
2128 2330 2276 2368 cetera
2292 2321 2400 2367 scri-

1392 2405 1512 2452 bunt
1544 2421 1558 2452 ε
1592 2387 1737 2451 Nihil
1761 2403 1954 2468 quidem
1984 2401 2084 2449 illis
2112 2400 2401 2465 temporibus

1392 2486 1619 2532 usitatius
1648 2493 1777 2544 erat,
1825 2501 1968 2548 quam
2001 2483 2086 2529 hoc
2121 2481 2403 2529 Sacramen-

1392 2575 1494 2613 tum
1536 2582 1685 2629 usque
1735 2565 1801 2611 ad
1831 2565 2170 2630 provectiorem
2219 2570 2404 2609 oetatem

1384 2647 1659 2712 protrahere
1679 2683 1693 2703 ‚
1745 2646 1870 2710 quod
1916 2661 2024 2692 cum
2067 2662 2098 2692 a
2137 2643 2301 2690 mitltis
2347 2661 2404 2691 ea

1394 2736 1546 2776 mente
1570 2729 1703 2790 fieret
1720 2765 1733 2782 ,
1758 2739 1813 2774 ut
1831 2726 2026 2774 liberius
2054 2724 2405 2791 cupiditatibus

1393 2811 1497 2857 suis
1506 2810 1667 2874 fraena
1683 2808 1901 2856 laxarent
1918 2845 1929 2868 ,
1951 2825 1981 2855 a
1999 2806 2227 2855 Patribus
2244 2808 2405 2870 yravi-

1392 2894 1465 2938 'ter
1485 2890 1944 2955 reprehendebantur
1961 2926 1972 2948 ‚
2004 2888 2402 2952 quemadmodum

1395 2975 1450 3020 iri
1465 2972 1721 3019 Ambrosio
1738 2980 1894 3019 nostro
1910 2973 2086 3035 saepius
2101 2969 2238 3016 le'cuit
2250 2969 2403 3016 obser-

1396 3071 1524 3102 vare.
1552 3041 1738 3101 Verum
1764 3051 1932 3117 Satyri
1954 3055 2051 3099 vita
2080 3062 2176 3098 tam
2185 3054 2272 3117 pie
2291 3068 2403 3098 san-

1397 3145 1557 3199 cteque
1578 3137 1799 3181 instituta
1812 3134 1890 3180 hic
1911 3134 2195 3181 describitur
2211 3168 2225 3191 ,
2246 3141 2296 3178 ut
2315 3131 2404 3177 hu-

1384 3218 1606 3283 jusmodi
1633 3217 1904 3282 suspicione
1919 3232 2121 3280 prorsus
2156 3214 2399 3261 liberetur.

1401 3298 1566 3346 Potuit
1582 3298 1840 3344 nihilomin
1849 3315 1901 3343 us
1918 3300 2017 3362 i'Jose
2030 3297 2114 3343 hoc
2131 3295 2185 3341 de
2204 3312 2251 3341 se
2268 3302 2403 3341 caute

1401 3381 1554 3427 verer-i
1567 3416 1583 3440 ,
1623 3379 1747 3443 quod
1786 3379 1841 3426 de
1874 3379 2151 3442 Auqusstno
2198 3376 2404 3422 llffom'ca

1403 3470 1552 3507 mater
1575 3499 1587 3519 ‚
1614 3462 1848 3507 nimirum
1871 3477 1931 3507 ne
1957 3456 2284 3523 baptismalem
2298 3473 2402 3518 qra-

1404 3544 1554 3602 tiam,
1598 3559 1702 3605 qnae
1749 3559 1856 3588 eum
1887 3555 2137 3603 nunquam
2174 3536 2406 3584 excidisse

1404 3623 1686 3670 Ambrosius
1724 3631 1922 3670 testatur
1946 3658 1958 3681 ,
2001 3619 2159 3683 aliquo
2187 3616 2408 3683 juvenili

1404 3714 1521 3752 oestu
1559 3705 1780 3769 abreptus
1813 3703 2081 3760 amitteret,
2116 3701 2162 3746 si
2198 3699 2262 3746 ad
2299 3715 2404 3744 eam

1400 3787 1729 3834 immaturiori
1766 3783 1922 3833 adhuc
1951 3789 2084 3831 oetate
2123 3780 2403 3830 accessisset.
