2502 4186
2144 225 2266 285 219

655 255 778 292 cn.
827 254 890 290 11.
939 254 1007 290 nn
1051 228 1754 291 TnAivssuns'rAm-mmoi‘va.

238 395 376 456 145.
426 393 516 454 Ad
553 394 640 452 21¹²
663 438 679 468 .,
720 395 881 454 Dist.
922 393 1006 451 lta
1041 403 1277 464 tamen,
1314 399 1381 447 ut
1414 387 1770 469 comparatio
1801 385 1956 445 inter
1989 385 2268 446 lucarna—

153 496 378 554 tionem
422 501 481 550 et
523 488 942 548 Eucharistiam
975 488 1049 546 sit
1102 485 1507 566 inadaequata,
1578 505 1774 548 oona.,·
1820 482 2119 564 adaequata
2163 481 2261 542 vel

151 611 280 669 neq.
323 585 419 646 vel
456 586 631 645 subd.
675 585 758 642 Ita
786 594 854 642 ut
881 580 1237 663 comparatio
1274 579 1612 638 instituatur
1654 577 1811 637 inter
1844 588 2113 637 externas
2156 599 2267 637 na-

152 697 300 744 turae
322 704 420 742 seu
449 679 788 739 substantiae
816 677 1196 759 proprietates
1214 719 1230 748 ‚
1259 695 1444 747 ουτως
1468 673 1625 732 inter
1645 684 1882 732 naturas
1905 674 2058 754 ipsas
2081 718 2097 748 ‚
2131 694 2260 754 neq.

153 779 382 861 Duplici
417 776 640 835 ratione
684 773 926 834 solvitur
960 773 1082 831 haec
1122 769 1454 829 difficultas,
1493 771 1643 828 Sunt
1682 770 1878 844 enim,
1928 769 2027 850 qui
2064 769 2269 828 existi-

151 885 351 947 mant,
396 874 594 932 Patres
632 869 740 928 hoc
779 866 1049 948 exemplo
1074 886 1208 923 usos
1244 885 1367 923 esse
1401 863 1476 923 ad
1502 863 1852 924 refellendos
1884 863 2267 943 Eutychianos

150 980 210 1028 et
239 966 568 1047 Synusistas
615 964 780 1038 illos,
817 962 918 1044 qui
955 960 1098 1018 duas
1131 959 1194 1018 in
1233 958 1462 1018 Christo
1504 970 1742 1018 naturas
1779 959 1860 1017 ita
1895 957 2161 1017 confusas
2197 980 2266 1018 ac

149 1063 468 1146 permixtas
501 1062 676 1120 fuisse
714 1054 1185 1127 contendebant,
1229 1065 1297 1112 ut
1324 1053 1583 1113 humana
1619 1065 1830 1114 natura
1869 1065 2158 1135 quantum
2194 1055 2269 1113 ad

150 1180 353 1218 omnes
381 1157 764 1239 proprietates
790 1175 821 1211 a
850 1150 1048 1212 divina
1089 1148 1362 1231 absorpta
1402 1161 1569 1209 esset.
1606 1152 1757 1209 Hinc
1787 1172 1859 1209 ex
1884 1172 1950 1209 eo
1971 1195 1988 1224 ,
2020 1148 2180 1232 quod
2207 1150 2271 1208 in

149 1255 521 1314 Sacramento
578 1247 947 1310 Eucharistiae
1010 1254 1226 1326 praeter
1269 1244 1484 1303 Christi
1531 1245 1754 1328 Corpus
1805 1255 1864 1304 et
1915 1245 2272 1325 Sanguinem

149 1350 359 1408 existat
401 1348 578 1408 etiam
619 1354 850 1403 natura
893 1362 994 1400 seu
1029 1344 1246 1419 species
1273 1350 1373 1397 aut
1406 1342 1795 1422 proprietates
1830 1339 2070 1400 sensiles
2099 1341 2269 1423 panis

152 1457 211 1504 et
254 1444 415 1519 vini⁷
452 1461 638 1501 unum
673 1450 873 1498 tamen
915 1435 989 1495 sit
1030 1436 1505 1508 Sacramentum,
1554 1436 1886 1496 inferebant
1919 1437 2156 1511 Patres,
2207 1436 2273 1494 in

153 1692 338 1741 doretus
355 1691 544 1740 scribit:
561 1684 907 1746 Ἐβουλῆθη....
943 1679 1167 1732 mor-riom
1251 1681 1351 1729 bris
1373 1698 1478 1729 oves
1504 1682 1750 1729 nutrivit?
1779 1679 1850 1729 Ee
1879 1680 2003 1746 quid
2026 1680 2132 1728 dico
2153 1696 2275 1746 pas-

154 1774 215 1834 rn*
255 1778 302 1825 ἔκ
348 1779 429 1830 τῆς
471 1794 657 1840 χωριτος
699 1768 988 1838 γηγηνημένῃ
1027 1789 1171 1831 μετοι-

152 1857 291 1922 βᾶλῃ.
317 1857 532 1906 Ceterum
547 1856 632 1904 cfr.
651 1872 750 1921 quae
766 1854 823 1901 de
839 1870 975 1900 sensu
1003 1851 1171 1898 horum

154 1940 340 1988 Pati-um
361 1977 373 1998 ‚
399 1941 480 2004 qui
500 1937 635 1985 nobis
659 1944 984 2001 opponuntur,
1011 1942 1174 1997 praeter

157 2022 296 2071 Card.
313 2021 583 2070 Bellarmin.
603 2018 744 2067 Card.
767 2017 1061 2074 Petronium,
1080 2014 1173 2062 Na-

158 2105 238 2152 tal.
255 2103 502 2153 Alexandr.
526 2104 663 2150 Auet.
692 2100 889 2165 Perpet.
911 2098 1032 2163 fidei
1049 2134 1062 2155 ‚
1081 2107 1171 2146 etc.

160 2185 377 2250 praeclare
405 2195 448 2233 et
471 2193 680 2233 accurate
706 2182 764 2230 de
789 2182 861 2229 his
880 2183 1060 2246 scripsit
1072 2180 1178 2228 Mn-

158 2268 352 2314 ratorius
394 2268 444 2313 in
485 2265 596 2313 diss.
643 2266 722 2313 eit.
755 2262 837 2310 De
869 2262 1011 2310 rebus
1033 2261 1176 2310 litur-

156 2349 304 2412 9icis,
323 2365 424 2412 cap.
450 2363 465 2393 1
478 2362 526 2394 2.
544 2345 674 2411 Quod
694 2346 928 2410 speciatim
946 2345 1108 2393 attinet
1120 2343 1176 2391 ad

163 2429 209 2477 S.
239 2429 372 2476 Joan.
416 2428 798 2493 Cbrysostomum
819 2465 832 2486 ‚
868 2429 1040 2474 mirum
1075 2435 1172 2486 est,

159 2512 436 2560 adversarios
465 2513 615 2576 ipsum
636 2511 693 2558 ad
716 2528 763 2558 se
787 2511 1048 2574 pertrahere
1071 2519 1176 2557 ten-

160 2605 278 2643 tasse
301 2610 315 2656 ;
353 2593 468 2641 adeo
513 2595 639 2640 enim
688 2591 941 2640 luculenter
984 2597 1032 2639 et
1060 2594 1177 2639 miro

164 2679 308 2724 animi
341 2676 509 2723 affectu
541 2675 720 2723 disserit
750 2676 808 2723 de
857 2675 1139 2722 Eucharistia
1162 2713 1175 2733 ‚

166 2768 218 2805 ut
233 2761 390 2805 merito
406 2767 696 2822 nuncupatus
713 2757 847 2805 fuerit
868 2757 1046 2804 Doctor
1062 2756 1114 2804 E
1117 2774 1176 2804 u·

166 2838 404 2887 charistioe
425 2876 438 2899 ‚
467 2842 584 2887 sicut
612 2839 662 2888 S.
691 2839 974 2904 Augustinus
999 2838 1181 2887 Doctor

165 2923 336 2986 qratioe
355 2959 368 2979 ‚
397 2931 448 2969 ut
470 2921 618 2969 verbis
640 2931 742 2969 utar
764 2921 836 2969 Cl.
858 2923 1042 2989 Bigotii.
1060 2921 1179 2972 Sane

168 3021 264 3052 non
298 3005 445 3051 solum
491 3005 657 3068 saepius
691 3004 860 3068 dogma
897 3006 1176 3054 catholicum

168 3087 226 3135 de
256 3086 539 3133 Eucharistia
572 3096 615 3134 et
642 3087 1179 3137 transsubstantiatione

167 3167 213 3218 S.
246 3169 379 3218 Joan.
409 3169 757 3233 Chrysostomus
782 3170 915 3217 docet
946 3181 991 3219 et
1026 3172 1178 3220 incul-

166 3257 271 3311 cat,
312 3252 389 3299 sed
424 3250 632 3315 pluribus
661 3253 1083 3317 comparationibus
1120 3255 1179 3302 il-

166 3333 349 3381 lustrat.
378 3333 517 3380 Modo
538 3335 663 3380 enim
693 3346 926 3398 comparat
955 3334 1180 3384 Euchari-

168 3419 300 3464 stiam
330 3433 437 3464 eum
465 3415 784 3463 Incarnatione
803 3453 816 3475 ‚
847 3414 993 3464 Hom.
1013 3434 1181 3466 Lxxxm

169 3499 224 3545 in
242 3497 442 3553 March„
467 3509 517 3545 ut
532 3498 741 3546 ostendat
757 3498 964 3553 nonfide
980 3509 1178 3559 tantum,

168 3580 245 3627 sed
262 3581 420 3647 reipsa
437 3597 583 3628 unum
602 3579 844 3628 nobiseum
859 3596 1025 3645 corpus
1041 3581 1180 3645 effici3

173 3661 309 3710 modo
324 3679 430 3710 cum
442 3673 619 3727 pastore
635 3672 680 3710 et
693 3671 857 3723 matre,
874 3662 991 3710 ibid.
1007 3662 1180 3711 dicens:

179 3741 302 3808 Quis
340 3761 556 3810 unquam
594 3753 764 3811 pastor
786 3744 1005 3811 propriis
1038 3761 1183 3794 mem-

1253 1768 1411 1811 tores?
1454 1762 1628 1812 Multae
1655 1772 1830 1812 matres
1869 1780 1994 1828 soepe
2028 1762 2146 1811 aliis
2177 1779 2274 1810 nu-

1265 1846 1470 1894 tricibus
1510 1845 1702 1894 alendos
1743 1846 1960 1912 infantes
2010 1845 2272 1907 dederunt,

1255 1930 1357 1994 ipse
1374 1945 1484 1976 vero
1502 1945 1603 1977 non
1623 1930 1694 1978 ita
1719 1929 1830 1990 ;sed
1847 1932 1950 1995 ipse
1970 1945 2059 1977 nos
2076 1930 2278 1996 proprio

1256 2009 1512 2075 Sanquine
1564 2014 1790 2062 nutrivit.
1840 2012 1980 2061 Modo
2041 2020 2280 2077 comparat

1258 2112 1366 2143 cum
1396 2095 1668 2143 amantibus
1689 2131 1703 2155 ,
1727 2097 1807 2161 qui
1830 2095 2070 2143 interdum
2096 2113 2187 2160 prae
2203 2097 2279 2142 ni·

1259 2180 1353 2225 mio
1379 2194 1534 2226 amore
1568 2195 1725 2226 morsu
1755 2188 1980 2243 appetunt
2007 2194 2084 2226 eos
2108 2215 2121 2238 ‚
2163 2194 2283 2244 quos

1260 2259 1460 2323 diligunt
1482 2295 1495 2319 2
1536 2270 1587 2308 ut
1622 2278 1675 2308 eo
1706 2261 1843 2309 modo
1884 2261 2145 2326 significent
2186 2277 2233 2308 se
2256 2296 2272 2320 ‚

1260 2344 1297 2388 si
1327 2342 1426 2390 fieri
1456 2352 1634 2406 posset,
1655 2345 1776 2390 uniri
1794 2352 1840 2391 et
1864 2360 2013 2390 unum
2041 2343 2142 2390 fieri
2166 2359 2275 2390 eum

1261 2423 1373 2485 illis3
1387 2423 1620 2471 Christum
1640 2435 1793 2471 autem
1810 2424 1898 2472 hoc
1916 2424 2120 2471 mirabili
2139 2423 2277 2471 modo

1262 2523 1342 2571 per
1362 2506 1698 2555 Eucharistiam
1716 2506 1920 2555 effecisse
1944 2544 1956 2564 ‚
1975 2517 2027 2554 ut
2046 2524 2152 2555 vere
2166 2505 2282 2554 Cor-

1261 2592 1361 2653 pori
1385 2591 1483 2654 ejus
1505 2591 1769 2649 uniremur,
1790 2587 1941 2636 Hom.
1963 2606 2048 2637 xtv
2062 2590 2117 2636 in
2133 2586 2284 2637 Joan.

1262 2673 1401 2720 Modo
1422 2683 1656 2737 comparat
1672 2690 1780 2721 cum
1798 2673 1949 2732 Helia,
1967 2674 2054 2737 qui
2070 2672 2284 2720 melotem

1261 2754 1495 2820 discipulo
1530 2754 1759 2820 reliquit;
1792 2753 1959 2802 Filias
1992 2763 2152 2802 autem
2185 2754 2288 2802 Dei

1261 2837 1519 2885 ascendens
1546 2854 1686 2884 suam
1727 2852 1924 2884 carnem
1950 2837 2154 2885 dimisit.
2189 2835 2287 2883 Sed

1262 2919 1444 2967 Helias
1474 2919 1669 2984 quidem
1696 2928 1871 2967 exutus
1896 2956 1909 2979 ,
1947 2918 2174 2967 Christus
2201 2935 2287 2966 au-

1261 3010 1353 3050 tem
1370 3011 1415 3049 et
1439 3000 1577 3050 nobis
1603 3001 1835 3067 reliquit,
1860 3010 1903 3049 et
1927 3003 2085 3066 ipsam
2105 2999 2285 3047 habens

1261 3084 1509 3144 ascend-it,
1541 3083 1691 3132 Hom.
1727 3099 1762 3130 11
1786 3083 1851 3130 ad
1870 3082 2043 3149 popul.
2075 3082 2284 3130 antioch.

1263 3167 1404 3216 Modo
1436 3184 1544 3215 cum
1586 3166 1833 3216 Salomone
1854 3203 1866 3226 ‚
1900 3168 1981 3231 qui
2023 3183 2118 3212 non
2155 3165 2286 3212 aliter

1262 3251 1460 3298 duarum
1488 3251 1672 3297 illarum
1698 3249 1946 3297 mulierum
1979 3249 2110 3296 litem
2146 3248 2287 3295 valuit

1263 3352 1542 3400 componere
1576 3372 1589 3393 ‚
1635 3352 1777 3400 quam
1825 3333 2072 3381 dividendo
2121 3348 2293 3395 corpus

1265 3417 1518 3480 infantuli3
1551 3416 1758 3465 Christus
1791 3433 1896 3464 vero
1922 3425 2069 3462 totum
2100 3431 2147 3461 se
2166 3414 2282 3460 utri-

1265 3518 1356 3566 que
1392 3500 1618 3558 Ecelesiae‚
1650 3498 1956 3563 triumphanti
1979 3506 2023 3543 et
2042 3494 2282 3552 militanti,

1265 3585 1384 3630 inter
1411 3601 1457 3631 se
1479 3580 1869 3630 contendentibus
1888 3614 1901 3638 ,
1924 3578 2123 3642 reliquit.
2146 3575 2293 3623 Modo

1269 3675 1435 3713 terram
1463 3674 1694 3729 comparat
1711 3680 1818 3712 cum
1846 3660 1959 3709 coelo
1978 3695 1990 3719 ,
2021 3659 2159 3707 altare
2177 3675 2287 3706 cum

1268 3749 1485 3811 praesepio
1503 3782 1518 3807 ,
1549 3755 1639 3794 etc.
