2502 4186
288 215 411 280 ⁴1⁵6
919 238 1242 279 TRAGTATUS
1285 240 1354 276 nn
1396 239 1782 278 »osmi-anus.

369 378 510 459 202.
557 378 767 443 Raros·
795 398 973 460 porro
1011 377 1419 440 enci-edidisse
1468 390 1528 439 et
1579 378 1840 440 docuisse
1868 383 2124 461 ,quovis-³
2145 395 2411 467 tempore

288 472 481 535 claves
515 471 782 533 Ecclesiae
825 474 1124 533 concessas
1150 496 1183 533 a
1215 473 1445 534 Christo
1483 475 1658 535 fuisse
1694 497 1817 535 non
1850 474 2039 534 solum
2077 476 2154 536 ad
2180 479 2413 540 solven-

287 568 467 641 dum,
508 583 717 632 verum
751 567 1039 641 etiamad
1075 568 1380 649 ligandum
1420 590 1532 651 per
1572 569 1853 631 salutares
1899 580 1958 629 et
1996 573 2412 635 convenientes

287 663 750 738 SatisfactioneS,
777 663 1012 728 abunde
1048 659 1274 725 constat
1316 677 1447 724 tum
1483 686 1556 725 ex
1580 664 1815 727 illorum
1852 665 2236 740 testimoniiS,
2283 689 2412 748 quae

286 757 464 840 paulo
493 770 632 819 ante
653 758 957 819 attulimus
985 760 1047 818 in
1073 760 1356 841 superiori
1375 760 1816 842 propositione,
1848 771 1977 820 tum
1993 782 2065 822 ex
2083 761 2253 843 ipsis,
2284 783 2411 843 quae

286 853 698 936 descripsimus
710 900 726 928 .,
745 875 880 917 cum
895 876 1195 933 ageremus
1212 854 1285 915 de
1303 855 1678 916 Confessione
1699 855 2023 916 auriculari.
2050 857 2131 916 Ex
2143 856 2236 916 his
2254 857 2416 917 enim

287 959 474 1031 patet,
505 952 702 1010 Patres
730 971 1095 1032 comparasse
1121 950 1498 1010 confessarios
1515 950 1753 1010 medicis
1777 962 1838 1010 et
1851 950 2144 1029 judicibus
2165 952 2416 1012 forensi-

285 1043 416 1105 bus·
464 1046 551 1107 Ne
587 1046 764 1126 igitur
800 1045 995 1121 denuo
1025 1046 1149 1107 haec
1174 1045 1526 1106 documenta
1564 1046 1962 1126 proferamuS‚
2011 1047 2180 1105 unius
2217 1049 2274 1106 S.
2306 1049 2407 1108 In-

285 1141 543 1201 nocentii
571 1144 596 1199 I
619 1140 797 1202 verba
821 1142 1096 1201 recitasse
1124 1141 1372 1201 sufficiat
1390 1186 1406 1215 ,
1440 1142 1620 1224 quiin
1649 1142 1950 1222 Epistola,
1974 1163 2153 1224 quam
2180 1145 2266 1202 ad
2285 1144 2407 1203 De-

282 1241 552 1298 centium
602 1235 768 1296 dedit
789 1282 805 1312 ,
861 1236 1062 1295 scribit
1095 1259 1110 1295 :
1166 1238 1259 1296 De
1301 1239 1562 1316 pondere
1611 1240 1965 1298 oestimando
2012 1240 2361 1298 delictorum
2383 1282 2406 1311 ,

283 1333 671 1392 Sacer-dotum
696 1342 782 1391 est
796 1334 1092 1411 judicare
1106 1374 1127 1404 ,
1155 1343 1224 1392 ut
1245 1333 1517 1392 attendat
1537 1334 1622 1391 ad
1653 1334 2087 1412 Confessionem
2107 1338 2409 1414 paeniten-

282 1433 427 1487 tis...
452 1449 525 1486 ac
549 1438 679 1486 tum
688 1429 913 1506 jubere
935 1429 1174 1487 dimitti
1184 1427 1631 1510 (poenitentem)
1655 1450 1797 1487 cum
1821 1431 2043 1488 viderit
2074 1449 2408 1509 conyruam

282 1524 770 1603 Satisfactionem
807 1544 988 1583 suam
1016 1524 1127 1603 (l).
1164 1524 1275 1583 Tot
1318 1533 1597 1606 praeterea
1648 1524 1821 1603 hujus
1842 1545 1845 1549 ·
1865 1524 2125 1585 Ecclesiae
2161 1524 2297 1584 fidei
2342 1544 2409 1583 ac

281 1619 476 1700 praxis
500 1629 886 1678 monumenta
908 1631 1116 1679 extant
1137 1663 1154 1693 ,
1179 1631 1324 1701 quot
1348 1641 1601 1679 canones
1633 1631 1950 1702 supersunt
1975 1632 2033 1680 et
2063 1620 2196 1680 libri
2221 1621 2409 1701 poeni·

283 1713 554 1774 tentiales
569 1758 586 1789 7
604 1715 704 1796 qui
728 1713 954 1794 regulas
972 1714 1146 1793 hujus
1169 1715 1543 1797 imponeudae
1561 1715 1977 1797 Satisfactionis
1996 1715 2280 1776 exhibent
2294 1717 2404 1798 (2).

328 1810 330 1812 V
361 1823 504 1883 203.
550 1823 609 1883 S.
640 1834 837 1883 autem
868 1823 1119 1883 Thomas
1141 1823 1403 1902 ejusdem
1420 1823 1629 1905 agendi
1658 1825 1898 1884 rationis
1923 1826 2209 1884 rationem
2237 1825 2408 1886 theo-

281 1918 526 1996 logicam
565 1919 819 1998 assignat
844 1963 860 1991 ,
900 1917 1098 1977 dicens
1126 1941 1140 1976 z
1195 1920 1563 1999 Quandoque
1587 1941 1707 1999 per
1740 1925 2158 1979 contritionem
2206 1932 2407 1979 amota

278 2016 460 2093 culpa
473 2058 498 2087 ,
531 2025 587 2072 et
612 2024 784 2073 reatu
806 2035 1005 2094 poenoe
1031 2025 1269 2073 aeternoe
1304 2016 1528 2086 soluto,
1567 2025 1840 2073 remanet
1873 2016 2155 2095 ohliqatio
2177 2018 2263 2074 ad
2285 2018 2406 2074 ali-

278 2130 465 2189 quam
499 2130 752 2189 poenam
780 2111 1162 2190 temporalem
1181 2152 1205 2182 ,
1239 2120 1311 2168 ut
1315 2114 1573 2188 justitia
1609 2111 1730 2170 Dei
1748 2111 2045 2182 salvetur,
2075 2112 2406 2170 secundum

277 2227 463 2285 quam
491 2207 675 2285 culpa
707 2207 1039 2265 ordinatur
1055 2228 1175 2286 per
1190 2227 1463 2286 poenam.
1506 2206 1661 2266 Cum
1691 2217 1894 2264 autem
1923 2207 2130 2265 subire
2153 2228 2405 2286 poenam

267 2323 384 2382 pro
414 2303 922 2382 culpajudicium
949 2304 1252 2382 quoddam
1276 2308 1587 2382 requirat,
1609 2312 1853 2382 oportet,
1885 2303 2044 2380 quod
2066 2307 2364 2382 poenitens
2385 2348 2401 2378 ,

276 2402 389 2478 qui
410 2419 468 2459 ee
496 2399 728 2459 Christo
762 2400 1111 2459 sanandum
1148 2403 1478 2471 commisit,
1517 2399 1743 2458 Christi
1752 2399 2077 2477 judicium
2116 2404 2186 2458 in
2228 2410 2402 2458 taxa·

277 2498 435 2553 tione
458 2516 656 2574 poenoe
687 2505 948 2575 expectet
973 2518 993 2562 ‚·
1042 2496 1206 2574 quod
1234 2495 1479 2574 quidem
1510 2494 1631 2574 per‘
1658 2515 1795 2554 suos
1823 2495 2143 2555 Ministros
2171 2496 2406 2554 ealiihet

282 2591 555 2650 Christus
568 2634 588 2663 ,
613 2596 776 2650 sicut
801 2602 858 2650 et
882 2600 1072 2650 cetera
1100 2592 1494 2650 Sacramenta
1530 2590 1639 2670 (3).

355 2700 499 2760 204.
553 2702 621 2760 Et
645 2700 765 2761 haec
793 2700 1031 2783 quidem
1061 2700 1339 2761 adversus
1384 2702 1800 2759 protestantes.
1837 2697 2192 2758 Addendum
2222 2721 2399 2781 porro

279 2805 367 2856 est
395 2788 674 2857 adversus
696 2798 732 2856 J
735 2796 1058 2856 ansenistas
1077 2841 1094 2872 ‚
1127 2795 1279 2855 hanc
1317 2794 1775 2854 Satisfactionem
1803 2795 2122 2853 necessario
2145 2796 2405 2876 praemit·

274 2891 520 2951 tendam
548 2914 670 2951 non
710 2914 832 2952 esse
877 2890 1264 2966 absolutioni,
1303 2901 1371 2950 ut
1402 2890 1514 2971 ipsi
1554 2899 1882 2948 autumant.
1926 2891 2204 2962 Quamvis
2240 2892 2402 2952 enim

275 2987 599 3069 antiquitus
622 2986 925 3070 disciplina
952 2986 1294 3061 obtinuerit,
1319 2996 1388 3044 ut
1408 2985 1644 3044 nonnisi
1667 2997 1901 3067 peracta
1928 2985 2190 3064 injuncta
2218 2988 2398 3046 Satis-

273 3081 526 3143 faction'e
579 3082 819 3165 daretur
855 3082 1246 3143 reconciliatio
1277 3106 1293 3155 ς
1329 3102 1463 3140 cum
1498 3091 1698 3139 tamen
1745 3091 1949 3160 agatur
1986 3081 2060 3140 de
2099 3103 2162 3140 re
2213 3081 2396 3142 libera

275 3197 342 3235 ac
364 3176 744 3259 disciplinari,
771 3200 901 3260 quae
933 3200 1056 3237 non
1086 3176 1263 3236 afficit
1285 3174 1675 3235 substantiam
1693 3177 2081 3253 Sacramenti‚
2113 3199 2397 3236 nonnun-

276 3294 456 3355 quam
485 3272 734 3333 Ecclesia
778 3273 853 3332 ab
889 3273 988 3333 illa
1029 3273 1195 3355 praxi
1230 3273 1482 3332 recessit.
1520 3273 1669 3331 Sane
1708 3273 1771 3330 in
1809 3272 2064 3332 Concilio
2095 3272 2396 3352 Carthagi-

209 3378 213 3382 '
277 3368 468 3428 niensi
493 3368 574 3427 ΙΙΙ
597 3412 614 3439 .,
642 3390 799 3427 anno
818 3368 967 3445 225,
999 3366 1110 3427 sub
1133 3369 1191 3426 S.
1212 3367 1503 3449 Cypriano
1523 3377 1812 3426 statutum
1839 3377 1956 3444 est,
1985 3366 2242 3426 dandam
2271 3387 2394 3427 esse

346 3631 414 3693 (1)
441 3628 559 3695 Cap.
585 3645 688 3688 vu.
1382 3640 1427 3678 et
1458 3630 1546 3679 lib.
1571 3647 1642 3679 vr.

345 3711 413 3774 (2)
449 3710 546 3759 cfr.
575 3711 805 3772 morinus,
830 3709 911 3760 De
940 3706 1121 3760 Poenit.
1147 3709 1233 3760 lib.
1251 3727 1298 3761 ιν
1450 3711 1515 3774 (3)
1556 3711 1691 3760 Com.
1726 3712 1854 3776 qent.
1885 3711 1968 3760 lib.
2010 3727 2072 3772 tv,
2101 3728 2199 3775 cap.
2239 3726 2320 3776 7²·
