2502 4186
323 290 444 350 294

936 305 1256 349 TRACTATUS
1297 306 1367 343 DE
1409 306 1786 343 EUCHARISTIA
1795 329 1808 343 .

326 463 392 513 ut
420 448 630 509 idcirco
669 450 1156 526 impetratom'um
1183 468 1214 505 a
1251 444 1560 506 Catholicis
1602 446 1778 506 etiam
1810 446 2158 528 appelletur.
2191 450 2250 509 Si
2276 450 2437 510 enim

330 549 521 605 Deum
551 541 784 624 placare
815 539 984 600 nobis
1024 552 1219 622 potest
1254 563 1319 600 ac
1357 542 1682 623 propitium
1714 542 1934 617 facere,
1978 542 2185 624 quidni
2221 547 2437 628 poterit

325 660 480 699 nova
522 636 692 697 nobis
725 635 799 695 ab
831 635 958 719 ipso
985 647 1044 696 et
1080 634 1374 697 uberrima
1413 637 1732 715 gratiarum
1764 637 1918 697 dona
1939 683 1955 712 ,
1998 660 2152 701 nova
2188 641 2437 719 cujusvis

319 733 552 814 *generis
584 731 864 794 beneficia
885 778 901 808 7
941 721 1073 814 quae
1108 731 1186 790 ad
1211 733 1473 795 animam
1492 750 1521 807 ‚⁷
1538 752 1746 814 corpus
1783 744 1842 793 et
1871 754 1963 794 res
2001 745 2271 794 externas
2298 756 2435 816 per-

329 829 554 888 tineant
573 875 588 905 ‚
618 828 932 910 impetrare
961 825 1088 907 (l)'?
1121 828 1356 910 Itaque,
1398 827 1445 885 si
1469 826 1628 909 pleni
1654 827 1822 888 bouae
1855 829 2009 911 spei,
2035 830 2082 887 si
2098 828 2316 911 pietate
2343 831 2438 891 in-

324 923 612 992 flammati
639 923 713 983 ad
743 923 852 984 hoc
880 923 1232 989 Sacrificium
1259 945 1367 986 nos
1393 922 1758 984 conferamus
1783 972 1799 996 ,
1825 926 2013 988 Deum
2043 924 2206 985 facile
2231 947 2437 986 exora-

324 1018 519 1080 bimus
539 1065 556 1096 ,
583 1041 647 1085 ac
668 1019 819 1081 nihil
837 1020 950 1081 erit
970 1031 1094 1086 tam
1109 1018 1358 1085 arduum
1380 1040 1446 1078 ac
1467 1019 1623 1079 factu
1643 1018 1875 1089 difficile
1896 1065 1913 1095 ‚
1945 1019 2103 1102 quod
2126 1022 2441 1104 impetrare

325 1138 449 1177 non
487 1116 796 1199 possimus

313 1242 320 1250 ·
405 1212 546 1270 291.
592 1211 653 1270 Si
698 1211 827 1292 quis
864 1221 1090 1293 quaerat
1112 1255 1129 1285 7
1176 1210 1240 1270 in
1276 1232 1534 1292 quanam
1570 1231 1642 1270 ex
1678 1221 1768 1272 tot
1806 1209 2166 1287 actionibus,
2210 1233 2338 1293 quae
2379 1212 2442 1270 in

323 1308 519 1368 Missae'
545 1303 934 1366 celebratione
985 1316 1334 1380 occurrunt,
1390 1305 1727 1370 collocanda
1763 1306 1838 1367 sit
1885 1316 2004 1365 tota
2040 1307 2307 1368 Sacrificii
2347 1329 2442 1366 es—

322 1403 544 1475 sentia3
570 1403 910 1484 reponimus
929 1445 946 1477 ‚
970 1401 1126 1462 inter
1157 1412 1248 1461 tot
1266 1446 1282 1476 ,
1311 1423 1439 1484 quae
1469 1402 1958 1465 circumferuntur
1978 1446 1994 1477 ,
2023 1400 2446 1481 Theologorum

322 1498 642 1558 sententias
681 1497 853 1577 longe
904 1495 1073 1558 nobis
1126 1497 1594 1561 verisimiliorem
1633 1497 1820 1559 videri
1858 1492 2211 1561 sententiam
2246 1496 2442 1572 illam,

325 1614 453 1675 quae
477 1593 750 1657 Sacrificii
773 1593 1088 1657 essentiam
1118 1593 1181 1654 in
1207 1592 1329 1655 sola
1357 1592 1790 1656 consecratione
1819 1594 2135 1658 constituit.
2162 1592 2266 1654 Illa
2289 1593 2447 1655 enim

323 1690 474 1748 actio
503 1689 622 1748 sola
656 1688 978 1755 essentialis
1007 1689 1296 1750 censenda
1331 1701 1454 1765 est7
1498 1690 1562 1749 in
1596 1711 1710 1771 qua
1759 1689 2034 1750 Sacerdos
2065 1690 2183 1769 agit
2208 1691 2447 1749 nomine

326 1784 578 1859 Christi,
615 1796 673 1844 et
699 1785 757 1847 vi
782 1788 942 1862 cujus
971 1784 1206 1846 victima
1229 1784 1293 1843 in
1317 1785 1604 1847 Sacrificio
1629 1786 2162 1866 praesens'sistitum
2189 1796 2247 1846 et
2273 1784 2448 1849 offer-

325 1890 424 1939 tur
446 1879 630 1942 veluti
656 1879 956 1941 immolata
980 1880 1044 1940 in
1068 1879 1356 1940 honorem
1375 1880 1477 1941 Dei
1502 1882 1748 1940 auctoris
1774 1880 1914 1943 vitae,
1939 1891 1998 1939 et
2024 1881 2259 1954 mortise,
2286 1881 2450 1961 atqui

324 1975 387 2033 in
424 1973 546 2035 sola
576 1976 1006 2037 consecratione
1047 1975 1323 2036 Sacerdos
1363 1978 1481 2054 agit
1519 1976 1761 2037 nomine
1796 1975 2049 2049 Christi,
2093 1995 2346 2056 praesens
2382 1976 2446 2032 in

323 2069 608 2129 Sacrificio
649 2070 883 2132 victima
912 2070 1288 2129 constituitur
1323 2080 1382 2130 et
1418 2070 1661 2129 offertur
1696 2071 1758 2131 in
1801 2081 1957 2132 statu
1986 2070 2441 2144 immolationiS,

326 2186 442 2247 quo
475 2176 928 2247 repraesentatur
960 2164 1176 2224 Christi
1206 2185 1362 2223 mors
1385 2209 1400 2238 .,
1432 2164 1576 2223 dum
1604 2165 1660 2225 vi
1684 2163 2003 2226 verborum
2039 2164 2280 2224 seorsim
2313 2164 2450 2224 Cor-

322 2282 434 2342 pus
460 2306 476 2335 ,
512 2261 751 2320 seorsim
788 2282 926 2321 vero
954 2259 1197 2339 Sanguis
1237 2258 1579 2334 exhibetur3
1619 2260 1971 2320 consecratio
2001 2260 2175 2340 igitur
2206 2259 2325 2319 sola
2355 2282 2448 2320 es-

323 2355 582 2417 sentialis
617 2357 766 2415 actio
801 2356 1091 2416 censenda
1117 2367 1238 2431 est⁷
1269 2358 1331 2415 in
1370 2379 1483 2439 qua
1511 2357 1659 2416 ratio
1696 2357 1964 2416 Sacrificii
1998 2356 2280 2418 consistit.
2319 2358 2445 2430 Quo

320 2451 418 2526 fit,
459 2463 526 2510 ut
560 2450 808 2526 oblatiO,
847 2452 1083 2528 fracti0‚
1125 2452 1459 2511 communio
1505 2451 1711 2515 haberi
1747 2464 1982 2514 tantum
2022 2451 2274 2513 debeant
2303 2464 2443 2513 tan-

320 2568 499 2628 quam
530 2547 778 2609 totidem
815 2549 1078 2626 ejusdem
1112 2548 1383 2608 Sacrificii
1420 2559 1616 2630 partes
1657 2547 1968 2628 integrales
1995 2548 2107 2629 (2).

387 2738 459 2804 (l)
496 2738 618 2788 Sane
644 2738 695 2787 S.
714 2739 918 2806 Cyrillus
938 2739 1112 2788 Hieros.
1142 2738 1335 2788 Cateeh.

1422 2740 1662 2788 militibus
1695 2748 1740 2788 et
1770 2742 1941 2797 sociis,
1977 2756 2071 2805 pro
2090 2741 2157 2788 iis
2192 2741 2280 2803 qui
2298 2739 2439 2802 infir-

317 2823 398 2869 cit.
431 2838 484 2869 n.
513 2817 546 2867 8
567 2820 753 2881 ,scribit
775 2838 788 2868 :
811 2819 912 2869 Ἐπὶ
931 2826 1012 2876 τῆς
1034 2818 1201 2875 θυσίας
1227 2819 1339 2871 ἐκεί·
1421 2822 1672 2870 mitatibus
1697 2820 1947 2878 laborant,
1976 2839 2067 2887 pro
2099 2824 2166 2869 iis
2193 2824 2280 2885 qui
2311 2821 2436 2886 affli-

319 2923 391 2957 νης
424 2907 504 2950 τοῦ
522 2903 724 2965 ἱλασμοῦ·
749 2903 1096 2970 παρακαλοῦμεν
1128 2901 1197 2953 τὶν
1227 2901 1337 2954 Θεδν

317 2981 422 3051 ὖπέρ
447 2990 591 3039 κοινῆς
622 2989 704 3033 τὶἶν
740 2987 981 3040 {nnana-131⁷
1015 2984 1334 3053 εἰρήνης-’ὀπὴ

314 3072 395 3123 τῆς
427 3074 507 3116 τοῦ
540 3067 710 3131 αἶα-μου
739 3067 1027 3122 εὖτταθειάς·
1057 3068 1166 3136 ὅπέρ
1190 3081 1333 3129 βασι-

313 3146 437 3197 λε’ων·
474 3146 582 3216 tin-252
613 3155 917 3217 στρατιωτόν,
950 3149 1027 3200 καὶ
1055 3149 1330 3214 συμμάχων·

314 3228 420 3296 tin-2?
450 3236 530 3280 τῖὔν
565 3233 602 3280 ἔν
624 3231 908 3285 ἀσθενείαις·
940 3231 1044 3299 ὗπέρ
1076 3239 1155 3282 τὸν
1185 3254 1331 3281 κατα-

314 3310 592 3375 πονουμένων·
613 3311 691 3363 καὶ
716 3316 999 3376 οἷπαξαπλῶς
1025 3312 1132 3381 ὗπέρ
1160 3313 1330 3364 πάντων

311 3392 531 3453 βοηθείας
548 3393 759 3458 δεομένων
777 3394 988 3460 δεὶμεθα
1004 3397 1167 3463 argiva-⁶5
1184 3398 1328 3460 ἡμεῖς,

311 3474 388 3526 καὶ
419 3475 583 3533 ταύτην
614 3476 913 3545 προσφέρομεν
953 3477 1032 3535 ’τᾶν
1061 3477 1245 3529 Sao-lav.
1275 3480 1330 3528 Id

307 3570 375 3609 est
402 3577 416 3608 :
449 3557 615 3625 Super
650 3551 787 3609 illam
815 3565 1188 3628 propitiationis
1220 3563 1328 3611 hos-

310 3643 431 3690 tiam
453 3641 751 3693 obsecramus
775 3643 939 3692 Deum
959 3662 1052 3710 pro
1081 3647 1331 3693 communi

304 3723 612 3773 ecclesiarum
653 3742 796 3792 pace,
844 3742 937 3792 pro
976 3736 1102 3775 recta
1156 3727 1330 3774 mundi

305 3807 646 3870 compositione
662 3844 677 3864 ,
708 3824 798 3873 pro
820 3808 1191 3874 imperatoribus
1210 3847 1223 3865 ,
1235 3826 1327 3874 pro

1418 2903 1977 2969 ctionibusfpremuntur,
2003 2912 2048 2950 et
2064 2905 2332 2951 universim
2343 2920 2436 2969 pro

1418 2986 1640 3033 omnibus
1656 3023 1668 3046 ‚
1691 2987 1779 3049 qui
1793 2987 1897 3051 opis
1915 2985 2159 3050 indigent,
2173 3002 2439 3051 precamur

1417 3086 1505 3117 nos
1550 3086 1710 3117 omnes
1751 3079 1795 3117 et
1827 3069 1953 3117 hanc
1988 3071 2240 3117 victimam
2276 3070 2436 3135 offeri·

1417 3169 1543 3200 mus.
1574 3151 1749 3200 Eadem
1780 3163 2028 3200 occurrunt
2048 3154 2098 3200 in
2118 3153 2314 3216 liturgiis
2334 3169 2436 3198 om-

1418 3234 1555 3281 nibus
1586 3236 1724 3304 totius
1755 3234 1991 3282 christiani
2021 3233 2143 3282 orbis
2163 3270 2176 3293 ‚
2200 3233 2330 3280 nulla
2353 3249 2436 3280 ex-

1416 3326 1544 3380 cepta
1564 3353 1578 3375 ‚
1613 3334 1699 3365 nec
1715 3318 1875 3364 nonin
1903 3316 2207 3375 Tertulliano,
2243 3310 2329 3362 lib.
2347 3314 2437 3364 Ad

1417 3396 1708 3463 Scapulam,
1745 3400 1795 3445 in
1813 3396 1841 3444 J
1846 3400 1982 3446 ustini
2018 3396 2166 3462 Apol.
2186 3404 2221 3443 1a
2241 3396 2330 3444 loc.
2350 3398 2430 3443 cit.

1416 3483 1670 3545 ceterisque
1711 3479 1923 3528 Patribus
1960 3480 2085 3543 apud
2121 3478 2431 3526 Muratorium

1411 3565 1461 3611 in
1497 3563 1679 3610 laudata
1719 3562 1892 3610 dissert.
1926 3579 2028 3626 cap.
2068 3577 2111 3608 1.

1481 3644 1553 3709 (2)
1574 3644 1671 3692 Cfr.
1691 3643 1902 3709 Vasquez
1918 3644 2008 3692 loc.
2025 3644 2103 3691 cit.
2121 3641 2241 3705 disp.
2260 3657 2425 3700 ccxxu,

1412 3744 1515 3791 cap.
1542 3743 1559 3774 1
1584 3736 1627 3773 et
1645 3743 1773 3791 seqq.
1795 3725 2012 3773 Bellarm.
2033 3723 2115 3771 lib.
2130 3741 2158 3771 v
2175 3758 2188 3782 ,
2207 3739 2311 3786 cap.
2330 3738 2391 3787 27
2409 3757 2423 3780 ,

1411 3811 1492 3874 qui
1505 3819 1824 3873 tamen,prop.
1847 3823 1928 3869 vu,
1953 3807 2128 3866 statuit,
2145 3803 2426 3854 Sacramenti
