2502 4186
241 206 361 266 468
871 219 1202 262 usmarus
1244 222 1312 258 mi
1357 220 1750 260 roznrrsuru.

241 373 304 430 in
332 376 624 453 potestate
648 352 872 424 ordinis
893 409 909 439 ,
940 376 1073 425 tum
1109 385 1176 424 ea
1201 362 1383 426 verba
1410 363 1571 423 hunc
1600 384 1842 424 sensum
1877 383 2000 445 prae
2021 386 2082 425 se
2106 367 2327 428 ferrent
2359 389 2374 425 ε

241 464 562 534 Sacerdos,
602 463 712 541 qui
747 482 871 520 non
907 462 1085 520 habet
1105 470 1448 541 potestatem
1481 460 1720 518 ordinis
1732 503 1756 531 ,
1786 458 1850 518 id
1879 469 1967 518 est
1994 504 2010 533 ,
2054 461 2337 522 Sacerdos
2357 506 2380 535 ,

238 564 352 642 qui
379 579 500 617 non
545 567 630 615 est
669 557 997 623 Sacerd083
1030 557 1134 638 qui
1173 577 1378 616 sensus
1412 554 1590 637 plane
1632 553 1920 615 absurdus
1964 566 2117 615 esset
2152 567 2212 616 et
2249 579 2383 617 con-

247 652 645 715 tradictorius,
697 653 954 717 Rursum
1005 673 1021 709 ε
1078 673 1111 711 3
1153 650 1498 710 Tridentino
1543 661 1803 732 potestas
1847 651 1970 711 sive
2016 652 2382 730 jurisdictio,

247 770 376 833 quae
402 746 814 809 Sacerdotibus
839 746 1162 822 confertur,
1181 747 1563 826 subdela-qam
1579 745 1827 820 dicitur3
1854 746 2188 806 inauditum
2210 769 2386 829 porro

242 858 331 907 est
361 865 617 905 asserere
640 844 1086 924 subdeleqatam
1114 862 1237 901 esse
1258 852 1616 924 potestatem
1637 887 1653 916 ‚
1690 863 1822 923 quae
1844 863 1876 900 a
1900 844 2022 902 Deo
2059 842 2121 900 in
2146 841 2390 904 ordina-

240 947 407 1003 tione
430 939 772 1000 immediate
796 939 1097 998 confertur
1115 984 1130 1012 ,
1171 958 1416 1019 quaeque
1438 937 1502 995 in
1525 937 1858 997 charactere
1881 937 2224 998 sacerdotali
2252 960 2391 999 con-

246 1038 400 1098 sistit
423 1047 483 1097 et
505 1056 752 1118 ‘prorsus
782 1032 1181 1110 inamissibilis
1218 1044 1326 1093 est.
1363 1033 1639 1093 Doctrina
1675 1034 1851 1113 igitur
1876 1033 2118 1092 Concilii
2154 1045 2272 1110 est,
2307 1035 2392 1094 ir—

245 1137 423 1195 ritam
476 1144 534 1192 et
589 1130 812 1190 nullius
870 1129 1159 1189 momenti
1233 1149 1359 1188 esse
1422 1127 1857 1189 absolutionem
1922 1130 2288 1212 impertitam
2357 1152 2391 1192 a

247 1229 579 1305 Sacerdote,
602 1226 703 1309 qui
716 1212 1522 1306 jurisdictione*ecclesiastica
1541 1226 1616 1284 sit
1631 1224 2172 1309 destitutuszprout
2189 1248 2392 1287 omnes

246 1325 524 1406 Theologi
567 1322 930 1401 unanimiter
955 1320 1384 1381 intellexerunt
1416 1342 1600 1402 usque
1635 1320 1712 1381 ad
1746 1343 1933 1386 novos
1970 1322 2111 1382 istos
2153 1334 2394 1405 pertur-

246 1423 484 1484 batores
505 1454 523 1497 ·,
550 1441 695 1503 quos
711 1419 1151 1502 impugnamus,

328 1517 473 1577 250.
523 1518 743 1576 Verum
762 1561 783 1589 ἦ
806 1514 969 1597 quod
996 1535 1237 1574 omnem
1260 1512 1695 1584 dubitationem
1721 1525 1958 1578 amovet
1980 1517 2129 1577 circa
2157 1539 2391 1597 germa-

249 1638 396 1677 num
412 1612 656 1674 Concilii
685 1610 1019 1699 Tridentini
1045 1631 1284 1670 sensum
1312 1610 1376 1669 in
1399 1609 1665 1670 adductis
1689 1611 1883 1672 verbis
1905 1658 1920 1687 ,
1948 1612 2097 1672 illud
2121 1624 2210 1674 est
2235 1613 2397 1697 quod

251 1710 502 1772 Romani
523 1707 844 1768 Pontifices
874 1705 1177 1765 interdum
1216 1706 1332 1764 suis
1358 1705 1607 1767 decretis
1647 1708 1988 1770 Sacerdotes
2019 1710 2181 1768 omni
2211 1709 2398 1771 decla-

251 1818 461 1869 rarunt
507 1805 853 1865 auctoritate
902 1802 1248 1878 destitutos,
1303 1824 1368 1862 ac
1403 1803 1632 1862 nullam
1672 1825 1798 1864 esse
1838 1804 2272 1866 absolutionem
2318 1805 2393 1867 ab

250 1903 391 1984 ipsis
421 1900 714 1960 collatam.
748 1901 940 1956 Instar
970 1899 1239 1956 omnium
1266 1897 1341 1955 sit
1379 1897 1721 1958 BenedIctus
1750 1901 1880 1958 XIV
1900 1945 1917 1974 ‚
1948 1901 2049 1981 qui
2077 1901 2140 1959 in
2187 1904 2389 1961 Const.

251 2002 719 2059 Sacramentum
748 1995 1135 2053 Poenitentioe
1161 1992 1254 2050 his
1276 1990 1471 2054 verbis
1495 1991 1716 2052 ademit
1754 1994 2119 2054 Confessario
2150 2019 2398 2059 omnem

253 2093 592 2154 facultatem
642 2087 989 2150 absolvendi
1044 2087 1392 2170 complicem
1443 2088 1506 2146 in
1561 2101 1800 2171 peccato
1851 2091 2013 2173 turpi
2065 2114 2078 2149 ε
2140 2093 2396 2154 Sublata

244 2201 566 2271 propterea
606 2189 706 2246 illi
739 2185 1197 2266 (Confessario)
1237 2188 1365 2265 ipso
1392 2189 1549 2263 jure
1606 2207 1988 2266 quacumque
2039 2196 2398 2249 auctoritate

256 2300 311 2347 et
313 2286 747 2368 jurisdictione
772 2284 857 2341 ad
875 2283 1376 2362 qualemcumque
1390 2303 1717 2362 personam
1743 2285 1822 2342 ab
1847 2284 2200 2363 hujusmodi
2213 2290 2398 2368 culpa

259 2381 717 2447 absolvendam,·
752 2380 894 2437 adeo
929 2379 1175 2458 quidem
1207 2388 1280 2436 ut
1317 2380 1611 2439 absolutio
1633 2422 1648 2447 ‚
1688 2384 1748 2439 si
1770 2401 1958 2460 quam
1995 2386 2396 2462 impertierit,

260 2481 436 2539 nulla
472 2488 649 2557 atque
694 2480 882 2535 irrita
934 2479 1180 2534 omnino
1218 2478 1300 2534 sit
1327 2519 1349 2547 ,
1411 2487 1708 2555 tanquam
1749 2482 2064 2558 impertita
2099 2502 2140 2538 a
2182 2482 2396 2540 Sacer-

261 2579 388 2636 dote
408 2620 424 2650 ,
454 2579 566 2654 qui
581 2574 1024 2653 jurisdictione
1061 2593 1134 2630 ac
1157 2574 1451 2651 facultate
1485 2574 1571 2651 ad
1605 2574 1802 2632 valide
1841 2575 2265 2651 absolvendum
2289 2599 2397 2637 ne-

260 2675 523 2732 cessaria
554 2673 847 2750 privatus
891 2672 1127 2743 eaistit,
1172 2689 1360 2747 quam
1396 2674 1457 2727 ei
1486 2656 1605 2749 per
1640 2681 1966 2749 proesentes
2005 2672 2114 2730 lias
2159 2683 2396 2731 nostras

257 2769 529 2828 adimere
565 2765 944 2824 intendimus
982 2763 1092 2844 (l).
1145 2765 1282 2823 Jam
1328 2785 1468 2824 vero
1513 2786 1797 2846 quorsum
1849 2765 1971 2827 haec
2010 2779 2347 2849 spectarent
2374 2815 2392 2844 .‚

332 2961 394 3027 (1)
434 2961 533 3010 Cfr.
571 2961 670 3027 ejus
715 2958 894 3008 Bullar.
944 2968 1057 3007 tom.
1090 2968 1142 3019 1,
1183 2973 1288 3024 pag.
1375 2959 1527 3007 ctione
1553 2957 1758 3007 destituit
1780 2960 2126 3010 Confessarium
2148 2962 2302 3029 quoad
2320 2982 2396 3013 so—

268 3043 330 3093 52
351 3057 394 3094 et
412 3041 494 3092 53.
521 3043 621 3091 Cfr.
654 3045 800 3102 item,
833 3059 935 3110 quae
962 3043 1141 3106 scripsit
1167 3040 1290 3088 idem
1376 3043 1469 3088 cios
1487 3080 1503 3101 ,
1541 3059 1657 3107 quos
1682 3042 1899 3091 habuerit
1925 3046 1975 3092 in
2004 3046 2198 3093 crimine
2219 3083 2232 3105 ,
2258 3057 2396 3112 atque

266 3128 627 3191 sapientissimus
652 3124 873 3172 ‘Pontifex
901 3126 953 3172 in
977 3141 1055 3189 op.
1091 3121 1160 3171 De
1196 3121 1292 3187 Sy·
1376 3123 1503 3170 addit
1529 3134 1746 3188 praeterea
1781 3142 1795 3172 ε
1829 3124 1890 3172 Si
1916 3142 2061 3190 quam
2089 3143 2197 3175 vero
2226 3136 2393 3176 aucto-

264 3208 387 3257 nodo
403 3209 485 3256 lib.
501 3225 584 3266 vn,
601 3224 704 3272 cap.
734 3204 811 3269 14.
829 3206 931 3266 His,
962 3209 1000 3254 si
1021 3222 1136 3270 opus
1154 3213 1288 3265 esset,
1374 3207 1564 3253 ritatem
1579 3207 2072 3275 jurisdictionemque
2091 3209 2288 3268 habeat,
2323 3228 2394 3273 ea,

266 3292 404 3358 adjici
439 3301 590 3356 posset
626 3289 676 3338 S.
719 3289 913 3339 Carolus
950 3290 1241 3338 Borromaeus
1275 3324 1288 3349 ,
1373 3305 1435 3335 ae
1449 3288 1699 3347 abutatur,
1712 3292 1972 3355 privamus
1995 3329 2008 3351 ,
2027 3293 2155 3356 quod
2181 3293 2246 3340 ad
2268 3293 2396 3341 hanc

267 3376 350 3440 qui
378 3371 693 3434 inConeil.1v
725 3371 913 3421 Mediol.
944 3389 1086 3420 anno.
1125 3369 1253 3437 1576
1275 3407 1289 3431 ‚
1374 3388 1575 3420 causam
1601 3372 1884 3439 culpamque
1922 3376 2095 3422 attinet
2122 3393 2136 3438 ;
2164 3391 2252 3423 uec
2276 3391 2389 3423 vero

269 3456 465 3504 mandat
499 3491 512 3514 ‚
554 3464 604 3501 ut
635 3451 915 3502 Confessarii
948 3454 1068 3503 hene
1102 3464 1294 3502 noscant
1378 3454 1639 3515 absolutio,
1675 3454 1880 3520 siquam
1905 3458 2221 3522 impertierit,
2247 3456 2396 3505 ullius

269 3555 402 3586 casus
427 3546 706 3597 reservatos,
728 3537 783 3583 in
816 3535 992 3600 quibus
1023 3535 1301 3584 absolvendi
1381 3537 1561 3584 roboris
1574 3540 1639 3585 sit
1660 3576 1672 3597 ‚
1692 3539 1774 3586 sed
1789 3541 1932 3587 irrita
1940 3539 2088 3606 plane
2101 3557 2158 3587 ac
2171 3540 2392 3599 rescissa,

264 3621 603 3667 auctoritatem
627 3617 816 3666 nullam
845 3618 1040 3667 habent.
1064 3618 1123 3665 Et
1150 3620 1200 3665 in
1220 3636 1295 3684 sy·
1378 3618 1607 3684 nullaque
1635 3623 1829 3669 omnino
1849 3658 1863 3681 ‚
1894 3630 2126 3687 tanquam
2143 3622 2203 3670 ab
2230 3638 2282 3669 eo
2301 3623 2397 3669 im·

263 3702 393 3751 nodo
433 3702 569 3751 dioec.
596 3709 675 3764 xi,
726 3718 850 3751 anno
893 3697 1063 3763 1584,
1100 3701 1294 3768 jurisdi-
1368 3704 1684 3769 pertita‚qui
1693 3705 2078 3772 jurisdictionis
2113 3721 2280 3772 expers
2308 3706 2392 3755 sit.
