2502 4186
313 213 437 275 448
953 233 1276 271 rnAo‘rA'rus
1309 234 1377 272 nu
1421 236 1811 274 Ponm'rnnru.

327 372 692 443 Pistoriensis
732 393 869 437 ausa
907 373 985 432 sit
1021 372 1298 452 eumdem
1335 395 1595 435 errorem
1635 375 1960 436 instaurare
1989 398 2153 459 prop.
2189 382 2395 440 XXXV
2417 425 2434 455 .,

219 485 222 487 “
316 470 409 530 his
452 467 646 533 verbis
671 483 687 525 τ
712 466 795 526 δι’
817 468 1090 527 charitas
1113 473 1183 527 in
1206 474 1522 552 principio
1563 492 1795 550 semper
1831 471 2046 530 debilis
2075 483 2187 539 est,
2228 477 2299 534 de
2336 480 2439 535 via

319 566 640 625 ordinaria
662 564 748 623 ad
769 565 1161 626 obtinendum
1190 576 1582 644 auqmentum
1616 567 1800 644 hujus
1831 567 2150 626 charitatis
2179 582 2436 647 oportet,

311 670 386 719 ut
412 659 700 718 Sacerdos
734 660 1070 737 praecedere
1097 662 1300 738 faciat
1339 682 1431 719 eos
1464 671 1634 720 actus
1670 662 2117 721 humiliationis
2147 674 2203 721 et
2226 671 2438 742 poeni-

310 756 509 814 tentioe
525 796 548 826 ,
592 757 717 832 qui
744 756 1008 832 fuerunt
1040 758 1212 813 omni
1241 765 1408 814 oetate
1445 756 1525 814 ab
1561 756 1832 815 Ecclesia
1869 758 2284 816 commendati.
2317 760 2440 818 Re-

310 850 525 930 diqere‘
544 849 840 916 Iuosactus
863 850 950 911 ad
969 870 1208 928 paucas
1235 854 1527 908 orationes
1544 893 1566 921 ,
1602 862 1716 909 aut
1747 852 1833 909 ad
1857 853 2108 930 aliquod
2109 856 2438 930 jejunium

299 955 436 1025 post
441 948 589 1024 jam
625 945 913 1009 collatam.
939 945 1373 1010 ahsolutionem
1385 988 1408 1017 ,
1446 946 1690 1004 videtur
1711 951 1919 1025 potius
1946 950 2259 1006 materiale
2290 949 2440 1007 desi·

307 1042 550 1106 derium
584 1041 1157 1109 conservandihuic
1201 1041 1588 1123 Sacramento
1628 1043 1862 1101 nudum
1899 1064 2117 1102 nomen
2138 1049 2440 1122 poeniten·—

308 1141 442 1208 tioe,
467 1156 656 1214 quam
672 1165 674 1170 ¹
691 1136 960 1201 medium.
990 1137 1420 1195 illuminatum
1448 1147 1502 1195 et
1525 1148 1741 1216 aptum
1778 1138 1864 1196 ad
1882 1139 2235 1218 auyendum
2259 1141 2439 1198 illum

300 1235 627 1311 7⁶,ervorem42>
644 1231 1003 1301 charitatis,
1042 1235 1157 1309 qui
1191 1231 1358 1289 dehet
1379 1233 1715 1310 proecedere
1747 1234 2216 1293 ahsolutionem.'
2243 1235 2438 1314 Lortqe

305 1327 877 1406 quidemyahsumus
904 1327 983 1383 ab
1022 1327 1433 1405 improbanda
1453 1332 1656 1406 praoei
1686 1330 2040 1408 imponendi
2052 1333 2439 1408 poenitentias

305 1427 642 1502 etiam-post
659 1423 1090 1490 ahsolutionem
1122 1423 1485 1501 implendas.
1515 1425 1589 1481 Si
1601 1428 1816 1501 ‘omnia
1839 1435 2044 1483 nostra
2070 1425 2228 1486 bona
2253 1446 2437 1504 opera

303 1539 536 1598 semper
556 1511 874 1595 adjunctos
893 1517 1131 1584 'habent
1159 1527 1389 1577 nostros
1417 1519 1708 1597 defectus,
1750 1530 1974 1597 quanto
2015 1524 2210 1601 mayis
2244 1524 2440 1579 vereri

304 1615 602 1690 dehemus,
620 1636 696 1687 ne
700 1615 1015 1693 plurimas
1035 1616 1514 1693 imperfectiones
1537 1615 1974 1680 admiserimus
1997 1619 2067 1673 in
2088 1616 2435 1693 difficillimo

303 1720 360 1768 et
376 1714 593 1790 maqni
618 1713 906 1771 momenti
929 1729 1097 1788 opere
1114 1717 1328 1776 nostrae
1345 1709 1893 1775 reconciliationis?
1917 1712 2056 1784 Quae
2079 1710 2396 1792 propositio
2413 1755 2431 1784 ‚

302 1815 600 1884 quatenus
641 1807 887 1879 innuit,
909 1806 1335 1884 poenitentias,
1385 1825 1519 1883 quae
1569 1809 1981 1884 imponuntur
2029 1805 2433 1884 adimplendae

291 1911 434 1979 post
463 1882 892 1958 absolutionem
907 1942 932 1970 „
964 1900 1316 1978 spectandas
1341 1904 1549 1978 potius
1583 1922 1698 1959 esse
1744 1902 1903 1958 velut
1947 1902 2432 1980 supplementum

292 2016 411 2074 pro
450 1996 774 2074 defectibus
806 1995 1089 2053 admissis
1113 1998 1184 2052 in
1211 2014 1380 2073 opere
1407 1977 1624 2052 nostroe
1665 1997 2174 2054 reconciliationis
2191 2039 2212 2066 ,
2243 2016 2433 2075 quam

302 2101 375 2149 ut
392 2094 788 2170 paenitentias
818 2110 948 2148 vere
977 2089 1442 2148 sacramentales
1480 2099 1537 2147 et
1563 2092 2002 2168 satisfactorias
2028 2111 2148 2168 pro
2167 2095 2433 2170 peccatis

301 2190 581 2266 confessis
607 2212 624 2260 ς
655 2192 832 2266 quasi
856 2231 872 2261 ,
899 2197 965 2246 ut
987 2208 1128 2245 vera
1152 2190 1307 2245 ratio
1334 2186 1756 2262 Sacramenti‚
1789 2207 1912 2245 non
1950 2187 2188 2245 nudum
2220 2208 2433 2246 nomen

302 2294 609 2356 servetur,
647 2293 910 2365 oporteat
935 2283 1005 2341 de
1043 2285 1143 2341 via
1181 2283 1546 2353 ordinaria,
1582 2292 1653 2340 ut
1685 2292 1857 2341 actus
1892 2282 2345 2342 humiliationis
2379 2293 2437 2342 et

291 2383 702 2460 poenitentiae,
736 2384 851 2459 qui
882 2384 1292 2459 imponuntur
1316 2400 1435 2458 per
1472 2379 1719 2438 modum
1761 2381 2191 2458 satisfactionis
2226 2400 2432 2438 sacra-

300 2477 580 2534 mentalis
595 2518 619 2548 ,
650 2475 984 2554 praecedere
1008 2475 1263 2533 debeant
1279 2475 1747 2545 absolutionem,
1771 2473 2100 2533 declaratur
2115 2484 2175 2541 et
2189 2474 2434 2556 proscri-

298 2568 460 2629 bitur
498 2592 530 2629 a
553 2570 654 2630 Pio
687 2570 842 2642 Vtin
873 2568 1197 2649 dogmatica
1235 2570 1547 2639 Constitut.
1575 2570 1896 2630 Auctorem
1932 2570 2107 2648 fidei,
2148 2580 2432 2650 tanquam

291 2667 493 2744 falsa,
515 2670 874 2738 temeraria,
899 2668 1208 2724 communi
1224 2670 1422 2744 praxi
1450 2665 1734 2725 Ecclesiae
1763 2668 2104 2744 injuriosa,
2140 2666 2432 2724 inducens

298 2764 369 2819 in
394 2782 655 2821 errorem
683 2763 1011 2823 hoereti'cali
1044 2771 1186 2820 nota
1220 2763 1292 2819 in
1329 2761 1507 2820 Petro
1544 2762 1615 2819 de
1646 2761 1828 2821 Osma
1857 2761 2179 2840 confixum.

1110 2926 1603 2970 DIFFICULTATES.

377 3053 523 3115 207.
572 3053 708 3132 Obj.
772 3053 947 3114 Nulla
992 3055 1228 3137 penitus
1271 3053 1593 3112 Satisfactio
1654 3075 1687 3111 a
1737 3049 2146 3111 Sacerdotibus
2204 3049 2430 3131 injungi

296 3147 474 3208 debet
498 3194 514 3224 ,
538 3170 673 3208 cum
693 3148 814 3209 haec
842 3149 1050 3229 agendi
1075 3148 1222 3208 ratio
1250 3147 1521 3230 Apostoli
1540 3147 1869 3206 doctrinam
1900 3167 2143 3228 prorsus
2173 3155 2422 3204 evertat.

293 3245 428 3302 Jma
480 3265 616 3306 vero
644 3290 659 3318 .,
702 3247 726 3302 I
759 3245 927 3303 Rom.
975 3246 1043 3321 V,
1081 3243 1161 3302 20
1191 3288 1206 3317 7
1241 3243 1365 3324 ipse
1407 3253 1606 3325 aperte
1641 3242 1811 3301 docet
1847 3265 1871 3301 vz
1927 3243 2048 3302 Ubi
2092 3242 2435 3300 abundavit

293 3332 614 3409 delictum,
656 3341 1180 3419 superabundavit
1198 3343 1442 3419 yratz‘a;
1479 3351 1541 3398 et
1568 3337 1775 3396 clarius
1811 3337 2003 3397 adhuc
2028 3335 2110 3395 ib.
2146 3337 2273 3394 VIII
2294 3381 2310 3410 ,
2356 3335 2421 3391 1:

292 3432 478 3494 Nihil
496 3477 518 3505 ,
554 3433 747 3515 inquit
776 3478 792 3506 ‚
835 3435 1249 3493 damnationis
1278 3444 1360 3492 est
1388 3438 1504 3505 iis,
1545 3438 1653 3513 qui
1697 3444 1844 3492 sunt
1880 3438 1947 3492 in
1993 3432 2225 3491 Christo
2251 3431 2419 3490 Jesu.

293 3528 351 3586 Si
375 3530 538 3588 nihil
555 3576 570 3605 .,
602 3551 738 3610 ergo
762 3551 952 3610 neque
986 3529 1181 3611 quoad
1208 3529 1438 3611 culpam
1457 3574 1473 3605 ‚
1501 3551 1693 3611 neque
1722 3527 1915 3611 quoad
1933 3520 2203 3609 'poenamf
2234 3526 2423 3598 Quare

293 3619 363 3681 30
397 3621 473 3683 ad
515 3624 728 3706 EpheS.
757 3625 829 3684 IV
850 3669 868 3699 ,
908 3623 988 3684 28
1008 3669 1024 3699 ,
1054 3623 1206 3683 nihil
1240 3624 1400 3684 aliud
1430 3646 1462 3684 a
1494 3625 1786 3686 conversis
1827 3623 2071 3705 requiri-t
2105 3617 2281 3703 quam
2311 3642 2419 3678 no-

291 3737 428 3779 vam
448 3719 655 3797 vitam,
682 3718 940 3780 scribens
972 3741 985 3778 ε
1026 3720 1153 3801 Qui
1165 3722 1429 3799 furatur
1431 3724 1578 3800 jam
1608 3741 1731 3780 non
1746 3722 2019 3799 furetur.
2057 3717 2124 3776 40
2160 3712 2421 3798 Apostoli
