2502 4186
263 227 380 289 172

895 245 1213 284 TRACTATUS
1259 246 1326 282 DE
1369 245 1765 287 EUGHARISTIA.

261 390 371 469 (in
402 385 759 465 Talmude),
785 406 979 467 neque
998 384 1157 466 apud
1185 397 1409 446 veteres
1435 408 1832 469 quoscumque
1861 389 2110 450 verbum
2138 393 2375 476 aliquod

261 483 335 542 de
370 483 479 540 hoc
513 481 630 539 ritu
662 480 930 538 occurrit.
972 480 1257 540 Omnium
1302 481 1524 563 primus
1552 526 1568 556 ,
1613 502 1726 541 sec.
1783 482 2158 546 tandemssXII
2186 533 2201 562 ,
2231 489 2376 548 Mai-

260 575 532 659 monides
558 574 717 634 illam
754 574 1068 634 formulam
1104 588 1428 650 memorat3
1469 597 1678 637 verum
1711 588 1770 636 et
1804 578 1928 659 ipse
1956 600 2223 660 expresse
2257 595 2376 642 tes-

260 682 454 744 tatur,
484 669 637 728 hanc
672 669 986 729 formulam
1005 715 1022 745 ,
1051 691 1182 752 quae
1217 683 1409 732 stante
1435 671 1626 731 adhuc
1649 672 1905 732 secundo
1952 674 2175 756 templo
2216 698 2375 736 non-

250 765 400 824 ¹dum
443 763 817 839 obtinuerat,
878 764 1069 824 solum
1118 778 1252 848 post
1299 768 1688 828 vastationem
1732 768 1939 851 templi
1991 782 2051 829 et
2101 772 2377 851 magnam

257 860 660 943 captivitatem
701 883 809 919 usu
849 871 1146 943 receptam
1181 883 1339 939 esse,
1378 862 1575 922 dicens
1608 885 1621 920 :
1662 864 1816 924 Ecce
1864 876 2067 924 antem
2097 869 2377 944 formula

255 958 479 1036 hymni
512 960 677 1035 ejus,
723 977 898 1035 quem
937 978 1104 1016 nune
1133 963 1417 1038 temporis
1450 979 1650 1017 omnes
1691 964 1943 1019 omnino
1971 961 2187 1021 Judaez·
2212 964 2378 1043 lonqe

254 1054 480 1131 lateque
512 1053 768 1131 dispersi
793 1073 864 1110 ao
892 1053 1177 1133 dissipati
1217 1056 1304 1113 ad
1327 1076 1598 1114 mensam
1633 1058 1879 1113 ineunte
1905 1058 2190 1134 paschate
2220 1063 2378 1117 reoi-

257 1140 411 1208 tant.
443 1150 704 1226 Arrepto
730 1149 1094 1226 poculorum
1125 1151 1343 1226 alter-0,
1380 1155 1468 1209 ita
1507 1151 1724 1209 dicunt
1760 1172 1779 1208 .-
1819 1151 1922 1210 Eoe
1945 1152 2207 1232 AEyypto
2226 1175 2376 1233 pro-

243 1255 532 1324 perantes
556 1249 930 1304 excessimus.
977 1246 1136 1305 Tum
1171 1268 1304 1305 vero
1331 1247 1626 1326 hymnum
1653 1251 1968 1326 incipiunt
1993 1252 2176 1307 istum
2209 1275 2225 1307 :
2254 1251 2326 1308 H
2322 1255 2378 1309 ie

252 1350 337 1398 est
347 1341 538 1419 panis
571 1341 910 1419 afflictionis
937 1386 953 1416 ,
997 1353 1106 1401 etc.
1134 1342 1245 1421 (l).
1274 1341 1511 1401 Accedit
1540 1343 1908 1425 etiam-quod
1930 1343 1992 1400 in
2021 1342 2122 1402 illo
2154 1343 2376 1424 hymno

253 1457 370 1494 una
432 1447 668 1496 tantum
718 1449 1210 1497 commemoretur
1260 1437 1534 1498 identitas
1586 1437 1880 1520 qualitatis
1915 1465 1931 1513 ς
1995 1440 2162 1521 panis
2217 1441 2375 1499 enim

253 1553 521 1613 azymuS,
558 1554 734 1615 quem
772 1532 1001 1594 Hebraei
1040 1532 1428 1593 comedebant
1451 1580 1467 1609 ,
1513 1534 1655 1616 ipsis
1679 1534 1742 1592 in
1765 1544 2028 1594 mentem
2067 1534 2377 1595 revocabat

254 1627 628 1710 afflictionem
652 1675 668 1703 .,
705 1650 881 1710 quam
933 1629 1194 1712 perpessi
1221 1630 1452 1689 fuerant
1492 1640 1689 1711 patres
1735 1651 1937 1689 eorum
1983 1631 2046 1688 in
2088 1633 2375 1712 AEgypt03

256 1734 459 1782 contra
486 1744 627 1785 vero
667 1723 882 1783 Christi
922 1724 1102 1785 verba
1137 1725 1575 1784 testamentaria
1604 1735 1771 1801 sunt,
1809 1747 1873 1784 ac
1906 1748 2123 1787 novam
2147 1727 2377 1784 institu-

257 1820 482 1879 tionem
506 1820 793 1886 reserunt.
833 1823 1023 1894 Quare
1046 1820 1207 1879 nulla
1233 1822 1522 1903 reperitur
1545 1820 1701 1879 inter
1722 1831 2034 1903 utramque
2062 1821 2378 1882 formulam

261 1915 627 1975 necessitudo
655 1927 757 1975 aut
795 1917 1153 1998 comparatio
1182 1914 1292 1996 (2).

341 2010 441 2070 52.
463 2010 568 2073 >Ad
583 2011 829 2071 alteram
851 2011 1164 2071 formulam
1186 2011 1344 2093 quod
1367 2012 1601 2086 attinet,
1629 2011 1887 2070 ostendit
1907 2011 2371 2091 SchoettgeniuS,

254 2114 363 2191 51³2
406 2106 605 2186 (quplt
630 2152 645 2182 .,
679 2128 895 2189 nempe
932 2107 1184 2187 corpus)
1216 2128 1338 2166 esse
1362 2106 1758 2186 syriacismum
1779 2152 1795 2180 7
1827 2108 1928 2188 qui
1948 2106 2196 2188 perinde
2224 2107 2380 2168 valet

254 2224 321 2262 ae
362 2207 582 2262 veritas
614 2225 717 2261 seu
752 2207 1067 2262 existentia
1107 2204 1289 2261 realis
1329 2203 1595 2280 alicujus
1622 2207 1737 2260 mei
1755 2246 1776 2273 ,
1816 2223 1880 2260 ac
1930 2214 2241 2284 propterea
2265 2247 2280 2276 ,
2333 2203 2379 2261 si

257 2297 465 2357 iisdem
517 2296 710 2357 verbis
760 2298 1022 2357 Christus
1071 2319 1207 2356 usus
1257 2307 1408 2356 esset
1453 2297 1515 2354 in
1562 2296 1930 2357 institutione
1976 2297 2378 2372 Eucharistiae,

322 2519 385 2584 (1)
422 2518 720 2584 Schoettgen.
767 2510 923 2566 Horae
965 2517 1202 2568 hebraicae
1232 2527 1277 2567 et
1355 2526 1472 2565 sant
1504 2534 1519 2565 ε
1561 2517 1666 2566 Hic
1694 2517 1849 2583 panis
1886 2517 2135 2582 siqnificat
2162 2533 2378 2582 panem,

253 2600 458 2650 tal-mad.
490 2612 606 2650 tom.
629 2619 645 2648 x
663 2638 677 2663 ‚
710 2619 818 2667 pag.
852 2617 968 2666 227.

321 2683 390 2747 (2)
424 2682 524 2731 Cfr.
550 2683 668 2731 ibid.
700 2685 783 2749 qui
811 2693 1023 2747 praeterea
1049 2679 1184 2730 addit
1223 2685 1273 2730 in

254 2781 354 2813 rem
371 2774 573 2813 nostram
596 2782 609 2812 τ
627 2763 881 2812 Ponamus
901 2781 1008 2812 vero
1028 2802 1041 2824 ‚
1060 2763 1273 2812 nondum

255 2854 414 2894 tamen
444 2845 758 2894 concedamus
777 2883 791 2905 ‚
831 2846 976 2893 verba
1009 2845 1175 2894 isthoec
1210 2845 1275 2893 ad

254 2927 479 2976 ultimam
507 2929 847 2993 antiquitatem
870 2929 1144 2994 pertinqere
1161 2965 1173 2987 ‚
1201 2936 1274 2974 ta-

254 3027 367 3059 men
399 3027 498 3058 non
530 3010 742 3076 probant
778 3010 834 3058 iol
853 3047 866 3070 ‚
911 3009 1039 3074 quod
1062 3010 1274 3075 probare

256 3092 442 3141 debent.
476 3092 609 3141 Nam
639 3092 884 3157 leqitimus
916 3109 1079 3140 eoram
1108 3108 1272 3140 sensus

250 3173 423 3241 procul
451 3174 597 3222 dubio
627 3173 739 3222 talis
764 3182 861 3222 est:
882 3174 988 3222 Hic
1014 3181 1083 3221 est
1092 3175 1268 3238 panis,

254 3272 394 3321 quem
412 3254 551 3303 Deus
570 3272 658 3303 nos
684 3256 769 3303 hoc
797 3264 1006 3322 tempore
1033 3254 1272 3303 comedere

253 3337 417 3400 jubet,
457 3339 516 3385 in
552 3339 832 3385 memoriam
862 3339 936 3385 rei
950 3372 966 3398 ,
1000 3354 1108 3402 quoe
1139 3339 1271 3384 circa

256 3421 439 3468 exitum
457 3436 515 3468 em
529 3419 745 3486 AEqypto
774 3437 886 3468 cam
905 3420 1131 3486 patribus
1158 3436 1268 3467 nos-

258 3503 347 3549 tris
379 3510 510 3567 qesta
551 3511 636 3551 est.
685 3501 791 3569 Qui
830 3518 997 3549 sensas
1033 3518 1091 3549 ex
1126 3510 1269 3566 parte

257 3583 489 3632 coincidit
526 3601 636 3633 cum
673 3585 834 3656 perbis
873 3583 1062 3632 Christi
1099 3600 1112 3632 :
1158 3585 1274 3631 Hoc

255 3666 402 3730 'facite
451 3668 508 3714 in
558 3683 713 3715 meam
761 3667 1271 3715 commemorationem.

260 3747 420 3797 Porro
448 3749 590 3798 verba
619 3751 714 3799 ista
745 3765 844 3798 non
873 3749 927 3797 id
963 3757 1128 3798 notare
1158 3764 1271 3815 pos-

1358 2599 1433 2647 vel
1461 2609 1530 2648 est
1562 2601 1761 2663 siqnum
1792 2600 1973 2664 panis,
2008 2615 2146 2662 quem
2176 2601 2382 2664 majores

1357 2683 1514 2729 nostri
1539 2681 1628 2728 sub
1650 2682 1833 2728 exitam
1863 2695 1922 2727 ea·
1936 2678 2155 2745 AEqypto
2171 2680 2384 2728 comede-

1358 2772 1490 2811 runt.
1511 2762 1640 2811 Nam
1671 2762 1873 2809 cuinam
1892 2764 1966 2809 rei
1983 2761 2070 2810 illa
2086 2762 2380 2826 siqnificatio

1355 2844 1683 2893 conduceret.‘⁹
1723 2843 1864 2891 Deus
1898 2845 2166 2909 proecepit,
2209 2852 2267 2891 ut
2308 2860 2382 2891 res

1353 2929 1478 2993 ipsis
1503 2927 1763 2991 quotannis
1793 2928 1850 2973 in
1877 2927 2161 2974 memoriam
2187 2926 2384 2974 reduce-

1354 3018 1501 3066 retur,
1516 3008 1571 3056 id
1584 3008 1709 3072 quod
1723 3025 1780 3056 esc
1795 3005 1960 3057 Sacris
1979 3006 2172 3056 Litteris
2185 3017 2384 3065 constat,-

1355 3107 1461 3155 erqo
1482 3092 1633 3156 panis
1667 3089 1746 3137 ille
1776 3091 1910 3138 nihil
1938 3090 2150 3156 amplias
2181 3090 2374 3155 siqnifi-

1353 3190 1461 3221 care
1486 3174 1666 3238 potuit.
1707 3170 1831 3236 Qaae
1859 3172 2000 3220 verba
2022 3172 2063 3219 J
2065 3172 2213 3220 adoeis
2244 3188 2379 3219 nun-

1353 3272 1497 3321 quam
1536 3257 1594 3302 in
1636 3264 1839 3303 mentem
1879 3258 2044 3303 venire
2082 3262 2380 3320 potuerant,

1354 3336 1419 3384 ad
1448 3353 1503 3384 ea
1537 3337 1760 3385 Christus
1785 3355 1964 3403 quoque
1994 3353 2102 3384 non
2119 3338 2326 3401 respexit
2360 3354 2381 3396 ,-

1354 3436 1441 3466 nec
1465 3457 1477 3477 ‚
1513 3422 1558 3467 si
1593 3420 1643 3467 id
1671 3421 1864 3485 fecisset
1882 3458 1895 3481 ,
1924 3420 2007 3468 hoc
2028 3457 2040 3480 ,
2069 3417 2197 3483 quod
2214 3418 2385 3466 adver-

1353 3502 1477 3550 sarii
1526 3502 1724 3565 volunt,
1761 3503 2023 3563 denotant3
2060 3517 2118 3548 ex
2153 3502 2220 3548 iis
2253 3499 2377 3547 male

1358 3583 1614 3649 explicatio
1633 3586 1883 3634 verborum
1901 3584 2223 3633 institutionis
2241 3582 2386 3631 desu-

1358 3668 1529 3715 mitur.
