2502 4186
395 263 519 300 cAP.
567 264 660 300 111.
707 264 780 300 nn.
818 264 889 301 Eo
931 264 1081 314 ouon
1123 264 1226 302 sun
1269 260 1548 316 ommam
1587 265 1828 306 SACRAM.
1879 269 2000 306 mc.
2145 249 2265 306 229

146 408 436 463 servatam
478 416 722 487 propter
749 405 1046 481 infirm03‚
1084 415 1151 463 ut
1184 404 1369 486 liquet
1397 426 1467 465 ex
1503 392 1743 465 historia
1776 400 2106 489 Serapionis
2126 453 2142 481 a
2184 407 2258 465 ad

147 518 321 576 quem
348 503 591 576 jamjam
631 501 889 558 animam
938 510 1205 579 agentem
1241 500 1509 557 infirmus
1540 501 1803 559 sacerdos
1841 502 2260 560 Eucharistiam

128 613 252 671 ¹per
280 615 529 673 puerum
564 595 723 652 misit
753 596 880 675 (1);
915 595 980 653 30
1005 616 1037 652 a
1070 594 1225 653 laicis
1259 594 1478 674 passim
1513 593 1587 651 ad
1614 596 1879 675 proprias
1918 597 2067 655 aedes
2090 597 2266 656 fuisse

146 685 400 745 delatam
425 731 443 763 ,
500 698 567 747 ut
616 710 680 746 ea
738 711 845 770 pro
890 687 1329 770 opportunitate
1380 699 1717 762 uterentur,
1769 691 1856 748 uti
1908 702 2135 750 constat
2190 713 2263 751 ex

147 780 391 839 Eusebio
426 783 515 862 (2)
551 793 610 841 et
630 785 688 842 S.
723 783 1024 842 Ambrosio
1038 781 1124 862 (3)
1149 827 1164 854 ,
1190 786 1350 859 cujus
1364 782 1797 841 consuetudinis
1815 786 2053 863 vestigia
2072 785 2263 846 adhuc

145 875 431 934 nonnulla
479 890 825 958 supererant
869 878 1066 938 seculo.
1102 877 1365 937 Ecclesiae
1405 881 1482 936 XI
1522 878 1659 959 (4).·,
1705 879 1770 937 40
1808 892 2162 940 asservatam
2202 882 2266 940 in

143 969 376 1050 templis
404 971 577 1031 fuisse
605 974 668 1031 in
698 973 1087 1055 pastophoriis
1109 1017 1124 1046 7
1155 971 1384 1030 ciboriis
1405 1017 1421 1045 a
1457 972 1742 1032 colum-bis
1765 1019 1781 1048 .‚
1815 974 2112 1032 turriculis
2133 975 2256 1054 (5)⁷;

146 1063 211 1120 50
240 1064 302 1121 in
344 1066 576 1125 ecclesia
612 1089 792 1146 graeca
829 1065 1096 1126 eamdem
1125 1066 1611 1127 consuetudinem
1655 1069 1934 1148 viguisse,
1984 1080 2148 1149 patet
2187 1091 2280 1133 exi

143 1159 542 1239 antiquissima
567 1161 856 1220 accelebri
882 1161 1050 1219 Missa
1068 1164 1721 1241 proesaneti'ficatorum
1737 1208 1752 1235 7
1784 1184 1911 1244 quae
1932 1162 2262 1222 celebratur

144 1273 274 1311 eum
294 1254 646 1314 Eucharistia
672 1254 875 1314 diebus
900 1255 1365 1336 praecedenti-bus
1385 1268 1716 1317 consecrata
1745 1258 1858 1338 (6).
1887 1260 2021 1317 Haec
2045 1257 2261 1317 fatetur

145 1347 455 1424 CalvinuS‚
499 1348 755 1409 scribens
801 1371 814 1407 ε
868 1351 996 1429 Qui
1033 1354 1119 1410 sic
1145 1355 1394 1429 faciunt
1418 1397 1434 1426 ‚
1466 1353 1688 1411 liabent
1720 1358 1932 1412 veteris
1974 1354 2259 1413 Ecclesioe

141 1445 498 1522 exemplum.
523 1445 770 1510 Fate0r3
793 1465 1003 1503 verum
1029 1450 1096 1503 in
1116 1467 1178 1503 re
1195 1457 1398 1520 tanta,
1425 1458 1482 1506 et
1505 1451 1574 1505 in
1593 1469 1717 1525 qna
1748 1469 1865 1507 non
1887 1452 2016 1506 sine
2039 1468 2261 1527 mayno

129 1540 404 1615 periculo
417 1548 663 1596 erratur
671 1581 694 1610 ,
721 1540 883 1597 nihil
894 1544 1084 1598 tutius
1098 1551 1205 1614 est,
1224 1562 1411 1619 quam
1425 1545 1624 1620 ipsam
1642 1545 1947 1599 veritatem
1961 1547 2132 1619 sequi
2146 1540 2258 1622 (7),

143 1652 319 1712 quam
351 1632 475 1713 ipse
518 1631 733 1691 scilicet
769 1653 902 1691 cum
934 1634 1184 1692 Luthero
1212 1634 1454 1692 tandem
1488 1635 1803 1716 aliquando
1835 1636 2087 1696 invenit.

227 1729 363 1788 168.
413 1730 680 1788 Veritatis
729 1730 856 1789 luce
898 1730 1182 1810 compulsi
1231 1734 1625 1793 protestantes
1680 1754 1803 1792 non
1852 1733 2022 1814 pauci
2071 1733 2253 1791 victas

141 1823 383 1882 demum
411 1844 619 1894 man-us
650 1823 963 1884 dederunt.
997 1824 1176 1884 Nobis
1201 1825 1296 1884 hic
1318 1827 1454 1884 satis
1483 1827 1557 1885 sit
1580 1826 1884 1887 Leibnitzii
1910 1826 2089 1888 verba
2123 1849 2255 1909 pro-

139 1918 307 1976 ferre.
360 1918 601 1978 Certum
631 1930 753 1991 est,
802 1920 994 2000 inquit
1013 1965 1028 1990 ,
1074 1922 1496 2000 antiquitatem
1531 1924 1854 1981 tradidisse
1877 1914 1913 1994 ,⁵
1941 1927 2075 2000 ipsa
2114 1943 2257 1981 con-

139 2019 460 2071 secratione
482 2015 617 2092 fieri
640 2018 1077 2075 conversionem
1094 2017 1650 2093 ,quemadmodum
1677 2027 1934 2096 apparet
1962 2038 2032 2075 ea·
2063 2018 2258 2075 verbis

142 2108 452 2165 Ambrosii
466 2111 652 2187 paulo
676 2120 815 2167 ante
837 2111 1077 2180 allatis,
1113 2131 1298 2188 neque
1334 2132 1612 2189 unquam,
1644 2113 1939 2170 veteribus
1969 2113 2256 2169 auditum

141 2211 224 2259 est
257 2222 479 2262 novum
506 2204 910 2285 quorumdam
943 2205 1156 2288 doyma
1176 2246 1200 2276 ,
1234 2206 1396 2289 quod
1423 2210 1493 2267 in
1531 2217 1821 2267 momento
1849 2210 2253 2290 perceptionis

208 2418 224 2480 (
234 2417 272 2481 l)
292 2416 390 2469 cfr.
412 2418 582 2467 Euseb.
599 2419 720 2469 ibid.
737 2420 823 2469 lib.
838 2438 923 2481 vu,
943 2440 1045 2488 cap.
1060 2421 1146 2488 44.
1234 2427 1314 2473 cit.
1337 2425 1394 2474 de
1410 2423 1649 2475 Ecclesia»
1651 2427 1975 2493 politia,.t0m.
1994 2444 2065 2484 m,
2085 2427 2245 2475 diss.r.

205 2499 269 2563 (2)
308 2499 403 2547 Lib.
443 2518 510 2549 vu
528 2539 540 2562 ‚
569 2519 671 2566 cap.
711 2519 762 2550 11
789 2540 802 2562 ‚
831 2520 938 2551 cum
967 2515 1144 2554 annott.

137 2579 330 2630 Valesii.

208 2662 269 2725 (3)
306 2663 360 2710 ln
387 2663 525 2711 Orat.
549 2663 718 2728 funeb.
744 2665 800 2715 S.
837 2668 1003 2732 Satyri
1040 2686 1147 2717 cum

143 2753 321 2793 annoti.
351 2745 484 2794 edin.
512 2745 666 2795 Maur.

1230 2506 1369 2554 Hunc
1400 2524 1535 2571 porro
1570 2526 1707 2556 usum
1739 2512 2119 2576 antiquissimum
2153 2525 2248 2556 esse

1224 2590 1273 2634 in
1325 2588 1527 2637 Ecclesia
1552 2624 1569 2648 ,
1627 2601 1807 2639 constat
1854 2610 1907 2640 ex
1975 2591 2242 2639 Constitut-

1223 2669 1494 2733 apostolicis
1527 2671 1614 2719 lib.
1648 2689 1769 2730 vm,
1803 2690 1907 2738 cap.
1947 2672 2039 2732 13,
2078 2673 2161 2720 ubi
2196 2676 2249 2724 fit

210 2821 275 2884 (4)
310 2823 361 2872 ld
409 2837 586 2875 constat
634 2846 690 2876 ex
745 2847 884 2879 serm.
940 2831 1149 2896 synodali

142 2900 192 2950 S.
224 2903 425 2953 Udalrici
451 2910 586 2973 juxta
624 2898 890 2959 Gretzerum
909 2948 921 2972 ,
947 2914 1019 2960 vel
1047 2913 1143 2961 Ra-

146 2984 276 3031 therii
303 2985 515 3052 Episcopi
550 2988 825 3040 Veronensis
852 2995 981 3058 juxta
1008 2993 1147 3042 Vale-

143 3067 262 3112 sium
287 3101 300 3124 ‚
335 3069 415 3131 qui
458 3069 613 3118 floruit
642 3090 745 3122 saec.
775 3092 803 3121 x
823 3110 836 3134 ‚
867 3076 918 3121 in
953 3092 1046 3140 quo
1072 3075 1148 3123 hic

142 3165 253 3194 usus
268 3150 540 3196 nominatim
558 3153 841 3202 interdicitur
863 3157 936 3201 his
961 3156 1111 3204 verbis
1129 3174 1144 3205 :

143 3228 373 3291 Infirmos
399 3231 623 3293 visitate,
647 3242 691 3280 et
718 3251 794 3281 eos
823 3236 1144 3299 reconciliate,

142 3317 185 3357 et
197 3312 348 3374 juxta
378 3311 662 3375 Apostolum
692 3313 786 3362 oleo
814 3325 975 3364 sancto
998 3319 1147 3366 inun-

139 3392 234 3455 9ite
265 3398 312 3438 et
340 3395 544 3458 propria
581 3411 731 3443 manu
770 3401 1145 3462 communicate,

141 3482 186 3520 et
219 3472 382 3521 nullus
403 3484 672 3539 proesumat
715 3477 899 3526 tradere
934 3495 1144 3530 commu-

142 3555 334 3602 nionem
362 3555 484 3603 laico
511 3565 597 3604 aut
624 3558 821 3621 seminae
854 3559 920 3608 ad
938 3561 1148 3625 deferen-

145 3634 254 3682 dam
281 3638 492 3701 infirmo.

217 3715 286 3777 (ὅ)
320 3718 388 3767 De
427 3721 500 3767 his
527 3721 627 3770 fuse
665 3723 755 3786 agit
788 3721 974 3772 Pellicia
1000 3726 1048 3772 in
1079 3741 1158 3790 op.

1224 2753 1398 2799 mentio
1409 2751 1717 2818 pastophorii
1735 2789 1752 2817 3
1770 2756 1820 2802 in
1836 2772 1929 2820 quo
1954 2754 2247 2806 Euoh-aristia

1224 2833 1534 2881 asservabatur
1560 2851 1574 2896 ;
1605 2834 1773 2899 legitur
1807 2838 1933 2883 enim
1956 2853 1971 2883 z
2004 2833 2100 2886 Koa>
2136 2835 2242 2888 ἔνων

1225 2911 1392 2966 πάντες
1410 2914 1712 2976 μεταλάβωσι
1729 2912 1972 3000 κοῲπέα-οιι
1988 2956 2000 2978 ,
2022 2917 2241 2977 melnes·

1225 2997 1261 3042 οἱ
1303 2992 1494 3045 διάκονοι
1524 2993 1585 3044 τὲ
1613 2996 1996 3063 περιτο-εὔφωνοι,
2040 3004 2247 3066 εἷα-φερέ,

1225 3099 1371 3126 rma-av
1405 3082 1464 3129 εἷς
1487 3075 1548 3126 τοὶ
1570 3077 1875 3146 ποια-τοφᾶριοι.
1897 3083 2115 3146 Cumque
2129 3084 2246 3131 uni-

1222 3162 1348 3207 versi
1389 3168 1434 3207 et
1471 3162 1711 3209 universae
1748 3165 2241 3226 conzmunicaverint,

1222 3244 1509 3307 accipientes
1551 3243 1749 3290 diaconi
1793 3261 1900 3308 qnae
1947 3256 2205 3310 supersunt
2229 3285 2243 3307 ,

1221 3324 1501 3387 inferantin
1505 3324 1836 3388 pastophoria.
1861 3326 1927 3373 Ex
1943 3344 2036 3391 quo
2053 3328 2152 3376 solo
2169 3329 2246 3376 do·

1222 3416 1439 3454 cumento
1473 3407 1686 3454 falsitatis
1711 3411 1915 3471 arguitur
1937 3407 2243 3474 Courajerius.

1290 3486 1355 3551 (6)
1392 3487 1460 3535 De
1473 3488 1544 3536 his
1561 3488 1709 3536 Missis
1726 3491 2244 3553 proesanctificatorum

1222 3569 1307 3617 cfr.
1343 3567 1535 3617 Goarius
1573 3573 1624 3618 in
1660 3570 1957 3635 Eucholoqio
2001 3572 2116 3620 edit.
2160 3573 2240 3620 cit.

1230 3666 1336 3714 pag.
1371 3649 1484 3698 205.

1310 3729 1382 3795 (7)
1419 3730 1550 3782 [πει.
1588 3733 1674 3782 lib.
1706 3751 1754 3782 iv
1779 3771 1792 3794 ‚
1830 3751 1931 3798 cap.
1966 3751 2021 3800 ¹7
2042 3770 2055 3794 ,
2083 3733 2216 3802 §39-
