2502 4186
2030 198 2147 258 303

646 225 790 276 ουκ,
819 225 884 260 11.
934 223 1003 261 nn
1034 222 1202 262 *MISSA
1245 210 1503 262 PRIVATA‘.

16 354 128 432 'Et
162 371 319 427 sicut
350 361 686 427 Ecclesiam
715 387 892 425 suam
915 366 1120 424 docuit
1157 362 1180 441 (
1207 361 1506 441 Christus)
1538 366 1606 420 in
1642 364 2016 440 quotidianis
2037 365 2151 423 Sa—

38 466 285 543 crificiis
306 463 461 530 banc
476 454 770 521 custodire
796 462 1088 540 requiam,
1117 467 1188 515 ut
1205 478 1318 538 pro
1336 458 1782 536 peccatoribus,
1808 463 1927 518 sive
1953 459 2154 518 adbuc

38 553 109 618 in
139 570 301 617 terra
345 558 760 629 laborantibus
809 559 928 614 sive
979 555 1049 611 de
1099 553 1288 610 seculo
1332 552 1775 635 recedentibus,
1822 559 2153 613 orationem

36 658 263 733 faciat,
296 674 411 732 pro
441 652 833 730 ,Martyribus
869 669 1000 707 vero
1022 651 1378 727 qratiaram
1409 649 1635 725 referat
1669 651 1986 708 actionem.

127 748 266 808 306.
315 747 380 805 30
420 745 582 804 Nulli
618 745 872 827 denique
902 753 1197 825 praecepto
1233 741 1448 800 Christi
1484 741 1587 799 has
1631 743 1833 801 Missas
1859 743 2157 804 adversari

49 843 262 905 exinde
287 851 548 915 constat,
595 839 775 922 quod,
810 834 914 899 etsi
953 841 1347 898 Protestantes
1398 836 1506 895 hoc
1550 848 1912 920 praeceptum
1956 839 2157 899 sedulo

30 938 416 1020 quaesierint,
454 935 722 994 nondum
765 947 961 994 tamen
1003 933 1304 1015 potuerint
1343 933 1630 994 invenire.
1672 934 1794 991 Nec
1831 934 1989 992 enim
2023 936 2159 994 satis

46 1044 133 1093 est
167 1033 241 1092 ad
283 1041 641 1114 praeceptum
676 1028 956 1108 ejusmodi
985 1028 1462 1088 constituendum
1486 1073 1503 1103 ‚
1548 1039 1617 1086 ut
1660 1028 1907 1090 afferant
1945 1029 2160 1089 Christi

46 1127 225 1189 verba
244 1173 260 1203 7
288 1127 498 1209 quibus
517 1126 677 1187 dedit
693 1124 1024 1187 facultatem
1043 1123 1328 1206 Apostolis
1344 1123 1764 1183 Eucharistiam
1778 1125 2125 1186 conficiendi
2141 1144 2158 1200 ;

47 1224 150 1283 sed
173 1234 450 1305 praeterea
485 1244 629 1304 opus
654 1232 880 1295 est5ut
912 1220 1012 1279 illa
1043 1219 1369 1296 adducant,
1400 1219 1615 1302 quibus
1654 1220 2042 1302 prohibuerit,
2084 1243 2162 1282 ne

51 1319 223 1378 aliter
263 1328 500 1400 possent
542 1318 861 1399 conficere,
898 1316 1011 1375 nisi
1043 1314 1242 1374 adsint
1286 1315 1386 1397 qui
1418 1315 1806 1398 p-articipent3
1861 1316 1989 1376 haec
2023 1337 2165 1395 vero

61 1415 332 1495 nuspiam
366 1412 771 1473 inveniuntur.
807 1414 996 1493 Atque
1026 1411 1163 1469 hinc
1199 1410 1418 1469 factum
1446 1420 1565 1485 est,
1607 1421 1674 1470 ut
1702 1421 1833 1492 post
1856 1423 1945 1471 tot
1971 1412 2164 1492 jurgia

48 1520 110 1568 et
144 1509 421 1568 clamores
445 1507 684 1567 demum
709 1507 819 1589 ipsi
843 1509 1234 1566 protestantes
1262 1526 1491 1565 coenam
1525 1505 1822 1566 celebrent
1854 1552 1870 1581 ,
1897 1508 2166 1589 quamvis

54 1625 229 1663 nemo
260 1604 332 1663 sit
360 1604 462 1686 qui
498 1601 803 1662 accumbat
827 1601 939 1682 (1).

866 1730 1348 1778 mFFICUL'rATES.

135 1866 274 1926 307.
323 1859 455 1943 obj.
507 1865 570 1924 10
619 1863 880 1923 Christus
917 1884 1040 1922 non
1079 1862 1257 1922 modo
1299 1862 1374 1922 de
1415 1865 1763 1924 consecratis
1806 1865 2063 1925 comedit
2105 1877 2170 1946 ¹et

54 1960 204 2020 bibit
221 2007 236 2033 .,
262 1961 365 2022 sed
381 1983 447 2021 ea
463 1959 634 2020 simul
661 1958 888 2019 edenda
911 1969 971 2019 et
994 1958 1248 2017 bibenda
1264 1957 1556 2040 discipulis
1574 1959 1870 2019 distribuit
1891 2007 1906 2037 7
1927 1960 2159 2021 dicens:

56 2058 325 2137 Accipite
352 2067 407 2115 et
426 2056 863 2115 manducate...
891 2055 1092 2114 Bibite
1115 2075 1187 2112 em
1207 2055 1311 2112 hoc
1341 2075 1556 2114 omnes.
1593 2055 1661 2112 20
1698 2057 1775 2114 Ut
1815 2055 1975 2115 idem
2002 2058 2168 2116 fieret

59 2173 91 2209 a
126 2149 416 2234 discipulis
439 2195 455 2225 ,
485 2144 1083 2237 cum‘consecrarent3
1111 2148 1378 2230 praecipit
1404 2148 1515 2208 illis
1549 2148 1744 2211 verbis
1780 2173 1794 2211 :
1833 2147 1962 2211 Hoc
1988 2156 2176 2231 facite

127 2327 196 2393 (l)
232 2327 351 2377 Sane
382 2319 537 2375 Abbas
581 2326 828 2386 Molanus,
880 2325 1074 2391 Coqita-
1147 2329 1430 2393 pensatio...
1473 2329 1594 2376 Non
1644 2328 1750 2377 ideo
1797 2338 1958 2378 tamen
2009 2330 2181 2378 honori

61 2412 185 2459 tion.
222 2411 412 2475 privat.
445 2418 565 2473 part.
595 2425 628 2456 ιι
647 2445 659 2467 ,
697 2414 879 2457 tantum
909 2408 1071 2469 abest,

61 2505 114 2544 ut
146 2513 172 2542 a
215 2493 365 2541 Missis
398 2493 470 2540 his
504 2494 691 2557 privatis
723 2492 996 2550 abhorreat,
1026 2503 1078 2540 ut

63 2578 215 2642 potius
231 2573 396 2623 scribat
418 2611 431 2634 ,
462 2590 510 2621 se
534 2590 631 2622 non
653 2582 1031 2639 repuqnaturum
1065 2610 1078 2635 ‚

65 2659 184 2721 quin
210 2658 293 2704 sui
331 2655 432 2704 illis
469 2657 713 2704 intersint.
745 2656 906 2722 Neque
936 2656 985 2704 id
1023 2672 1080 2704 ex

68 2739 204 2786 sensu
244 2756 324 2787 suo
359 2742 555 2804 promit,
603 2739 681 2787 sed
716 2740 870 2804 palam
899 2739 1081 2804 profite-

67 2827 176 2876 tur,
211 2837 270 2868 ne
304 2838 329 2868 a
380 2824 541 2870 ceteris
584 2821 772 2887 quidem
809 2820 1083 2869 Lutheranis

71 2901 229 2949 Missas
253 2901 301 2948 id
328 2919 470 2966 genus
502 2902 665 2951 haberi
693 2912 745 2950 nt
778 2903 915 2966 plane
943 2901 1084 2951 illici-

71 2994 157 3031 taS.
199 2981 353 3049 Quis,
382 2985 536 3049 inquit
554 3021 567 3043 ‚
601 2986 735 3033 intra
762 3000 876 3032 suas
901 3001 1086 3049 quoque

75 3063 318 3113 Ecclesias
343 3065 398 3111 in
427 3067 720 3113 necessitatis
750 3082 866 3114 casu
897 3066 997 3114 sibi
1015 3067 1087 3132 ip-

73 3148 146 3206 si,
164 3147 356 3193 nemine
376 3145 585 3205 amplius
607 3154 842 3212 proesente
856 3184 870 3203 ‚
900 3156 1089 3196 sacram

75 3245 260 3276 coenam
290 3226 529 3275 interdum
559 3244 659 3276 non
678 3228 1090 3278 exhibeat?Leib-

74 3313 240 3358 nitzius
252 3327 454 3375 quoquc.
473 3308 672 3374 System.
686 3308 847 3357 Theol.
862 3326 1090 3377 pag-292,

75 3392 230 3440 scribit
269 3408 283 3439 ε
313 3389 465 3438 Porro
490 3428 503 3450 ‚
535 3407 644 3438 cum
665 3392 805 3456 juqis
848 3387 1097 3456 Sacrificii

75 3481 210 3521 tanta
241 3474 307 3519 sit
346 3472 560 3536 diqnitas
597 3480 740 3536 atque
765 3471 952 3519 utilitas
975 3509 987 3531 ‚
1019 3489 1092 3519 re·

78 3563 262 3620 ceptum
307 3555 511 3619 denique
547 3562 613 3600 est
653 3591 665 3613 ,
715 3562 768 3600 ut
815 3552 1096 3601 creberrime

83 3634 187 3683 Deo
210 3637 437 3701 offeratur
450 3652 542 3701 pro
552 3633 771 3698 fidelium
795 3636 1090 3682 necessitati-

83 3716 169 3764 bus
183 3754 195 3778 ‚
219 3721 518 3768 etiamsinon
534 3736 716 3783 semper
737 3717 975 3767 accederet
993 3717 1096 3764 dis-

1156 2410 1325 2458 divino
1349 2408 1537 2476 aliquid
1563 2410 1903 2459 detrabendum
1915 2413 2016 2477 suit
2029 2448 2046 2474 ,
2063 2413 2180 2477 quia

1157 2495 1564 2542 communicantes
1592 2510 1690 2541 non
1718 2511 1903 2560 semper
1922 2493 2180 2544 habentur.

1165 2575 1328 2642 Quare
1346 2613 1360 2634 ‚
1398 2592 1457 2623 ex
1493 2592 1585 2640 quo
1624 2577 1986 2624 sanctissimum
2018 2577 2176 2623 Sacri·

1154 2658 1324 2722 ficium
1363 2659 1418 2705 in
1446 2657 1670 2706 omnibus
1709 2657 1761 2705 E
1762 2657 1946 2706 cclesiis
1969 2657 2183 2723 quotidie

1160 2740 1393 2790 celebrari
1418 2740 1756 2789 laudatissima
1776 2743 1959 2807 pietate
1990 2743 2183 2802 institu-

1162 2832 1265 2871 tum
1295 2831 1363 2871 est
1382 2860 1395 2882 ‚
1421 2839 1706 2888 consequens
1733 2823 1839 2888 fuit
1855 2861 1868 2885 ,
1901 2831 1955 2870 ut
1977 2823 2186 2888 sufficere

1150 2906 1464 2972 judicaret-ur
1483 2908 1723 2972 perceptio
1748 2907 1989 2972 offerentis
2015 2902 2184 2953 Sacer·

1166 2990 1323 3052 dotis,-
1358 2998 1497 3054 ατς-ιω
1549 2990 1649 3046 Ῐιωρ
1687 2990 1959 3038 Missurum
1997 3025 2011 3047 ‚
2065 3004 2186 3053 quas

1161 3075 1382 3139 privatas
1420 3081 1591 3130 vocant
1606 3107 1622 3132 ,
1664 3074 1797 3135 oriqo
1837 3079 1906 3118 est
1923 3109 1936 3130 ,
1979 3086 2189 3135 quarum

1162 3155 1327 3221 fructu
1341 3171 1455 3203 sane
1475 3156 1686 3202 maoeimo
1706 3154 1908 3219 privari
1921 3151 2187 3201 Ecclesiam

1170 3255 1281 3286 cum
1307 3238 1466 3286 divini
1491 3236 1684 3285 honoris
1700 3237 1980 3284 detrimento
1998 3251 2191 3307 aequum

1171 3337 1270 3369 mon
1285 3320 1827 3378 est.Doederlcin‚Instit.
1842 3316 2004 3366 Theol.
2014 3316 2190 3364 Christ.

1175 3412 1288 3451 tom.
1311 3421 1344 3450 11
1359 3441 1372 3462 ,
1401 3419 1508 3469 pag.
1529 3400 1627 3469 ¹789
1647 3440 1658 3462 ‚
1682 3403 1869 3458 fatetur,
1890 3400 2081 3448 Missam
2096 3399 2192 3461 pri-

1177 3496 1343 3545 vatam,
1375 3485 1680 3549 improbatam
1700 3503 1723 3534 a
1742 3478 1961 3540 Luthero‚
1982 3500 2007 3528 a
2035 3480 2189 3526 Theo-

1178 3567 1290 3632 logis
1330 3564 1658 3616 recentioribus
1707 3567 1959 3614 lutheranis
2025 3563 2191 3627 passim

1176 3649 1511 3698 commendari.
