2502 4186
317 239 434 298 360
841 256 843 258 ’
937 253 1260 293 TuAc'rA‘rus
1305 258 1373 293 mi
1416 256 1812 294 Eucnamsru.

318 397 529 480 quibus
549 440 565 470 ,
628 405 694 453 ut
736 395 916 455 refert
949 396 1228 472 GoariuS,
1273 418 1380 479 pro
1431 396 1590 456 festis
1625 394 1829 456 diebus
1865 394 2129 476 liturgias.
2155 396 2435 479 privatim

319 501 502 571 agunt
541 488 650 570 (l).

398 584 539 644 413.
567 570 679 644 ‚Sic
708 585 886 645 etiam
915 585 1074 646 inter
1104 585 1377 646 altarium
1396 597 1745 646 ornamenta
1770 585 1911 644 olim
1935 585 2154 666 pariter
2177 607 2435 646 recense-

317 679 538 740 bantur
554 701 738 761 capsae
758 691 819 741 et
845 680 1107 763 reliquiae
1131 683 1478 742 Sanctorum
1500 702 1674 763 super
1698 682 1894 764 ipsum
1914 679 2097 740 altare
2121 682 2394 761 expositae
2415 726 2432 758 ‚

317 774 404 833 uti
428 786 489 834 et
506 796 665 836 nunc
679 777 778 851 fit,
808 776 870 835 in
892 775 1018 836 loco
1043 777 1348 859 paululum
1363 798 1396 836 a
1418 798 1620 836 mensa
1643 775 1934 836 submotu.
1959 775 2026 834 Id
2054 775 2212 834 enim
2235 787 2436 855 aperte

321 869 612 950 colligitur
639 892 712 931 ex
741 872 1018 952 Gregorio
1040 873 1362 933 Turonensi
1382 917 1398 947 ,
1426 872 1526 953 qui
1552 871 1762 948 refert,
1800 891 1861 930 se
1887 868 2256 951 respondisse
2277 891 2290 927 :
2311 870 2436 929 Re-

292 1020 297 1026 ,
320 970 639 1045 quiescant
668 969 852 1027 heatoe
879 969 1154 1047 reliqm'oe
1177 990 1362 1048 super
1384 970 1685 1027 altarium
1701 1010 1723 1039 ,
1749 967 1928 1024 donec
1962 987 2139 1024 mane
2154 966 2440 1045 proceda-

319 1082 460 1122 mus
503 1063 590 1121 ad
621 1083 938 1122 occursum
964 1085 1178 1122 earum
1204 1064 1314 1144 (2).
1347 1065 1458 1124 Leo
1490 1064 1562 1122 IV
1583 1109 1599 1137 ,
1626 1063 1728 1144 qui
1756 1060 1901 1120 obiit
1937 1083 2093 1120 anno
2132 1061 2289 1136 847⁷,
2335 1061 2440 1121 de-

323 1157 509 1223 crevit
546 1179 559 1214 :
607 1158 809 1238 Super
859 1157 1051 1218 altare
1099 1161 1260 1219 nihil
1287 1170 1596 1239 ponatur,
1644 1162 1776 1217 m'si
1818 1178 2013 1236 capaoe
2047 1167 2102 1216 et
2122 1159 2395 1237 reliqm'oe
2408 1199 2431 1228 ,

321 1262 435 1310 aut
451 1254 611 1330 forte
631 1263 896 1331 quatuor
922 1254 1264 1334 Evangelia
1285 1266 1340 1312 et
1361 1256 1595 1313 buxida
1613 1275 1755 1313 cum
1782 1252 2036 1332 Corpore
2059 1252 2318 1312 Domini
2327 1253 2436 1336 (3).

323 1345 547 1405 Eadem
585 1345 767 1407 verba
795 1346 976 1407 habet
1013 1348 1321 1408 Ratherius
1345 1349 1695 1408 Veronensis
1723 1347 1833 1429 (4).

401 1439 540 1500 414.
566 1440 759 1501 Flores
781 1442 1076 1502 naturales
1099 1465 1134 1502 a
1154 1442 1568 1507 vetustioribus
1594 1442 1798 1504 seculis
1825 1464 2004 1526 super
2025 1442 2207 1503 altare
2229 1465 2438 1526 posue-

322 1545 470 1595 runt
498 1535 846 1612 Christiani,
883 1540 983 1620 qui
1007 1537 1084 1598 ad
1106 1538 1304 1599 altaris
1340 1549 1612 1600 ornatum
1640 1537 1882 1598 corollas
1905 1560 1936 1598 e
1954 1538 2192 1598 floribus
2220 1539 2438 1599 affabre

322 1630 746 1711 innectebant3
773 1634 860 1692 uti
885 1644 1179 1694 testantur
1214 1637 1270 1694 S.
1299 1636 1650 1716 Augustinus
1676 1635 1765 1715 (5)
1793 1680 1809 1710 ,
1844 1646 1904 1694 et
1933 1635 2251 1695 Venantius
2290 1637 2439 1694 For-

324 1735 565 1785 tunatus
596 1726 684 1806 (6)
712 1726 924 1809 aliique
958 1750 1081 1788 non
1113 1730 1283 1811 pauci
1310 1729 1418 1809 (7).
1452 1730 1602 1788 Hinc
1624 1730 1774 1789 forte
1797 1750 1930 1788 cum
1955 1775 1971 1805 ,
2007 1730 2441 1791 defervescente

327 1820 570 1902 antiqua
612 1821 878 1881 fidelium
915 1815 1178 1905 pietate,
1217 1835 1319 1883 aut
1361 1825 1539 1884 etiam
1578 1825 1738 1906 quod
1773 1844 2006 1906 semper
2050 1835 2265 1905 praesto
2318 1847 2440 1884 non

324 1927 521 1974 essent
558 1915 729 1976 flores
765 1918 1097 1992 naturaleS,
1153 1919 1356 1978 altaria
1392 1918 1823 2000 saepe-floribus
1867 1930 2170 1995 carerent,
2208 1919 2445 1978 illorum

324 2007 454 2068 loco
491 2008 664 2070 flores
692 2010 994 2071 fabrefacti
1018 2012 1320 2072 substituti
1341 2025 1498 2072 sunt.
1535 2013 2035 2072 Consuetudinem
2071 2035 2245 2094 porro
2271 2013 2443 2074 flores

324 2103 649 2164 collocandi
672 2128 848 2188 super
879 2106 1083 2166 altaria
1106 2107 1471 2167 induxerunt
1500 2106 1728 2182 fideleS,
1762 2128 1830 2167 eo
1858 2106 2017 2189 quod
2035 2106 2247 2167 florum
2274 2107 2445 2190 plura

324 2199 587 2279 symbola
609 2200 821 2261 biblica
835 2201 1188 2278 habeantur,
1206 2215 1337 2263 tum
1359 2203 1433 2263 ad
1451 2202 1749 2262 Christum
1774 2223 1840 2261 ac
1858 2203 2103 2262 Beatum
2122 2203 2439 2283 Virginem,

325 2304 457 2351 tum
484 2294 559 2353 ad
590 2295 1059 2355 Christianorum
1095 2296 1251 2357 bona
1289 2319 1467 2380 opera
1495 2297 1874 2378 significanda
1896 2296 2131 2357 idonea.

408 2389 550 2448 415.
612 2391 694 2449 Ex
729 2390 819 2449 his
856 2392 995 2450 satis
1034 2404 1299 2468 constat,
1329 2391 1841 2474 pseudosynodum
1863 2438 1880 2470 ‚
1922 2414 2045 2452 non
2077 2391 2438 2475 antiquitatis

325 2505 524 2544 amore
545 2529 562 2561 ,
588 2485 691 2545 sed
724 2486 1002 2548 novitatis
1034 2488 1226 2569 potius
1253 2486 1499 2547 libidine
1533 2509 1601 2548 eo
1625 2487 1798 2547 fuisse
1824 2486 2140 2547 adductam
2164 2533 2180 2563 ,
2211 2498 2277 2545 ut
2299 2508 2436 2545 usus

330 2577 667 2659 longissimo
684 2579 1012 2641 seculorum
1033 2603 1202 2641 cursu
1224 2583 1287 2641 in
1312 2582 1585 2645 universa
1602 2582 1847 2643 Ecclesia
1862 2581 2135 2663 probatos
2150 2593 2430 2664 carperet.

391 2838 461 2904 (1)
497 2839 606 2888 Rer.
651 2840 815 2905 liturq.
849 2841 938 2890 lib.
980 2857 997 2889 1
1027 2879 1040 2902 ,
1095 2828 1205 2908 cap.
1249 2841 1337 2907 14,
1493 2844 1556 2907 (5)
1588 2842 1669 2891 De
1693 2844 1810 2891 civit
1828 2843 1960 2907 Deus,
1996 2843 2079 2891 lib.
2112 2861 2239 2902 xxu,
2265 2844 2435 2910 cap.8.

321 2918 347 2985 §
386 2920 436 2969 3.
483 2920 582 2970 Cfr.
618 2924 756 2971 etiam
793 2922 984 2972 Goarius
1029 2927 1079 2972 in
1118 2927 1238 2973 notis
1280 2926 1339 2974 ad
1494 2925 1559 2987 (6)
1583 2923 1682 2972 Lib.
1704 2942 1805 2983 vm,
1827 2926 2073 2987 Carm.1x‚
2090 2925 2155 2974 ad
2173 2925 2436 2991 Radeyun-

321 2999 525 3051 Euchol.
553 3019 663 3068 pag.
702 3002 780 3053 16.
1423 3005 1530 3053 dem
1546 3042 1562 3066 ,
1594 3007 1720 3072 quod
1746 3024 1933 3055 carmen
1960 3007 2041 3055 De
2050 3008 2267 3074 floribus
2285 3025 2439 3075 super

389 3084 452 3144 (2)
489 3083 630 3133 Hist.
664 3083 844 3134 Frano.
874 3086 958 3135 lib.
986 3104 1061 3149 ix,
1094 3086 1265 3153 cap.6.
1422 3087 1571 3135 altare
1598 3088 1883 3137 inscribitur.

394 3164 465 3228 (3)
484 3165 619 3230 Apud
636 3166 875 3217 Mabillon.
896 3169 986 3222 loc.
1005 3174 1083 3219 cit.
1115 3170 1163 3218 Si
1182 3181 1337 3219 tamen
1491 3169 1556 3233 (7)
1590 3170 1667 3218 Uti
1685 3169 1735 3218 S.
1753 3170 1944 3219 Hieron.
1973 3173 2024 3220 in
2049 3170 2310 3237 Epitaphio
2345 3171 2438 3220 Ne-

319 3244 488 3294 Leonis
516 3257 582 3295 est
608 3247 798 3298 homilia
820 3287 834 3310 ‚
855 3267 958 3316 quae
984 3254 1071 3316 ipsi
1094 3252 1331 3302 tribuitur.
1420 3255 1622 3318 poliani
1635 3273 1655 3315 ,·
1672 3253 1729 3303 S.
1748 3254 1969 3303 Paulinus
1995 3254 2164 3303 Nolan.
2186 3253 2361 3306 Natali
2377 3272 2431 3303 111

386 3328 454 3387 (14)
493 3327 552 3375 In
568 3326 831 3392 Synodica,
849 3350 899 3380 n.
916 3331 978 3395 63
997 3334 1080 3382 cfr.
1105 3332 1205 3399 ejus
1221 3352 1330 3400 opp.
1416 3334 1471 3383 S.
1522 3335 1707 3384 Felicis
1727 3357 1747 3393 ;
1790 3336 2030 3401 Gregorius
2056 3337 2310 3386 TuronenS.
2362 3334 2433 3384 De

322 3408 462 3457 editio
489 3408 843 3459 Balleriniorum
864 3451 877 3471 ‚
909 3415 995 3464 vol.
1024 3414 1226 3463 unicoin
1252 3418 1331 3466 fol.
1412 3417 1567 3482 qloria
1585 3418 1915 3482 Confhssorum
1938 3457 1951 3480 ‚
1982 3437 2082 3484 cap.
2115 3419 2199 3469 50.
2218 3419 2429 3484 Quorum

317 3487 510 3539 Veronae
533 3488 678 3557 1765,
696 3509 799 3558 pag.
825 3491 945 3558 414,
975 3495 1056 3544 ubi
1075 3498 1165 3546 cfr.
1183 3499 1328 3547 edito·-
1417 3502 1678 3548 testimonia
1708 3500 1841 3565 affert
1867 3500 2004 3549 Card.
2034 3501 2159 3549 Bona
2175 3537 2189 3561 ‚
2219 3503 2337 3548 Rer.
2369 3499 2433 3547 li-

321 3587 426 3619 rum
466 3573 646 3622 adnott.
690 3573 867 3632 Floruit
913 3594 1046 3641 porro
1089 3578 1330 3630 Ratherius
1412 3589 1536 3646 ηενρ.
1563 3581 1645 3630 lib.
1675 3599 1691 3628 1
1709 3619 1723 3642 ‚
1755 3599 1856 3646 cap.
1875 3582 1958 3643 25,
1987 3581 2012 3648 §
2054 3582 2112 3630 13
2132 3619 2145 3642 ,
2169 3581 2250 3630 ubi
2290 3585 2430 3631 etiam

321 3667 411 3702 see.
447 3654 656 3704 Ecclesiae
680 3675 727 3705 x.
1423 3665 1509 3713 cfr.
1527 3674 1753 3714 annotatt.
1770 3665 1893 3714 Rob.
1919 3666 2042 3716 Sala.
2065 3665 2158 3713 Cfr.
2174 3667 2311 3714 etiam
2327 3665 2431 3715 Pel—

1424 3746 1544 3795 licia.
1564 3764 1642 3811 op.
1669 3749 1748 3795 cit.
1781 3746 1865 3795 lib.
1893 3763 1958 3809 ιι,
1991 3763 2093 3811 cap.
2114 3743 2159 3794 6.
