2502 4186
276 245 394 303 200
775 282 778 286 .
910 264 1229 304 *maci-Artis
1271 266 1338 302 mi
1381 266 1774 306 nuenamsru.

277 406 511 467 Domini
534 407 903 486 praesentiam
929 406 1002 466 ab
1027 407 1221 466 altaris
1237 409 1608 468 Sacramento
1622 407 1898 468 excludit.
1923 411 2005 468 En
2021 416 2141 489 ejus
2161 411 2372 475 verba:

275 502 739 559 Sacramentum
782 502 1121 581 adoptionis
1172 507 1470 583 suscipere
1525 504 1812 583 diqnatus
1852 514 1936 561 est
1987 505 2289 580 Christus,
2327 518 2383 566 et

273 595 511 673 quando
536 599 930 681 circumcisus
965 607 1079 670 est,
1112 609 1168 656 et
1190 600 1431 677 quando
1460 600 1799 678 baptizatus
1835 608 1956 671 est3
1991 608 2048 656 et
2061 611 2246 677 potest
2263 604 2380 661 Sa-

275 699 652 748 cramentum
670 691 1010 771 adoptionis
1023 736 1044 764 ,
1077 695 1312 774 adoptio
1333 699 1691 774 nuncupari
1703 718 1723 760 ,·
1744 697 1901 752 sicut
1923 695 2380 755 Sacramentum

276 787 553 863 Corporis
573 795 627 842 et
649 787 987 866 Sanquinis
1007 792 1136 867 ejus
1145 832 1165 861 ,
1191 790 1355 869 quod
1368 799 1450 847 est
1463 794 1707 868 inpane
1722 799 1775 847 et
1790 791 2004 868 poculo
2023 800 2376 864 consecrato7

278 883 505 958 Corpus
536 884 665 959 ejus
697 892 753 940 et
788 884 1161 964 Sanquinem
1195 885 1492 956 dicimus,
1533 905 1656 942 non
1691 885 1853 962 quod
1871 889 2124 964 proprie
2154 884 2382 964 Corpus

269 977 399 1051 ejus
432 979 514 1033 sit
537 979 722 1054 panis
757 987 810 1034 et
837 980 1129 1057 poculum
1160 980 1424 1060 Sanguis
1445 1022 1466 1051 ,
1507 980 1610 1037 sed
1646 979 1809 1058 quod
1830 983 1899 1037 in
1934 1001 1991 1038 se
2030 984 2381 1059 mysterium

279 1067 560 1147 Corporis
585 1075 713 1149 ejus
739 1072 1190 1153 Sanquinisque
1233 1080 1594 1134 contineant.
1626 1075 1797 1133 Hinc
1838 1083 1895 1131 et
1921 1079 2044 1152 ipse
2084 1076 2384 1133 Dominus

271 1163 616 1223 benedicens
651 1188 880 1245 panem
916 1180 972 1227 et
1004 1171 1284 1242 calicem,
1322 1191 1497 1250 quem
1534 1171 1852 1249 discipulis
1890 1170 2185 1241 tradidit,
2239 1170 2382 1229 Cor-

263 1280 387 1339 pus
417 1269 473 1317 et
494 1261 869 1340 San-quinem
891 1284 1071 1322 suum
1101 1270 1346 1323 vocavit.
1374 1267 1666 1345 Quocirca
1683 1309 1704 1336 ,
1733 1270 1890 1324 sicut
1909 1265 2134 1324 Christi
2147 1266 2344 1343 fideles
2359 1309 2381 1337 ,

270 1355 733 1415 Sacramentum
777 1362 1053 1437 Corporis
1085 1370 1141 1417 et
1178 1360 1513 1440 Sanquinis
1552 1365 1680 1439 ejus
1716 1364 2101 1439 accipientes,
2158 1360 2383 1438 Corpus

275 1459 331 1507 et
360 1449 734 1529 Sanquinem
765 1453 991 1512 Christi
1025 1464 1177 1513 recte
1206 1455 1501 1515 dicuntur
1524 1459 1792 1535 accipere
1814 1499 1838 1528 ,
1865 1459 1951 1513 sic
1970 1465 2026 1513 et
2062 1460 2186 1533 ipse
2214 1455 2385 1514 Chri-

275 1554 437 1617 stus,
457 1547 911 1606 Sacramentum
928 1550 1267 1629 adoptionis
1281 1552 1553 1628 filiorum
1575 1573 1767 1630 quum
1786 1555 2127 1631 suscepisset
2149 1595 2164 1625 7
2185 1554 2391 1630 potuit

272 1650 422 1699 recte
449 1642 606 1715 dici,
639 1645 1012 1723 adoptionem
1037 1647 1311 1724 filiorum
1346 1652 1662 1726 suscepisse
1701 1645 2018 1727 (1).Ergo.

363 1735 500 1796 100.
550 1740 721 1822 Resp.
750 1740 897 1820 Neq.
932 1741 990 1799 Si
1016 1740 1157 1822 quid
1180 1742 1340 1800 enim
1361 1743 1638 1802 evincunt
1657 1741 1880 1820 objecta
1902 1741 2155 1802 Facundi
2182 1741 2386 1818 verba,

275 1834 556 1893 evincunt
576 1836 768 1916 potius
793 1840 1102 1915 manifeste
1137 1836 1356 1897 realem
1385 1837 1598 1896 Christi
1629 1837 1999 1919 praesentiam
2027 1837 2088 1894 in
2120 1836 2386 1895 Euchari-

276 1929 406 1987 stia.
448 1931 600 1988 Nam
645 1950 848 2011 scopus
877 1931 1057 2013 ipsius
1102 1944 1189 1992 est
1245 1953 1516 1991 excusare
1547 1954 1646 1992 seu
1685 1931 1936 2013 benigne
1975 1931 2344 2012 interpretari
2370 1975 2385 2004 7

279 2024 438 2107 quod
468 2024 694 2084 dixerat
734 2025 1068 2086 Theodorus
1111 2028 1584 2108 Mopsuestenus7
1619 2032 1780 2105 cujus
1809 2026 2128 2109 capitulum
2154 2025 2390 2084 damna-

276 2131 407 2179 tum
433 2131 522 2179 est
554 2120 615 2178 in
655 2121 833 2180 Cone.
876 2122 921 2179 V
958 2121 1244 2201 generali,
1280 2121 1496 2181 scilicet
1522 2121 1821 2180 Christum
1844 2121 2223 2203 adoptionem
2247 2120 2392 2179 filio-

282 2238 416 2274 rum
440 2216 751 2297 suscepisse
773 2262 788 2291 7
825 2238 1007 2297 quum
1038 2219 1098 2275 in
1124 2219 1157 2275 J
1163 2216 1381 2276 ordane
1408 2215 1734 2298 baptizatus
1758 2228 1862 2275 est.
1890 2216 2059 2289 Quod
2076 2227 2141 2274 ut
2158 2216 2391 2289 efficiat7

278 2322 437 2396 totus
463 2313 526 2369 in
561 2333 628 2370 eo
663 2323 784 2387 est,
815 2323 882 2369 ut
911 2314 1173 2386 evincat7
1214 2323 1372 2371 recte
1417 2311 1530 2370 dici
1554 2312 1807 2393 potuisse
1831 2333 1862 2370 a
1886 2310 2188 2370 Theodoro
2225 2310 2395 2369 Chri-

285 2417 442 2465 stum
478 2407 792 2488 suscepisse
825 2408 1201 2489 adoptionem
1221 2454 1237 2483 7
1264 2409 1397 2489 quia
1422 2406 1750 2488 adoptionis
1774 2406 2024 2489 suscepit
2045 2408 2394 2466 Sacramen-

283 2515 453 2578 tum,
492 2525 706 2584 nempe
746 2505 1144 2586 Baptismum,
1182 2503 1315 2584 qui7
1352 2503 1486 2562 licet
1524 2504 1875 2584 improprie,
1906 2513 2165 2560 attamen
2200 2499 2391 2580 aliquo

282 2621 453 2661 sensu
486 2602 678 2681 potuit
713 2601 905 2662 vocari
938 2602 1193 2679 adoptio.
1225 2600 1347 2657 Hoc
1377 2610 1573 2658 autem
1607 2597 1861 2658 declarat
1885 2595 2150 2677 exemplo
2179 2595 2392 2653 Eucha-

279 2696 452 2755 ristiae
476 2741 492 2770 7
526 2697 588 2753 in
630 2717 744 2776 qua
783 2695 890 2755 etsi
928 2696 1239 2754 exteriores
1279 2695 1496 2776 species
1527 2714 1649 2751 non
1701 2692 1823 2749 sint
1864 2712 2003 2753 vere
2052 2703 2111 2749 et
2158 2690 2390 2771 proprie

285 2792 480 2872 ipsum
512 2789 726 2849 Christi
757 2791 977 2871 Corpus
1007 2800 1065 2849 ct
1092 2791 1330 2869 Sanguis
1350 2835 1366 2863 7
1410 2810 1542 2847 cum
1585 2799 1784 2846 tamen
1813 2785 1920 2844 sub
1958 2807 2017 2845 se
2049 2790 2395 2844 contineant

278 2875 635 2952 mysterium
675 2871 954 2951 Corporis
982 2882 1037 2929 et
1069 2873 1405 2950 Sanquinis
1444 2874 1572 2948 ejus
1589 2912 1613 2941 ,
1653 2867 1715 2926 id
1746 2879 1865 2942 est7
1905 2867 2126 2947 Corpus
2153 2877 2211 2925 et
2241 2867 2390 2924 San-

282 2969 518 3048 guinem
554 2959 823 3041 D'omini7
864 2966 1056 3047 aliquo
1087 2987 1260 3026 sensu
1287 3011 1302 3039 7
1340 2964 1474 3024 licet
1521 2964 1841 3045 improprio
1867 3009 1882 3038 7
1923 2963 2198 3022 dicuntur
2244 2963 2389 3021 Cor—

286 3085 397 3145 pus
426 3074 485 3122 et
507 3062 746 3142 Sanguis
779 3061 1025 3135 Christi3
1070 3082 1202 3120 cum
1240 3071 1441 3119 tamen
1464 3060 1655 3141 reipsa
1687 3058 1799 3118 illae
1832 3081 1954 3117 non
1991 3059 2108 3117 sint
2137 3058 2249 3116 nisi
2272 3059 2385 3116 Sa·

284 3169 661 3216 crumentum
699 3177 803 3215 seu
844 3161 1088 3236 siqnum
1125 3166 1438 3213 externum
1476 3154 1735 3232 ejusdem
1777 3154 1988 3212 Christi
2020 3153 2286 3234 Corporis
2331 3163 2390 3211 et

281 3251 603 3330 Sanguinis.
655 3251 777 3309 Nisi
820 3251 978 3309 enim
1025 3248 1325 3309 Facundus
1375 3250 1685 3308 veritatem
1739 3249 1951 3308 Christi
2004 3248 2268 3328 Corporis
2323 3246 2387 3305 in

282 3345 634 3407 Eucharistia
665 3344 1001 3405 credidisset
1019 3390 1036 3419 7
1070 3356 1129 3404 et
1155 3344 1311 3403 credi
1346 3342 1418 3402 ab
1456 3343 1725 3402 omnibus
1753 3366 1860 3425 pro
1884 3349 2038 3402 certo
2066 3340 2383 3415 habuisset,

279 3462 586 3522 nunquam
623 3439 733 3499 hoc
787 3450 1127 3519 argumento
1167 3461 1303 3498 usus
1346 3449 1494 3499 esset
1539 3438 1614 3497 ad
1652 3438 2066 3498 emolliendum
2102 3434 2385 3495 Theodori

278 3537 537 3596 effatum.
576 3535 698 3594 Hoc
732 3528 870 3596 vero
898 3535 1076 3614 magis
1107 3534 1259 3594 clare
1298 3534 1485 3594 elucet
1516 3555 1587 3594 ex
1614 3555 1710 3610 e07
1748 3533 1905 3615 quod
1930 3531 2145 3591 ibidem
2189 3530 2339 3588 dicat
2369 3550 2383 3586 :

329 3739 398 3803 (1)
429 3739 535 3789 Lib.
558 3757 603 3789 ix
623 3777 637 3795 .
667 3757 770 3806 cap.
791 3737 842 3788 5.
865 3756 941 3804 op.
968 3739 1071 3788 Pro
1095 3739 1256 3803 desen·
1340 3742 1474 3789 sione
1500 3741 1648 3789 trium
1674 3736 2012 3805 capitulorum.
