2502 4186
293 214 373 274 '78
975 234 1296 273 'ramni-ns
1339 233 1410 270 nu
1451 235 1740 274 mensim.

292 378 404 437 cati
433 374 701 448 actualis;
735 375 854 432 imo
873 417 889 448 ,
920 387 1053 432 cum
1081 373 1411 454 Baptismus
1443 384 1682 434 vocetur
1710 375 1925 455 passim
1949 379 2394 439 Sacramentum

292 474 692 532 renovationis
742 489 808 526 ac
852 473 1319 549 reqenerationis
1354 513 1373 540 ,
1425 468 1607 549 liquet
1643 490 1750 549 per
1796 469 2063 530 eamdem
2110 475 2352 552 gratiam
2381 521 2396 549 a

291 587 421 649 quae
456 567 517 623 in
551 563 847 644 Baptismo
881 562 1210 639 confertur,
1248 564 1377 624 tolli
1411 565 1586 623 etiam
1616 585 1852 623 omnem
1897 587 2089 646 poenae
2127 580 2394 644 reatum3

291 681 417 743 quae
459 660 700 741 quidem
744 659 939 727 omnia
998 659 1287 741 complexi
1338 681 1537 719 sumus
1584 659 1647 717 in
1697 659 1806 718 hac
1845 662 2281 743 propositione,
2322 686 2399 725 ne

288 756 537 836 longius,
563 756 745 837 quam
763 776 871 836 par
895 755 992 830 sit,
1021 754 1480 837 progrediamur,
1499 776 1631 814 cum
1655 754 1874 814 eaedem
1888 755 2262 838 probationes
2277 759 2400 818 haec

289 852 486 911 omnia
515 850 690 910 simul
733 851 1060 910 conficiant.

349 947 510 1007 '171.
557 948 691 1006 Jam
719 967 858 1006 vero
897 966 1004 1026 per
1038 947 1399 1029 Baptismum
1428 947 1672 1026 gratiam
1710 946 1960 1006 conferri
1984 993 2000 1022 ,
2044 970 2158 1030 qua
2201 952 2396 1008 omnia

288 1043 398 1103 rite
421 1042 698 1126 disposito
723 1042 1059 1125 (l)peccata
1089 1041 1395 1101 deleantur
1425 1088 1440 1117 Ἴ
1476 1041 1796 1101 ostendunt
1817 1044 2183 1123 apertissima
2214 1046 2399 1127 Scrip-

286 1135 558 1220 turaru‘m
595 1137 948 1201 testimonia.
982 1139 1060 1196 Ac
1098 1137 1291 1218 primo
1319 1137 1558 1218 quidem
1581 1139 2013 1219 praenunciatus
2037 1137 2129 1198 hic
2158 1141 2397 1200 effectus

286 1245 377 1295 est
403 1254 508 1314 per
548 1231 941 1304 Ezechielem,
983 1233 1216 1290 XXXVI
1247 1277 1264 1306 ,
1299 1232 1412 1307 25,
1459 1232 1528 1290 iis
1567 1232 1758 1292 verbis
1802 1255 1815 1290 :
1855 1234 2196 1312 Effundam
2224 1258 2400 1316 super

286 1351 383 1388 vos
415 1349 644 1407 aquam
683 1328 984 1385 mundam
1007 1370 1029 1397 ,
1074 1337 1130 1384 et
1164 1329 1635 1386 mundabimini
1679 1330 1758 1386 ab
1793 1332 2074 1402 omnibus
2108 1335 2402 1409 inquina-

285 1428 504 1483 mentis
530 1427 756 1483 vestris.
802 1422 915 1482 Sed
941 1422 1231 1504 praecipue
1267 1422 1330 1481 in
1365 1424 1438 1482 N.
1476 1423 1542 1481 T.
1571 1469 1586 1497 ,
1622 1425 1948 1504 praesertim
1986 1427 2111 1484 Act.
2162 1426 2247 1501 ΙΙ,
2289 1425 2399 1502 38,

284 1520 384 1580 ubi
410 1523 613 1580 Petrus
645 1541 658 1578 ε
688 1520 1080 1598 Baptizetur,
1106 1518 1298 1600 inquit
1317 1564 1332 1593 ,
1365 1523 1777 1598 unusquisque
1800 1531 2059 1579 vestrum
2077 1526 2146 1579 in
2163 1526 2402 1580 nomine

267 1618 431 1676 'Jesu
465 1615 723 1691 Christi,
763 1618 833 1672 in
859 1617 1266 1672 remissionem
1291 1625 1674 1693 peccatorum
1691 1660 1706 1688 a
1733 1625 1862 1672 tum
1895 1614 2037 1674 ibid.
2063 1618 2223 1676 XXII
2242 1661 2257 1690 ,
2290 1618 2362 1675 16
2382 1666 2399 1695 ‚

284 1709 386 1769 ubi
415 1710 667 1770 Ananias
697 1709 776 1768 sic
830 1708 1074 1791 Paulum
1119 1708 1330 1767 affatur
1377 1732 1390 1767 :
1435 1711 1803 1788 Baptizare,
1852 1721 1907 1768 et
1946 1712 2124 1770 ablue
2155 1722 2403 1790 peccata

274 1796 415 1865 tua.
450 1807 574 1865 Hoc
597 1806 790 1887 ipsum
821 1803 1088 1886 pluribus
1119 1803 1375 1863 declarat
1413 1804 1723 1886 Apostolus
1745 1850 1761 1876 ‚
1795 1817 1917 1864 toto
1954 1827 2077 1887 cap.
2116 1807 2186 1864 VI
2221 1808 2397 1886 Epist.

285 1901 362 1961 ad
394 1904 558 1961 Rom.
579 1947 596 1977 ‚
637 1900 737 1959 ubi
768 1901 923 1959 inter
957 1911 1174 1972 cetera,
1206 1919 1259 1960 v.
1299 1899 1367 1972 3,
1405 1899 1604 1959 scribit
1643 1923 1656 1959 :
1691 1901 2066 1980 Quicumque
2105 1903 2398 1980 baptizati

283 2015 496 2056 sumus
528 2002 597 2055 in
639 1997 870 2057 Christo
912 1996 1091 2068 Iesu,
1137 1999 1210 2054 in
1247 2006 1432 2053 morte
1467 2000 1663 2074 ipsius
1704 1998 2001 2075 baptizati
2027 2018 2241 2055 sumus
2267 2041 2291 2068 ,
2343 2008 2401 2056 et

283 2114 345 2152 v.
390 2093 460 2150 11
494 2115 507 2151 :
553 2093 654 2152 Ita
680 2102 862 2155 etsvos
883 2081 1211 2150 existimate
1231 2135 1246 2164 7
1282 2111 1375 2149 vos
1400 2101 1664 2149 mortuos
1708 2093 1952 2170 quidem
1980 2113 2095 2150 esse
2116 2103 2356 2170 peccato
2375 2134 2400 2163 ,

285 2193 541 2246 viventes
592 2198 799 2246 autem
837 2188 958 2246 Deo
1006 2191 1075 2244 in
1115 2187 1346 2245 Christo
1381 2185 1531 2244 Jesu
1581 2187 1846 2244 Domino
1881 2186 2140 2251 Nostr0;
2177 2197 2235 2244 et
2270 2207 2396 2268 cap.
2477 2226 2479 2230 -

283 2285 418 2343 VIII
439 2329 454 2356 ‚
503 2285 531 2341 1
564 2328 579 2356 ,
621 2282 917 2347 concludit
960 2304 972 2339 :
1009 2281 1192 2340 Nihil
1222 2301 1356 2359 enyo
1388 2301 1557 2338 nuno
1591 2282 2007 2340 damnationis
2035 2292 2119 2339 est
2140 2285 2249 2356 iis⁷
2289 2286 2404 2361 qui

283 2389 427 2438 sunt
461 2383 530 2435 in
573 2378 804 2437 Christo
840 2378 1007 2435 Jesu.
1070 2377 1149 2433 Ut
1186 2376 1493 2434 innumera
1544 2397 1728 2457 prope
1773 2376 1881 2449 alia
1926 2397 2220 2452 sacrorum
2273 2376 2396 2435 elo-

282 2475 554 2554 quiorum
595 2471 928 2531 testimonia
966 2481 1342 2552 praeteream,
1380 2492 1511 2551 quae
1555 2471 1880 2550 significant
1910 2517 1925 2545 ,
1962 2492 2068 2531 nos
2104 2492 2211 2551 per
2239 2471 2388 2551 Bap-

282 2571 523 2628 tismum
561 2569 769 2641 ablui,
810 2568 1141 2640 mundari,
1189 2569 1467 2636 renasci,
1503 2566 1908 2643 sanctificari,
1946 2565 2256 2625 Christum
2291 2570 2393 2624 in-

277 2666 507 2734 duero,
546 2674 654 2721 ete.
687 2660 896 2742 quibus
936 2661 1131 2741 palam
1166 2661 1232 2718 fit
1258 2706 1274 2735 7
1324 2683 1561 2720 omnem
1597 2682 1832 2741 prorsus
1880 2661 2127 2738 cujusvis
2173 2662 2392 2742 peccati

282 2768 512 2818 reatum
540 2768 669 2814 tum
692 2755 877 2836 culpae
919 2766 1046 2814 tum
1076 2771 1268 2836 poenae
1307 2777 1414 2837 per
1450 2757 1730 2836 Baptismi
1758 2755 2001 2834 gratiam
2031 2755 2263 2814 auferri.

372 2853 443 2912 17
448 2854 510 2912 2.
555 2854 673 2911 Nec
710 2851 820 2910 alia
857 2872 1118 2932 unquam
1142 2851 1252 2908 fuit
1289 2851 1582 2911 catholicae
1624 2851 1883 2910 Ecclesiae
1919 2850 2061 2910 fides
2084 2897 2101 2928 ‚
2136 2862 2202 2909 ut
2229 2863 2391 2932 patet

275 2969 357 3007 -ex
395 2945 643 3027 symboli
673 2945 1305 3027 Constantinopolitani
1341 2946 1586 3005 articulo
1628 2970 1640 3004 ε
1686 2948 1969 3025 Confiteor
1992 2968 2192 3004 urium
2217 2948 2390 3026 Bap-

282 3048 464 3102 tisma
500 3047 570 3101 in
608 3046 1017 3100 remissionem
1045 3053 1449 3121 peccatorum.
1497 3044 1629 3101 Haec
1670 3040 1813 3101 adeo
1849 3042 1910 3101 in
1943 3042 2241 3122 primitiva
2283 3044 2390 3113 Ec-

285 3136 453 3196 clesia
479 3136 819 3219 pervulgata
845 3147 1012 3196 erant
1030 3181 1046 3212 ‚
1076 3148 1144 3196 ut
1165 3137 1429 3197 indidem
1455 3159 1657 3196 ansam
1675 3138 2034 3218 sumpserint
2063 3136 2389 3196 christianae

285 3230 575 3311 religionis
615 3231 807 3290 hostes
837 3231 1147 3291 Ecclesiam
1179 3232 1572 3292 calumniandi
1599 3279 1614 3308 .,
1655 3233 1814 3314 quod
1861 3255 1973 3291 una
2017 3253 2182 3312 aquae
2227 3230 2392 3290 ablu-

286 3325 445 3385 tione
492 3325 796 3386 sceleratos
842 3348 1102 3408 quosque
1147 3337 1205 3387 et
1238 3327 1604 3387 mulierculas
1643 3327 1980 3387 criminibus
2026 3336 2289 3385 oneratas
2327 3327 2390 3384 in

355 3529 426 3594 (1)
470 3526 590 3578 Cum
644 3530 818 3579 eaedem
865 3547 1052 3595 prorsus
1102 3531 1299 3595 disposi-
1383 3549 1433 3580 ac
1460 3533 1517 3580 ad
1550 3534 1635 3581 rite
1664 3531 2004 3597 suscipiendum
2039 3526 2389 3578 Sacramentum

287 3614 435 3660 tiones
469 3606 760 3678 requirantur
803 3614 854 3660 in
890 3612 1058 3661 adultis
1096 3613 1155 3660 ad
1210 3615 1297 3662 rite
1388 3613 1699 3674 Poenitentiae,
1737 3614 1795 3662 de
1830 3615 1885 3660 iis
1920 3621 2156 3676 propterea
2201 3628 2388 3676 agemus

285 3694 630 3759 suscipiendum
682 3691 1030 3744 Sacramentum
1064 3694 1284 3759 Baptismi
1378 3698 1429 3744 in
1456 3697 1596 3763 hujus
1614 3695 2120 3745 Sacramentitractatu.
