2502 4186
295 244 375 303 28

294 409 645 470 necessitatis
691 428 858 482 casu,
907 406 1103 484 adJicit
1153 417 1352 467 tamen

970 265 1289 306 TRACTATUS
1331 267 1399 303 DE
1441 268 1726 309 BAPTISMO.

1400 431 1412 466 :
1460 411 1795 469 Dummodo
1841 413 2153 474 lavacrum
2207 437 2389 476 suu-m

296 509 597 582 irtteyrum
627 503 871 576 haheat,
917 522 1023 559 neo
1051 505 1132 560 sit
1165 503 1467 581 biyamus;
1511 505 1674 583 Ergo.
1959 559 1962 562 Α

381 599 477 657 65.
525 599 691 676 Resp.
733 594 820 654 Ad
867 595 968 669 1¹1¹,
1002 597 1160 656 Dist.
1197 596 1429 656 Publice
1460 609 1519 656 et
1553 619 1624 656 ex
1655 598 1838 657 officio
1859 643 1874 673 ,
1904 620 2092 667 conc.;
2123 602 2395 682 privatim

296 702 356 751 et
378 690 718 750 necessitate
745 701 982 769 cogente
1004 734 1020 764 ,
1048 712 1174 770 neq.
1200 693 1348 749 Nam
1379 692 1652 773 privatim
1677 693 1851 751 etiam
1875 693 2003 753 laici
2030 694 2168 753 alios
2190 695 2394 755 docere

295 797 539 867 possunt
565 831 581 860 ,
630 796 804 867 prout
845 783 905 843 id
945 787 1343 867 praestiterunt
1388 785 1592 867 Aquila
1638 798 1697 846 et
1735 789 1988 848 Priscilla
2017 835 2033 865 ,
2077 802 2144 848 ut
2187 790 2397 869 legitur

296 882 358 939 in
395 881 518 939 Act.
553 883 750 961 Apost.
784 880 892 958 (l).

368 977 475 1034 66.
524 974 615 1036 Ad
642 977 749 1050 2¹¹1,
790 976 1006 1035 Trans,
1042 977 1124 1034 Ex
1155 974 1465 1034 traditione
1494 987 1799 1057 propterea
1816 1019 1838 1047 ,
1869 978 2106 1058 perinde
2136 1000 2200 1038 ac
2225 979 2393 1061 plura

299 1069 409 1130 alia
457 1070 730 1130 doctrinae
781 1071 1007 1150 capita,
1060 1069 1190 1130 talis
1239 1081 1326 1129 est
1365 1070 1762 1151 depromenda
1808 1071 2067 1132 facultas,
2125 1076 2396 1134 Ceterum

297 1187 420 1224 non
469 1165 680 1224 desunt
705 1210 719 1239 ,
760 1166 859 1246 qui
898 1165 1287 1238 contendant,
1338 1167 1659 1240 Ananiam,
1716 1188 1748 1224 a
1784 1188 1897 1247 quo
1952 1166 2274 1248 baptizatus
2314 1179 2402 1228 est

298 1260 509 1319 Paulus
526 1302 548 1330 ,
585 1260 757 1318 fuisse
783 1259 1105 1340 simplicem
1130 1259 1361 1318 fidelem
1381 1304 1396 1334 ,
1426 1281 1534 1318 nec
1561 1282 1680 1319 non
1712 1261 1915 1320 fratres
1938 1261 2068 1320 illos
2091 1307 2107 1336 ,
2137 1284 2167 1321 a
2193 1262 2399 1344 quibus

290 1359 454 1433 jussu
490 1355 646 1413 Petri
681 1354 893 1411 tinctus
922 1364 1011 1411 est
1045 1353 1341 1410 Cornelius
1378 1373 1510 1411 cum
1540 1354 1712 1413 domo
1749 1377 1848 1413 sua
1891 1357 1999 1436 (2).

382 1447 478 1506 67.
522 1446 610 1507 Ad
639 1447 745 1522 3¹¹¹,
775 1448 930 1506 Dist.
971 1446 1116 1519 Quia
1148 1468 1270 1504 non
1297 1459 1583 1528 putarunt
1610 1470 1671 1507 se
1709 1449 1771 1507 in
1795 1450 1897 1508 tali
1917 1452 2254 1510 constitutos
2278 1473 2400 1511 esse

296 1543 553 1626 periculo
594 1544 897 1623 Gregorius
946 1555 1005 1602 et
1039 1544 1309 1623 SatyruS,
1353 1554 1416 1601 ut
1452 1544 1606 1602 licite
1650 1557 1889 1625 possent
1926 1564 1960 1605 a
2004 1547 2158 1607 laicis
2202 1559 2401 1629 petere

300 1640 661 1721 Baptismum
684 1685 700 1714 ,
740 1661 924 1705 conc.;
959 1639 1122 1720 quasi
1155 1639 1495 1720 putaverint
1530 1638 1792 1699 absolute
1825 1662 1947 1699 non
1977 1663 2144 1722 posse
2175 1664 2208 1701 a
2244 1642 2402 1701 laicis

301 1735 662 1816 Baptismum
701 1734 1132 1807 administrari,
1172 1733 1267 1793 vel
1308 1744 1497 1792 tra-na.
1541 1733 1628 1813 (3)
1658 1734 1752 1795 vel
1777 1758 1903 1816 neq.

383 1831 480 1889 68.
527 1829 616 1890 Ad
660 1830 767 1905 4¹1¹,
814 1831 969 1890 Dist.
1019 1830 1077 1889 Si
1114 1828 1244 1888 laici
1290 1827 1494 1888 eadem
1527 1841 1817 1910 potestate
1854 1853 1885 1888 a
1912 1830 2142 1890 Christo
2175 1829 2404 1912 praediti

370 2002 438 2073 (l')
473 2008 588 2074 Cap.
612 2026 754 2069 xvm,
771 2006 835 2058 26
857 2019 901 2057 et
925 2026 1023 2075 seq.

349 2091 416 2155 (2)
433 2090 969 2156 PerperamTurmfinus,
992 2090 1112 2138 Loco
1123 2102 1215 2150 xix,
1231 2086 1312 2136 De

301 2171 449 2238 Bapt.
466 2170 491 2238 §
507 2190 586 2232 su,
606 2174 795 2222 evadere
810 2183 952 2221 tentat
969 2210 982 2233 ‚
1004 2173 1116 2221 dum
1132 2188 1313 2236 respon-

303 2252 413 2315 det,
434 2272 517 2318 pro
537 2257 721 2318 privatis
736 2252 971 2302 habendos
987 2270 1081 2301 non
1098 2269 1211 2310 esse,
1230 2254 1311 2316 qui

300 2337 432 2401 jussu
450 2346 493 2383 et
512 2338 780 2387 auctoritate
795 2335 1116 2398 Apostolorum
1128 2333 1308 2396 Baptis-

304 2433 435 2464 mum
471 2417 879 2478 administrarunt3
926 2432 1191 2480 perperam,
1235 2415 1311 2460 in-

304 2514 445 2563 quam
462 2531 477 2557 ‚
506 2514 613 2545 cum
632 2497 833 2545 Ecclesia
851 2499 900 2544 in
926 2497 1139 2562 pastorali
1160 2495 1310 2544 officio

305 2579 468 2626 eadem
495 2589 712 2642 potestate
743 2580 944 2633 fruatur,
977 2596 1068 2644 qua
1104 2578 1310 2641 Apostoli

306 2659 464 2707 donati
483 2669 590 2706 sunt
606 2670 824 2724 tanquam
855 2659 1067 2707 Ecclesiae
1088 2668 1306 2723 pastores3

308 2742 346 2787 si
367 2750 603 2804 propterea
631 2743 760 2805 jugit-a
779 2743 927 2803 ipsum
946 2741 1093 2787 valide
1111 2757 1163 2787 ac
1189 2741 1309 2788 licite

308 2821 512 2885 deputati
550 2820 608 2868 ab
639 2821 863 2885 Apostolis
877 2821 1161 2886 Baptismum
1196 2838 1308 2869 con·

308 2903 550 2962 tulerunt,
578 2903 728 2950 valide
758 2920 812 2951 ac
844 2903 965 2950 licite
997 2903 1241 2951 conferunt
1277 2904 1310 2949 ii

310 3001 469 3033 omnes
498 3021 511 3044 ,
553 2986 633 3049 qui
673 2987 723 3031 in
766 2987 1030 3037 necessitate
1074 2985 1311 3032 constituti

309 3065 432 3126 idem
453 3064 801 3114 Sacramentum
819 3066 1061 3114 conferunt
1076 3102 1089 3124 ,
1111 3065 1313 3113 Ecclesia

310 3146 555 3211 probante,
573 3149 666 3194 imo
684 3158 726 3195 et
747 3150 1051 3212 praecipiente.
1071 3146 1308 3210 Quamvis,

312 3230 350 3275 si
378 3231 546 3276 rectius
574 3228 701 3293 loqui
732 3230 948 3276 malimus
974 3266 987 3288 ,
1013 3246 1110 3276 non
1145 3228 1201 3276 ab
1232 3228 1315 3275 Ec·

313 3308 446 3358 clesia
462 3344 476 3369 ‚
508 3310 585 3357 sed
606 3328 631 3356 a
649 3309 830 3357 Christo
857 3313 953 3375 ipso
975 3311 1095 3358 hanc
1115 3320 1316 3374 potesta-

315 3399 409 3440 tem
441 3393 490 3438 in
520 3392 747 3456 ejusmodi
780 3393 960 3439 casibus
997 3392 1100 3439 laici
1129 3409 1318 3455 accepe-

314 3482 456 3534 runt3
487 3471 689 3521 Ecclesia
721 3474 872 3522 solum
902 3476 1126 3537 interpres
1152 3472 1320 3520 Christi

314 3555 559 3603 voluntatis
581 3565 663 3603 est.
716 3614 721 3619 ι

272 3701 275 3705 ⁴
387 3635 449 3697 (3)
487 3636 806 3684 Tillemontius
834 3670 852 3696 ,
903 3635 1158 3683 Memoires
1193 3650 1322 3700 pour

315 3719 470 3764 servir
483 3715 698 3768 al'Hist.
716 3715 875 3768 eccles.
890 3727 1005 3768 tom.
1025 3732 1090 3779 ιι,
1109 3734 1210 3783 pag.
1227 3716 1321 3780 327

1400 2017 1443 2056 et
1491 2024 1588 2073 seq.
1627 2018 1811 2068 censet,
1861 2006 2146 2057 validitatem
2190 2007 2406 2071 baptismi

1397 2107 1477 2154 per
1549 2090 1688 2137 laicos
1752 2089 1902 2138 collati
1951 2100 2063 2137 tunc
2115 2089 2268 2136 adhuc
2310 2106 2408 2136 non

1397 2172 1503 2219 satis
1545 2181 1702 2219 notam
1737 2171 1874 2219 fuisse
1906 2169 2098 2230 Graecis,
2138 2187 2192 2217 ac
2226 2187 2285 2217 ne
2317 2169 2407 2216 La-

1397 2255 1505 2300 tinis
1538 2253 1726 2317 quidem
1759 2252 1993 2299 omnibus.
2026 2251 2125 2298 Hoc
2163 2268 2268 2298 vero
2304 2268 2410 2298 con·

1397 2334 1548 2380 firmat
1582 2343 1681 2381 tum
1713 2350 1765 2380 ex
1795 2333 1923 2381 factis
1962 2331 2045 2380 SS.
2081 2331 2284 2395 Gregorii
2319 2330 2410 2378 Na-

1398 2417 1598 2462 zianzeni
1634 2431 1686 2462 ac
1722 2413 1899 2479 Satyri,
1933 2424 2033 2461 tum
2073 2414 2339 2460 auctoritate
2357 2411 2409 2460 S.

1396 2496 1551 2543 Basilii
1570 2496 1706 2543 locoa
1737 2495 1871 2541 nobis
1895 2496 2100 2558 superius
2117 2497 2195 2540 cit.
2218 2493 2271 2540 In
2291 2494 2414 2541 hanc

1396 2579 1564 2640 pariter
1598 2578 1873 2624 sententiam
1919 2577 2138 2623 concessit
2170 2574 2410 2624 Hensche-

1396 2660 1500 2705 nius
1516 2660 1565 2704 in
1586 2656 1726 2704 Actis
1740 2655 1906 2704 Sanct.
1935 2674 2082 2704 mens.
2115 2655 2225 2702 Maii
2244 2693 2256 2714 ,
2287 2667 2401 2704 tom.

1396 2753 1462 2799 ιι,
1490 2741 1538 2785 in
1569 2738 1803 2786 annot.ad
1827 2755 1922 2801 cap.
1945 2751 1978 2784 11
1998 2739 2097 2785 vitae
2127 2736 2175 2784 S.
2203 2736 2405 2800 Gregorii

1397 2819 1612 2867 Nazianz.
1649 2837 1752 2884 pag.
1791 2819 1902 2885 379.
1941 2817 2040 2866 Cfr.
2087 2821 2221 2866 etiam
2256 2817 2403 2865 Char-

1397 2901 1521 2961 don,
1568 2898 1707 2949 Hist.
1744 2899 1824 2947 des
1854 2897 2181 2963 Sacramenta,
2217 2910 2330 2947 tom.
2361 2917 2404 2958 1,

1398 2999 1498 3048 pag.
1531 2982 1627 3030 332
1644 2991 1687 3029 et
1718 2999 1813 3047 seq.
1839 2983 1918 3046 qui
1950 2981 2148 3028 ostendit
2174 3016 2185 3038 ‚
2223 2978 2407 3028 Graecos

1400 3075 1444 3113 et
1475 3063 1730 3111 Orientales
1764 3065 1933 3110 sensim
1969 3080 2020 3109 ac
2047 3066 2143 3110 sine
2183 3079 2316 3110 sensu
2347 3061 2406 3108 ab

1401 3145 1626 3212 ejusmodi
1649 3147 1794 3209 rigore
1811 3146 2058 3192 recessisse.
2088 3143 2218 3191 Addo
2250 3159 2406 3206 porro,

1401 3245 1498 3275 non
1521 3226 1638 3281 levia
1656 3228 1837 3289 vestigia
1861 3228 1910 3273 in
1932 3227 2203 3290 antiquitate
2221 3226 2410 3286 reperiri

1403 3309 1622 3373 Baptismi
1658 3326 1682 3354 a
1712 3308 1838 3355 laicis
1873 3307 2208 3363 administrati,
2238 3307 2412 3369 quique

1405 3402 1528 3438 ratus
1561 3388 1742 3437 habitus
1772 3392 1847 3436 sit.
1881 3389 1976 3436 Etsi
2009 3389 2129 3436 enim
2161 3386 2406 3446 daremus,

1409 3470 1573 3519 salsam
1604 3488 1698 3519 esse
1718 3471 1951 3518 historiam
1971 3506 1984 3529 ,
2008 3484 2148 3533 quam
2179 3466 2375 3515 Rufinus
2393 3505 2406 3528 ,

1414 3563 1457 3600 et
1484 3571 1535 3600 ex
1559 3571 1610 3601 eo
1651 3552 1930 3600 Sozomenus
1961 3549 2131 3613 aliique
2168 3548 2371 3596 referunt
2398 3583 2411 3598 .
2467 3578 2472 3582 ·

1407 3633 1734 3699 Baptismatisa
1755 3632 1947 3697 puerulo
1966 3629 2208 3677 Athanasio
2225 3629 2375 3676 collati
2397 3643 2412 3691 3

1408 3733 1512 3765 cum
1531 3727 1686 3766 tamen
1714 3715 1764 3763 hi
1785 3711 2136 3777 historiographi
2162 3720 2311 3759 ratum
2327 3710 2413 3758 ha-
