2502 4186
308 179 426 240 312
914 197 1236 235 *rami-arus
1281 199 1349 234 nn
1393 198 1784 236 nuanmsnA.

311 356 319 362 ’
390 339 530 401 327.
582 336 672 397 Ad
717 336 836 411 3¹1²,
864 339 1039 419 Resp.
1088 339 1148 396 1⁰
1201 339 1420 399 Trans.
1448 339 1688 398 Certum
1725 338 1884 397 enim
1909 341 2128 420 pariter
2161 353 2248 402 est
2273 388 2288 418 7
2328 343 2431 402 Sa-

306 435 606 496 cerdotem
621 477 638 506 ‚
655 434 1108 492 consecrationis
1123 433 1305 495 verba
1319 434 1713 516 proferentem
1730 454 1906 515 super
1917 433 2133 494 hostias
2143 438 2205 496 in
2218 437 2431 519 pyxide

303 526 718 603 asservandaS.,
767 529 1010 588 recitare
1047 529 1227 588 etiam
1263 530 1416 612 ipsas
1454 550 1655 611 preces
1697 550 1805 609 pro
1845 527 2147 604 fidelibus,
2193 535 2292 612 qui
2327 554 2429 592 suo

300 635 571 706 tempore
595 622 1115 683 communicabunt
1143 646 1158 682 :
1201 625 1278 685 Ut
1301 635 1586 704 quotquot
1611 646 1681 683 ecc
1703 625 1816 683 hac
1847 627 2066 684 altaris
2081 631 2430 707 participa-

300 724 457 780 tione
491 720 723 798 Corpus
751 731 806 778 et
829 721 1203 799 Sanquinem
1234 724 1703 800 sumpserimus.
1735 721 1837 779 Ast
1867 732 1926 779 et
1951 720 2059 778 hoc
2086 721 2429 782 adversariis

303 814 442 875 dato
461 860 478 891 ⁷
516 815 994 876 communionem
1014 814 1342 896 liturgicarn
1358 816 1648 897 potiorem
1674 836 1798 875 esse
1823 814 1944 890 illa,
1974 836 2100 897 quae
2119 817 2185 874 fit
2208 838 2278 876 ex
2293 838 2433 897 prae-

302 912 650 972 consecratis
671 957 688 987 .,
714 934 836 971 non
852 923 1054 972 tamen
1069 910 1209 972 inde
1227 912 1551 987 conficitur,
1570 910 1728 992 quod
1747 911 1857 992 ipsi
1872 911 2258 971 contendunt.
2282 914 2432 972 Hinc

302 1008 475 1089 Resp.
514 1006 585 1064 20
617 1006 769 1087 Neq.
805 1027 960 1066 cons·
980 1050 1005 1078 ,
1033 1027 1170 1065 cum
1196 1027 1266 1066 ex
1299 1005 1555 1065 uberiori
1587 1005 1780 1064 fructu
1800 1049 1815 1075 .,
1859 1005 1959 1085 qui
1983 1018 2178 1086 posset
2211 1008 2431 1089 percipi

299 1124 373 1164 ex
398 1102 662 1180 liturgica
690 1102 1103 1161 communione
1123 1147 1140 1177 7
1177 1102 1421 1161 minime
1448 1111 1728 1183 sequatur
1756 1099 2026 1162 divinum
2055 1112 2251 1176 entare
2281 1123 2431 1185 prae-

303 1209 542 1280 ceptum
571 1208 673 1255 aut
715 1196 1167 1259 ecclesiasticum
1186 1242 1202 1272 ,
1228 1189 1357 1279 ‘quo
1386 1196 1586 1257 fideles
1618 1195 1693 1255 ad
1731 1195 1894 1256 illam
1921 1217 2151 1278 semper
2183 1198 2433 1258 adstrin-

310 1303 542 1372 gantur.
573 1291 684 1351 Sed
711 1313 903 1373 neque
942 1292 1103 1371 argui
1133 1291 1383 1351 Ecclesia
1410 1303 1604 1373 potest
1624 1338 1639 1367 7
1681 1293 1729 1350 si
1765 1295 2051 1370 majorem
2087 1291 2238 1351 hanc
2271 1293 2431 1351 utili-

303 1398 491 1447 tatem
510 1385 841 1446 rationabili
856 1387 931 1447 de
945 1408 1115 1447 causa
1133 1385 1410 1467 negligat,
1435 1407 1536 1445 seu
1551 1387 1759 1446 saltem
1773 1387 2080 1446 efficaciter
2101 1409 2222 1446 non
2244 1399 2428 1463 curet3

218 1472 221 1478 ’
306 1482 525 1543 etenim
547 1527 564 1557 .,
602 1491 670 1540 ut
704 1482 969 1564 superius
1007 1482 1258 1544 vidimus
1281 1527 1297 1557 ‚
1334 1483 1602 1564 quamvis
1645 1486 1830 1561 major
1870 1483 2050 1562 gratia
2096 1485 2432 1564 proveniret

306 1578 632 1639 infantibus
667 1600 871 1638 recens
912 1578 1221 1662 baptizatis
1270 1601 1340 1639 ex
1376 1579 1687 1639 collatione
1724 1581 2192 1640 Confirmationis
2230 1593 2287 1640 et
2321 1583 2427 1640 Eu·

307 1676 622 1752 charistiae‚
673 1675 921 1735 Ecclesia
973 1688 1175 1735 tamen
1217 1686 1478 1737 veterem
1520 1675 1685 1735 illam
1739 1676 2103 1758 disciplinam
2139 1678 2314 1756 justis
2360 1677 2433 1738 de

302 1772 497 1831 ,causis
533 1772 891 1832 immutavit.
923 1771 990 1830 Id
1020 1771 1214 1853 ipsum
1251 1771 1479 1830 dicatur
1503 1770 1575 1831 de
1598 1773 2009 1830 communione
2044 1771 2151 1830 sub
2185 1784 2431 1855 utraque

308 1867 496 1948 specie
518 1912 532 1940 ‚
559 1865 694 1925 licet
717 1866 1022 1946 disputent
1036 1868 1191 1925 inter
1213 1888 1272 1925 se
1296 1866 1570 1945 Theologi
1588 1877 1835 1941 ‚futrum
1873 1888 1944 1925 ex
1969 1879 2039 1926 ea
2058 1869 2305 1946 gratiam
2330 1867 2439 1927 ali-

312 1983 490 2045 quam
518 1960 939 2020 accidentalem
970 1960 1169 2020 fideles
1201 1972 1715 2041 consequerentur.

394 2057 534 2116 328.
583 2057 675 2116 Ad
710 2055 830 2131 [ιω.
867 2057 1027 2115 Dist.
1064 2057 1136 2114 Et
1163 2054 1288 2115 haec
1328 2056 1524 2115 omnia
1557 2055 1812 2138 aliquam
1848 2058 2287 2136 congruentiam
2329 2079 2435 2140 pro

310 2151 723 2213 communione
758 2150 1022 2233 liturgica
1062 2150 1420 2228 ostendunt,
1471 2173 1676 2218 cono.,·
1729 2150 1989 2230 ejusdem
2035 2165 2432 2235 praeceptum,

312 2272 443 2329 ⁹²39·
492 2249 694 2329 Itaque
734 2247 858 2306 haec
894 2247 1127 2320 omnia,
1167 2269 1380 2326 magno
1419 2247 1760 2306 eruditionis
1803 2260 2089 2330 apparatu
2129 2261 2394 2329 congesta
2417 2296 2432 2326 7

314 2366 438 2405 non
467 2345 749 2404 evincunt
774 2344 883 2402 nisi
909 2343 1166 2425 aliquam
1196 2344 1638 2423 congruentiam
1670 2345 2142 2404 communicandi
2163 2346 2225 2404 in
2242 2347 2432 2406 Missa.

319 2440 491 2514 Quod
512 2441 560 2498 si
589 2441 650 2498 in
671 2439 972 2498 nonnullis
990 2439 1235 2519 liturgiis
1258 2437 1438 2500 verba
1464 2440 1859 2520 reperiuntur,
1891 2462 2020 2522 quae
2042 2440 2103 2498 id
2123 2442 2435 2522 praecipere

311 2537 594 2600 videntur
621 2581 637 2611 7
678 2535 1030 2618 plerumque
1065 2535 1129 2593 in
1170 2536 1241 2594 iis
1284 2534 1479 2593 solum
1524 2556 1716 2594 sermo
1753 2547 1842 2596 est
1874 2536 1947 2595 de
1990 2537 2433 2618 participatione

315 2633 675 2692 Sacramenti
694 2678 710 2707 ,
750 2633 993 2692 minime
1024 2653 1162 2692 vero
1188 2631 1263 2691 de
1288 2628 1699 2691 communione
1729 2634 1792 2690 in
1818 2632 1944 2713 ipso
1975 2633 2277 2691 Sacrificio,
2308 2635 2433 2705 Quo

318 2729 417 2803 fit,
466 2739 531 2787 ut
567 2728 884 2789 adversarii
924 2729 1109 2787 nostri
1138 2729 1201 2787 in
1232 2727 1524 2809 plerisque
1570 2729 1684 2786 suis
1723 2729 2079 2807 argumentis
2106 2750 2136 2786 a
2163 2729 2434 2787 Sacrificii

282 2810 540 2884 'ratione
576 2824 652 2884 ad
674 2825 1181 2913 participationem
1219 2824 1580 2883 Sacramenti
1619 2823 1902 2884 fallaciter
1934 2836 2257 2885 transeant.
2298 2828 2432 2886 Haec

311 2932 596 3002 praeterea
634 2933 977 3000 argumenta
1015 2920 1341 2999 disjecimus
1368 2920 1430 2978 in
1461 2920 1811 2979 refutatione
1849 2923 2305 2982 Protestantium
2331 2945 2432 2980 su-

310 3017 527 3098 periori
562 3017 994 3098 propositione3
1041 3017 1197 3076 unde
1233 3038 1356 3075 non
1394 3028 1484 3076 est
1523 3038 1625 3076 cur
1660 3016 1877 3076 diutius
1913 3017 1976 3075 in
2016 3018 2086 3076 iis
2131 3018 2432 3078 immorari

311 3110 648 3171 debeamus,

1177 3265 1419 3325 CAPUT
1464 3267 1564 3326 III.

439 3434 509 3471 DE
552 3432 800 3473 MATERIA
828 3460 845 3492 ²
889 3437 1078 3475 FORMA
1120 3439 1187 3474 ΕΤ
1231 3439 1495 3476 MINISTRO
1537 3438 1841 3476 SACRIFICII
1886 3435 2302 3475 EUCHARISTICI.

391 3587 534 3647 329.
572 3591 732 3650 ,Cum
764 3588 914 3649 illud
942 3590 1246 3673 proprium
1280 3591 1390 3651 sibi
1422 3592 1684 3655 vindicet
1717 3590 2070 3651 Eucharistia
2090 3635 2105 3664 ,
2143 3600 2207 3647 ut
2232 3589 2307 3646 sit
2336 3589 2430 3648 Sa-

311 3694 678 3746 cramentum
721 3695 780 3746 et
806 3686 1158 3746 Sacrificium
1181 3732 1198 3763 ,
1237 3687 1442 3749 eadem
1486 3686 1733 3770 proinde
1764 3697 1852 3747 est
1881 3685 2120 3747 materia
2158 3696 2217 3745 et
2244 3685 2429 3744 forma
