2502 4186
2017 245 2130 304 143

296 277 416 315 CAP.
467 275 510 311 1.
558 274 626 312 DE
669 272 833 311 REALI
877 271 1097 309 CHRISTI
1140 269 1458 307 PRAESENTIA
1503 268 1563 304 IN
1610 267 1857 306 EUGHAR.

39 419 191 476 inter
249 437 465 474 manna
500 460 515 490 ‚
567 414 722 496 quod
774 412 1019 495 praebuit·
1066 412 1288 489 Moyses
1347 407 1602 468 Hebraeis
1650 408 1713 465 in
1759 408 2023 483 desertO,
2075 420 2134 468 et

39 533 254 572 manna
291 510 657 592 praestantius
676 553 692 583 7
721 509 879 590 quod
905 529 976 567 ex
1004 507 1263 586 ipsorum
1297 503 1605 562 traditione
1641 502 1986 583 praebiturus
2010 515 2135 563 erat

41 606 275 666 Messias
303 651 318 680 ,
347 627 478 664 cum
502 604 804 663 adveniret
835 603 959 682 (l)3
998 599 1072 658 ad
1101 598 1257 679 quod
1292 599 1518 677 signum
1547 607 1604 656 et
1633 598 2004 658 traditionem
2040 597 2136 657 al·-

38 699 253 758 ludunt
286 698 589 758 manifeste
631 698 850 771 Judaei,
900 697 1016 754 imo
1060 703 1119 753 et
1157 692 1418 751 Christus
1457 692 1580 772 ipse
1614 694 1828 772 (Joan.
1881 693 2134 768 V1,·31‚

43 793 122 852 32
153 805 211 853 et
250 792 386 871 59).
429 794 574 870 Ergo
608 837 625 868 ,
653 792 798 850 sicut
828 791 990 871 prius
1015 797 1139 847 erat
1186 808 1356 847 verus
1390 786 1547 846 cibus
1567 831 1582 860 ,
1616 787 1695 845 ita
1740 798 1797 845 et
1832 791 2136 867 posterius·

42 888 109 944 20
146 889 226 944 Ex
267 885 718 967 phrasaeologia,
755 907 867 966 qua
895 885 1077 942 utitur
1106 881 1366 940 Christus
1394 925 1410 954 .,
1451 880 1593 940 dum
1631 881 1891 961 loquitur
1927 882 1999 941 de
2029 883 2139 942 hoc

39 979 204 1053 cibo;
246 981 292 1037 si
325 981 484 1038 enim
514 979 620 1038 sub
656 982 842 1038 carnis
870 999 932 1037 ac
954 976 1246 1056 sanguinis
1279 973 1628 1034 emblemate
1652 976 1925 1036 voluisset
1950 976 2142 1035 Chris·

45 1084 135 1131 tus
151 1073 560 1133 commendare
581 1074 755 1133 fidem
769 1074 831 1131 in
846 1072 1222 1151 semetipsum
1242 1115 1257 1144 ,
1289 1069 1623 1131 invertisset
1641 1091 1843 1129 omnes
1864 1070 2143 1152 loquendi

45 1168 196 1247 leges
227 1212 243 1242 ‚
286 1180 345 1228 et
389 1169 791 1248 gravissimum
837 1164 1251 1224 offendiculum
1293 1165 1417 1223 sine
1471 1185 1638 1223 causa
1688 1164 1988 1243 objecisset
2036 1168 2144 1225 Ju-

47 1261 215 1336 daeis,
256 1262 356 1321 ubi
400 1285 494 1323 eos
533 1263 722 1344 potius
760 1259 987 1346 allicere
1028 1259 1339 1319 debuisset.
1383 1259 1615 1332 Quoties
1655 1259 1811 1318 enim
1848 1261 1910 1318 in
1951 1261 2147 1343 Scrip-

50 1358 193 1415 turis
218 1359 464 1417 occurrit
479 1357 703 1437 phrasis
732 1355 1124 1437 metaphorica
1141 1355 1824 1414 manducandicarnem
1843 1358 2110 1434 alicujus
2122 1399 2146 1428 ,

49 1453 217 1511 toties
251 1454 313 1511 in
351 1451 567 1511 malam
601 1462 829 1532 partem
865 1462 1177 1531 usurpatur
1201 1449 1322 1529 (2),
1372 1459 1432 1508 ct
1462 1448 1618 1508 idem
1661 1450 1816 1510 valet
1841 1472 1906 1510 ac
1944 1454 2156 1509 moliri

48 1552 243 1605 alicui
255 1569 499 1628 yravem
519 1551 823 1623 zby'uriam
845 1591 860 1620 .,
887 1549 1194 1623 praecipue
1226 1565 1338 1622 per
1376 1546 1751 1602 calumniam
1792 1544 1887 1606 vel
1920 1547 2152 1622 falsam

48 1647 506 1701 accusationem.
558 1640 752 1699 Judaei
799 1651 1078 1721 praeterea
1123 1638 1196 1698 ab
1243 1638 1404 1698 omni
1451 1637 1579 1696 idea
1629 1639 1816 1697 carnis
1876 1638 2152 1698 humanae

53 1735 471 1798 manducandae
532 1747 635 1794 aut
687 1736 978 1814 sanguinis
1031 1733 1270 1794 bibendi
1320 1753 1688 1814 summopere
1732 1732 2148 1794 abhorrebant.

51 1913 208 1962 referri
247 1930 342 1961 non
382 1906 531 1977 posse.
567 1911 679 1963 Vid.
715 1910 976 1960 Discourse
1006 1912 1067 1976 of

51 1993 275 2059 reliqious
290 1992 557 2042 assemblies
573 2031 584 2053 ‚
604 1995 633 2042 3
649 1994 720 2043 ed.
735 1994 881 2042 Lond.
903 2011 921 2042 1
933 2010 1029 2060 7⁰0
1041 2029 1054 2052 ‚

54 2093 101 2140 p..
134 2073 249 2138 364.

126 2153 198 2218 (l)
233 2154 288 2201 ln
317 2153 572 2202 Midrasch
609 2153 828 2205 Coheleth
860 2156 1055 2219 (expos.

59 2234 339 2283 Ecclesiastis
356 2235 583 2299 )'legitur:
603 2236 770 2284 Rabln·
790 2235 1060 2284 Berechiah

62 2317 185 2364 dicit
211 2318 404 2363 nomine
423 2316 486 2364 R.
519 2319 664 2364 Isaac
681 2337 695 2362 .-
714 2314 964 2382 Sicutfuit
976 2318 1064 2381 pri

60 2415 168 2445 mus
202 2397 323 2444 Goel
348 2397 361 2461 (
380 2397 612 2446 Liberator
623 2400 659 2460 )‚
675 2399 747 2446 sic
767 2405 811 2445 et
825 2397 1064 2445 secundus

61 2482 168 2527 erit.
217 2477 416 2526 Primus
465 2479 586 2527 Goel
631 2479 907 2527 descendere
949 2479 1068 2543 fecit

62 2577 244 2609 manna
262 2598 274 2619 ‚
303 2562 429 2608 sicut
455 2563 686 2626 scriptum
712 2571 781 2608 est
809 2580 826 2608 .·
853 2560 960 2625 qu
982 2561 1063 2625 sa-

63 2643 187 2691 c'z'am
211 2641 343 2689 vobis
356 2641 525 2707 pluere
536 2659 715 2707 panem
739 2642 796 2689 de
822 2641 931 2689 coelo
952 2679 964 2701 ‚
997 2643 1066 2689 sic

67 2732 110 2771 et
134 2722 253 2771 alter
273 2721 386 2778 Geel
399 2724 548 2788 faciet
569 2741 751 2772 manna
773 2723 1065 2772 descendere.

70 2805 168 2854 Cfr.
191 2804 534 2871 Schoettgenius
556 2844 569 2866 ‚
596 2805 748 2854 Horae
778 2805 1009 2853 hebraicos
1027 2810 1069 2853 'et

74 2885 304 2935 thalmud.
339 2898 451 2936 tom.
473 2905 583 2953 1‚p.
616 2886 739 2954 359‚
762 2886 886 2952 Lips.
922 2888 1064 2953 1733.

138 2967 209 3031 (2)
243 2968 526 3020 Ita‚1'=s.,xxv1
545 3007 558 3028 ‚
582 2985 630 3017 2.
650 2969 763 3017 cfr.
795 2968 1071 3018 Rosenmiil-

73 3049 138 3096 ler
157 3085 169 3107 ‚
201 3047 370 3096 Psalm.
402 3049 511 3096 edit.
550 3065 578 3096 2
601 3087 613 3108 ,
640 3050 734 3098 vol.
766 3066 792 3097 2
811 3087 824 3110 ,
854 3067 903 3114 p.
938 3048 1037 3113 724
1057 3085 1070 3108 ,

75 3122 347 3194 Lips.'1823
366 3165 378 3187 ‚
398 3128 504 3178 Job.
527 3147 625 3190 xix,
649 3129 995 3192 223Mich.111,
1014 3129 1070 3193 3;

76 3211 250 3259 Eccles.
278 3227 352 3270 lv,
382 3207 444 3272 53
472 3210 578 3259 Job.
602 3227 741 3271 xxxx,
770 3212 826 3260 31
850 3248 864 3270 ‚
894 3221 940 3260 et
962 3229 1038 3260 xtv
1056 3249 1070 3272 ‚

82 3308 140 3340 ιο
158 3309 171 3356 3
191 3291 339 3340 Galat.
359 3308 411 3351 v,
435 3290 526 3354 253
547 3291 668 3340 Dan.
687 3309 738 3340 ιιι
755 3329 768 3351 ,
789 3291 850 3353 8,
875 3310 944 3354 ri,
967 3292 1072 3357 24..

79 3373 134 3421 In
159 3372 321 3423 eodem
349 3391 483 3421 sensu
511 3383 753 3437 usurpatur
781 3373 879 3421 haec
903 3374 1076 3438 phrasis

78 3458 127 3504 in
140 3456 308 3519 linguis
330 3455 545 3503 affinibus
565 3490 579 3518 ,
596 3457 710 3504 utin
731 3453 869 3502 Arab.
887 3454 1042 3505 Koran
1059 3493 1073 3516 ,

18 3542 24 3550 '
81 3534 192 3585 Sura
211 3554 318 3585 xux
339 3575 351 3596 ‚
386 3553 462 3597 12,
492 3547 536 3585 et
558 3537 682 3584 alibi.
710 3535 786 3584 Sic
803 3538 936 3585 etiam
956 3533 1079 3601 apud

80 3614 283 3682 Latinos,
298 3629 349 3667 ut
363 3629 483 3685 patet
496 3636 549 3667 ex
563 3617 722 3666 Horat.
739 3615 893 3682 Epist.
906 3617 993 3666 lib.
1014 3631 1051 3665 11
1063 3654 1076 3678 ,
1094 3651 1101 3655 -

83 3712 178 3762 cap.
216 3716 271 3762 1,
304 3719 352 3749 v.
397 3698 517 3761 1603
548 3696 651 3749 Sat.
682 3698 767 3748 lib.
810 3716 859 3760 ι,
902 3717 950 3748 v.
985 3695 1084 3762 813

1142 1911 1339 1961 Martial.
1352 1912 1438 1961 lib.
1460 1929 1503 1960 ιν
1519 1949 1532 1972 ,
1550 1914 1693 1976 epigr.
1711 1908 1803 1974 64,
1823 1930 1870 1960 v.
1891 1911 1920 1960 3
1933 1927 1948 1958 1
1966 1949 1978 1973 ,
1993 1912 2079 1961 lib.
2098 1931 2126 1962 v
2139 1949 2153 1974 ‚

1142 1995 1261 2058 epig.
1285 1992 1347 2042 50
1366 2030 1379 2054 ,
1410 2012 1455 2042 v.
1483 1992 1514 2042 8
1537 2031 1550 2053 ‚
1578 1994 1664 2042 lib.
1686 2009 1771 2043 xm
1791 2032 1803 2054 ,
1826 1996 1943 2058 epig.
1973 2009 2000 2041 2
2020 2031 2033 2055 ,
2065 2005 2155 2043 etc.

1143 2074 1359 2139 idipsum
1377 2077 1520 2139 viguit
1533 2076 1655 2139 apud
1669 2074 1861 2132 Graecos,
1873 2073 2032 2139 Syros,
2045 2085 2157 2138 etc.;

1145 2165 1189 2204 et
1207 2158 1499 2204 consentiunt
1516 2158 1730 2220 praecipui
1755 2156 1972 2221 philologi
1998 2173 2159 2204 recen-

1147 2239 1281 2285 tiores
1309 2237 1543 2285 Michaelis
1562 2274 1574 2297 ‚
1608 2236 1730 2285 Jahn
1747 2274 1760 2297 ‚
1791 2236 1992 2284 Ammon
2011 2275 2026 2297 ‚
2055 2237 2159 2285 Wi-

1148 2328 1232 2366 n'er
1250 2355 1263 2377 ‚
1287 2318 1516 2375 G'esenius
1535 2354 1548 2376 ‚
1580 2335 1633 2366 ex
1668 2319 1838 2383 quibus
1864 2319 1902 2365 si
1931 2318 2054 2367 Jahn
2085 2336 2162 2367 ex-

1150 2401 1290 2462 cipias
1312 2435 1325 2458 ,
1348 2402 1488 2447 ceteri
1516 2408 1816 2462 protestantes
1835 2409 1960 2447 sunt.
1980 2399 2047 2447 Ex
2067 2417 2160 2465 quo

1151 2482 1356 2546 sequitur
1369 2517 1382 2540 ,
1397 2479 1564 2528 Christi
1579 2480 1807 2529 auditores
1817 2481 1980 2544 eligere
1996 2480 2160 2529 solum-

1155 2562 1292 2610 modo
1319 2564 1519 2626 potuisse
1550 2563 1671 2609 inter
1693 2579 1880 2613 sensum
1901 2563 2161 2611 naturalem

1155 2654 1198 2691 et
1226 2643 1463 2692 litteralem
1497 2653 1636 2707 atque
1669 2643 2066 2707 metaphoricum3
2096 2653 2165 2693 ast

1156 2741 1314 2773 sensus
1342 2727 1424 2773 iste
1452 2725 1789 2790 metaphoricus
1808 2727 1856 2772 in
1873 2726 1960 2773 hac
1975 2728 2165 2774 circum-

1156 2808 1317 2855 stantia
1346 2806 1571 2854 absurdus
1596 2816 1690 2869 est;
1725 2807 1999 2856 concludere
2028 2810 2166 2872 igitur

1157 2889 1377 2936 debemus
1402 2925 1414 2947 ,
1471 2887 1709 2936 Christum
1765 2888 2020 2937 Dominum
2087 2889 2165 2937 hic

1159 2986 1316 3034 reapse
1341 2970 1503 3018 docere
1522 2972 1835 3019 necessitatem
1852 2971 2168 3019 manducandi

1159 3052 1338 3099 realiter
1364 3050 1558 3099 Carnem
1585 3069 1715 3100 suam
1743 3070 1795 3100 ac
1828 3053 2020 3102 bibendi
2050 3048 2169 3102 Saxi-

1159 3136 1346 3199 guinem
1375 3151 1526 3182 suum.
1556 3133 1653 3182 Cfr.
1679 3132 1754 3183 Cl.
1783 3133 2022 3183 Wiseman
2039 3169 2056 3197 ‚
2087 3138 2169 3201 qui

1161 3218 1333 3280 egregie
1363 3226 1406 3264 et
1442 3215 1603 3264 selecta
1637 3216 1890 3264 eruditione
1920 3216 2010 3264 hoc
2038 3232 2170 3281 argu-

1163 3308 1372 3345 mentum
1391 3298 1489 3346 fuse
1507 3298 1672 3346 evolvit
1701 3300 1750 3345 in
1774 3315 1848 3362 op.
1867 3296 2091 3347 Lectures
2109 3316 2171 3347 on

1162 3377 1238 3426 the
1265 3378 1367 3425 real
1384 3395 1640 3444 presence,
1681 3386 1774 3429 etc.
1812 3380 1902 3427 vol.
1936 3397 1984 3442 1,
2016 3398 2065 3445 p.
2103 3378 2171 3443 64

1164 3468 1209 3507 et
1247 3477 1376 3525 seqq.
1422 3461 1572 3508 Lonrl.
1622 3458 1762 3509 1836.
1800 3459 1866 3509 Ex
1904 3479 1998 3527 quo
2038 3478 2172 3526 opere

1167 3542 1435 3606 profitemur
1448 3560 1530 3589 nos
1549 3542 1678 3607 plura
1691 3543 1895 3590 hausisse
1907 3561 1959 3590 ex
1977 3545 2048 3603 iis,
2066 3558 2170 3608 quae
2215 3549 2219 3553 ’

1168 3625 1218 3671 in
1245 3624 1333 3672 hac
1364 3626 1671 3689 propositione
1697 3625 1993 3689 proferemus.
