2502 4186
2098 243 2216 304 457

617 265 738 303 cAr.
787 267 845 305 v.
891 267 958 304 mi
1000 263 1283 320 mareau,
1328 266 1550 322 roam,
1598 266 1717 306 Erc.

199 405 341 465 227.
388 406 469 466 Ut
501 406 781 466 nonnulla
809 407 881 467 de
909 407 1173 467 Ministro
1195 407 1551 485 delibemuS,
1580 430 1741 469 error
1763 407 2219 468 Protestantium

120 511 242 575 est,
285 500 603 582 quemlibet
645 501 880 561 fidelem
922 501 1169 562 clavium
1205 513 1553 584 potestatem
1582 525 1613 562 a
1646 503 1872 563 Christo
1907 503 2212 586 accepisse.

118 595 456 657 Waldenses
475 641 490 670 ,
534 595 854 656 Wicleffitae
877 607 936 656 et
960 597 1206 656 Hussitae
1246 608 1598 678 potestatem
1630 596 1971 658 absolvendi
2001 597 2220 658 tribue-

119 688 265 749 bant
295 689 450 748 laicis
479 688 678 771 probis
698 735 714 763 ,
753 689 1119 771 denegabant
1151 711 1287 751 vero
1317 690 1717 750 Sacerdotibus
1746 694 1970 774 pravis3
1999 691 2222 771 Flagel-

120 783 310 844 lantes
344 788 512 862 juxta
561 783 856 861 Baluzium
896 784 1099 844 eodem
1156 805 1350 845 errore
1389 785 1824 849 detinebantur.
1871 784 1991 844 Sub
2041 787 2224 845 finem

121 879 298 938 seculi
313 877 492 959 elapsi
515 880 785 938 nonnulli
801 879 1056 940 Ecclesiae
1070 879 1502 961 perturbatores
1526 879 1880 939 contendere
1902 880 2026 938 ausi
2040 891 2179 939 sunt
2202 924 2220 955 ‚

120 984 249 1032 tum
296 972 777 1056 approbationem
812 974 1197 1056 episcopalem
1243 974 1319 1032 ad
1354 973 1547 1035 valide
1585 972 1952 1055 excipiendas
1996 974 2220 1034 confes·

120 1065 308 1125 siones
344 1089 465 1126 non
494 1069 806 1128 consistere
838 1069 900 1126 in
925 1067 1325 1146 jurisdictione
1346 1113 1362 1141 ‚
1403 1067 1507 1127 sed
1536 1068 1599 1126 in
1634 1067 1756 1145 solo
1788 1073 2141 1147 capacitatis
2164 1079 2224 1128 et

121 1161 464 1221 idoneitatis
486 1162 821 1222 testimonio
839 1187 855 1237 ς
889 1174 1016 1221 tum
1037 1163 1408 1222 confessarios
1427 1183 1628 1230 omnes
1645 1163 1703 1224 vi
1720 1162 1939 1222 ordinis
1966 1162 2039 1222 ab
2061 1165 2226 1223 omni

121 1275 251 1314 casu
280 1269 574 1317 reservato
613 1258 703 1315 sin
739 1256 892 1317 licite
911 1302 928 1332 .,
971 1256 1179 1318 saltem
1214 1257 1405 1319 valide
1434 1255 1735 1318 absolvere
1758 1279 1927 1339 posse
1956 1257 2068 1339 (1).
2100 1259 2225 1317 Pis-

120 1350 401 1410 torienses
426 1396 443 1427 ‚
480 1363 548 1409 ut
575 1373 680 1433 par
705 1363 828 1411 erat
850 1397 867 1425 ‚
906 1351 1139 1411 illorum
1161 1352 1512 1412 sententiam
1535 1351 1795 1412 fecerunt
1819 1373 1982 1412 suam
2003 1397 2020 1428 ‚
2050 1364 2226 1435 atque

121 1443 184 1502 in
218 1443 329 1504 hoc
352 1445 600 1528 turpiter
633 1466 828 1506 secum
862 1457 1169 1529 pugnant3
1212 1445 1498 1528 siquidem
1518 1450 1652 1524 jura
1673 1490 1690 1521 ,
1727 1466 1857 1528 quae
1882 1468 2006 1506 non
2034 1446 2225 1507 solum

125 1673 351 1723 Arcadius
391 1673 472 1724 De
515 1674 783 1725 Concordia
812 1675 1001 1727 Eccles.
1039 1687 1127 1726 etc.

123 1757 206 1805 lib.
238 1773 304 1816 ιν,
338 1773 438 1822 cap.
474 1757 524 1806 3.
545 1756 650 1806 Non
681 1760 813 1823 pauci
844 1758 1131 1819 scholastici,

123 1842 244 1889 inter
287 1855 402 1905 quos
444 1837 611 1887 Suarez
651 1856 759 1888 cum
801 1839 852 1889 S.
911 1839 1091 1888 Thoma
1117 1876 1131 1900 ‚

123 1934 238 1973 tom.
275 1940 321 1972 1v
334 1958 352 1985 ‚
395 1924 445 1970 in
466 1936 520 1968 111
554 1939 603 1986 p.
626 1921 746 1986 disp.
788 1937 886 1988 19,
922 1932 1028 1971 sect.
1066 1937 1083 1968 1
1116 1958 1131 1982 ‚

122 2022 175 2054 n.
211 2002 274 2053 25
294 2040 310 2065 ,
343 2005 570 2068 praecipue
593 2019 699 2051 vero
717 2002 959 2051 Simonnet
978 2039 992 2062 ‚
1020 1999 1137 2049 Ins-

122 2087 199 2135 tie.
226 2084 364 2134 theol.
394 2095 508 2132 tom.
528 2098 611 2144 111,
639 2088 771 2132 tract.
797 2102 877 2143 xv,
897 2082 975 2131 De
990 2083 1130 2130 Pam.

124 2163 614 2233 disp.8,contendunt,
634 2165 924 2213 essentialem
939 2165 1135 2214 formam

130 2251 376 2297 consistere
400 2250 451 2295 in
485 2246 634 2296 verbis
666 2246 922 2295 indicativis
945 2283 958 2306 ,
987 2248 1050 2294 ita
1086 2255 1139 2294 ut

130 2331 260 2379 nulla
290 2335 472 2395 prorsus
498 2345 552 2378 ac
583 2330 709 2375 irrita
730 2331 788 2376 sit
813 2329 959 2376 forma
988 2328 1138 2377 verbis

134 2413 431 2478 deprecativis
462 2413 722 2459 enunciata.
752 2410 994 2458 Simonnet
1017 2427 1137 2475 prae-

130 2505 251 2544 terea
299 2504 464 2558 negat,
498 2509 705 2557 unquam
735 2494 938 2559 viguisse
975 2494 1026 2540 in
1050 2492 1138 2540 Ec-

131 2577 266 2625 clesia
294 2576 452 2623 Latina
467 2576 664 2623 formam
683 2575 1040 2639 deprecativam.
1056 2574 1142 2622 Ast

132 2668 256 2708 certo
273 2661 440 2706 certius
466 2668 534 2705 est
551 2691 568 2718 ,
592 2657 775 2704 nullum
793 2658 1031 2722 vestigium
1061 2673 1141 2704 oc-

132 2757 311 2788 currere
327 2740 486 2787 formae
510 2739 768 2786 indicativae
783 2741 832 2785 in
845 2736 1046 2786 Ecclesia
1057 2738 1143 2786 La-

133 2824 230 2869 tina
258 2830 362 2869 ante
382 2837 557 2868 annum
582 2835 726 2881 1200,
751 2837 836 2868 nec
848 2819 983 2868 aliam
1001 2837 1140 2886 quam

134 2902 349 2950 Formam
402 2901 737 2966 deprecativam
800 2902 1054 2950 obtinuisse
1097 2911 1144 2950 et

134 2984 287 3032 adhuc
312 2983 519 3030 obtinere
550 2986 600 3030 in
635 2982 843 3035 Ecclesia,
874 2983 1036 3032 Graeca
1054 3021 1068 3044 ‚
1090 2993 1142 3031 ut

135 3068 354 3114 evincunt
389 3067 548 3112 omnia
565 3065 861 3126 documenta,
881 3083 982 3131 quae
1009 3063 1145 3114 affert

135 3146 346 3194 Morinos
368 3183 381 3206 ‚
411 3144 493 3192 De
522 3145 709 3193 Poenit.
731 3143 819 3192 lib.
849 3163 932 3194 viu
953 3183 966 3206 ,
991 3163 1093 3211 cap.
1110 3142 1143 3193 8

134 3239 178 3276 et
205 3246 335 3294 seqq.
367 3227 537 3294 quibus
559 3228 675 3274 nihil
702 3225 837 3276 solidi
858 3230 1047 3292 opponit
1069 3210 1171 3298 Si-‘J

135 3321 331 3358 monnet
351 3347 364 3369 ‚
385 3314 466 3375 qui
490 3309 724 3357 Morinum
741 3310 946 3358 refellere
963 3327 1144 3374 aggres-

135 3410 211 3440 sus
236 3401 323 3440 est.
357 3391 654 3439 Documentis
676 3409 703 3438 a
727 3390 908 3439 Morino
935 3391 1143 3440 adductis

134 3474 270 3540 adjici
287 3473 460 3522 debent
481 3510 494 3532 ‚
515 3489 617 3539 quae
633 3482 786 3538 postea
803 3472 993 3537 protulit
1019 3471 1143 3521 Mar-

138 3559 320 3613 tenius,
355 3554 425 3604 De
455 3558 608 3620 antiq.
645 3553 787 3603 Eccl.
821 3554 954 3602 ritib.
986 3555 1067 3602 lib.
1102 3572 1136 3614 1,

136 3655 238 3702 pag.
276 3654 324 3697 2,
353 3654 454 3702 cap.
478 3634 544 3697 6,
576 3646 659 3685 art.
691 3635 746 3696 5,
776 3634 802 3702 §
828 3652 883 3684 12
902 3646 946 3684 et
975 3646 1063 3684 art.
1085 3652 1136 3700 7.

137 3717 256 3767 Cum
292 3720 349 3767 de
368 3718 496 3783 facto
520 3720 667 3784 agitur
687 3755 700 3779 ,
725 3719 1038 3767 monumentis
1055 3717 1136 3766 de-

1213 1677 1489 1726 certandum
1518 1686 1588 1727 est
1616 1714 1631 1739 ‚
1663 1695 1761 1727 non
1785 1679 2040 1729 rationibus
2072 1679 2227 1745 philo·

1213 1758 1430 1823 sophicis.

1280 1840 1347 1903 (l)
1385 1839 1456 1889 Ita
1491 1840 1749 1889 docuerunt
1784 1841 2000 1908 Aloysius
2026 1841 2145 1891 Litta
2176 1844 2228 1890 in

1213 1918 1361 1986 Epist.
1397 1919 1535 1971 Delta
1561 1922 1903 1971 sacramentale
1924 1922 2229 1971 assoluzione

1214 2000 1297 2049 de’
1321 2004 1425 2051 casi
1460 2004 1687 2051 riser-vati
1706 2020 1721 2066 ;
1758 2004 1895 2053 Joan.
1927 2004 2061 2070 Bapt.
2105 2004 2228 2053 Gua-

1216 2084 1403 2148 dagnini
1431 2121 1445 2144 ,
1506 2083 1678 2133 Nuooo
1739 2101 1895 2133 esame
1951 2086 2006 2134 di
2063 2085 2232 2134 alcuni

1216 2166 1327 2211 testi
1351 2163 1429 2211 del
1462 2163 1678 2213 Concilio
1725 2165 1777 2213 di
1819 2165 2000 2215 Tremo
2039 2166 2232 2215 relativi

1211 2242 1302 2307 ,all'
1329 2247 1632 2295 assoluzione
1663 2246 1733 2294 ἅθ’
1756 2249 1860 2295 casi
1894 2249 2121 2296 riservati
2140 2285 2153 2306 ,
2171 2248 2231 2296 ed

1219 2326 1298 2374 all’
1312 2329 1665 2393 approvazione
1680 2328 1750 2376 de'
1765 2329 2042 2394 conflasset-2}
2060 2328 2229 2395 Georg-

1219 2407 1393 2458 Sicardi
1438 2427 1545 2459 can.
1582 2411 1746 2459 eccles.
1775 2411 1959 2460 cathed.
1988 2411 2231 2460 Montisre-

1219 2491 1336 2557 galis
1367 2527 1383 2548 ‚
1448 2490 1593 2540 Della
1648 2491 1850 2540 validita
1921 2492 2036 2546 delle
2101 2510 2232 2542 asso-

1221 2571 1414 2621 luzioni
1448 2573 1536 2621 dai
1555 2577 1747 2639 peccati
1778 2574 1892 2622 data
1922 2577 1980 2623 in
2013 2576 2145 2623 cirtio
2158 2574 2234 2623 del

1221 2670 1307 2703 suo
1332 2654 1499 2702 ordine
1532 2655 1816 2704 sacerdotale
1837 2693 1851 2716 ,
1885 2673 2032 2704 senza
2062 2655 2232 2705 oerun'

1223 2735 1346 2784 altra
1365 2736 1544 2802 facolta
1584 2737 1642 2785 ed
1691 2740 2075 2804 approvazion03
2114 2739 2233 2786 Cor-

1225 2836 1337 2867 naro
1383 2821 1650 2884 praepositus
1688 2819 1895 2885 Villungi
1933 2823 1982 2868 in
2008 2820 2189 2869 Etruria
2216 2857 2230 2881 ,

1224 2898 1536 2966 De'parrochi
1568 2899 1684 2949 libri
1710 2910 1851 2961 cette,
1895 2901 2033 2950 Pavia
2078 2899 2223 2967 1788.

1227 2981 1403 3046 Quibus
1419 2982 1571 3047 plures
1591 2992 1875 3031 accesserunt
1892 2993 2101 3031 auctores
2119 2999 2233 3030 ano*

1227 3066 1355 3129 nymi
1390 3100 1403 3123 ‚
1439 3081 1640 3129 quorum
1676 3065 1842 3113 inutile
1877 3075 1944 3113 est
1977 3063 2236 3128 catalogum

1227 3155 1398 3194 texere.
1430 3144 1606 3194 Verum
1635 3146 1708 3195 his
1733 3145 1950 3194 omnibus
1968 3147 2237 3211 praeiverant

1226 3229 1278 3285 in
1311 3226 1467 3274 Galliis
1506 3237 1709 3275 auctores
1751 3245 1859 3293 opp.
1885 3225 1978 3276 Des
2005 3228 2239 3292 pouvoirs

1209 3308 1454 3373 w-quitimes
1482 3307 1549 3355 du
1566 3310 1781 3375 premier
1815 3317 1859 3357 et
1882 3309 1949 3357 du
1975 3309 2147 3357 second
2161 3326 2238 3356 or-

1227 3390 1310 3437 dre
1339 3389 1460 3436 dans
1487 3389 1917 3439 l'administration
1951 3390 2031 3437 des
2059 3387 2233 3436 Sacra-

1227 3487 1361 3520 mens
1384 3479 1429 3518 et
1450 3471 1528 3518 des
1547 3488 1915 3536 qouoernemem
1931 3471 1986 3518 de
2014 3467 2232 3533 I'quise,

1229 3553 1545 3603 Dissertation
1584 3571 1671 3604 sur
1711 3555 1776 3602 les
1814 3553 2063 3603 interdicte
2105 3550 2235 3600 arbi-

1219 3637 1407 3698 traires‚
1447 3634 1592 3702 1759.
