2502 4186
289 223 367 284 36
950 240 1270 280 macutus
1315 241 1383 276 nn
1425 238 1715 278 urrisun.

288 395 345 443 et
375 387 615 463 Spiritu
649 385 711 442 S.
721 424 742 452 ,
777 402 899 439 non
930 390 1116 457 potest
1147 384 1400 437 introire
1441 384 1511 436 in
1549 399 1800 457 reynum
1845 375 1977 441 Dei.
2023 382 2159 439 Haec
2196 391 2391 438 autem

289 499 422 536 cum
451 476 737 558 generalia
766 474 915 546 sint,
944 475 1119 532 etiam
1144 474 1396 532 infantes
1438 472 1903 553 complectuntur
1933 516 1948 545 ‚
1982 474 2081 552 qui
2112 475 2390 554 quoniam

280 593 396 650 per
426 576 614 629 um'us
645 570 928 626 delictum
964 579 1255 628 venerunt
1282 572 1353 626 in
1390 569 1935 630 condemnationem
1966 587 2070 646 per
2100 566 2392 625 carnalem

288 666 720 746 generationem
746 708 763 738 ‚
807 663 886 722 sic
925 674 982 722 et
1018 663 1128 744 ipsi
1154 684 1267 741 per
1291 667 1479 721 unius
1500 665 1803 738 justitiam
1840 662 2036 720 venire
2072 659 2289 719 debent
2326 666 2396 719 in

270 760 772 840 justificationem
817 762 951 817 vitoe
986 779 1093 838 per
1134 756 1495 837 spiritualem
1538 757 2030 834 regenerationem
2057 801 2073 830 ‚
2113 778 2224 837 qua
2278 754 2399 814 sola

286 854 538 914 infantes
576 854 728 912 fiunt
779 851 1043 911 membra
1091 851 1324 910 Christi.
1389 850 1662 931 Alioquin
1715 849 1951 908 dimidia
1991 850 2110 909 fere
2155 850 2399 908 humani

286 949 511 1029 generis
545 970 715 1030 pars7
760 967 885 1028 quae
920 959 1120 1006 tenera
1153 946 1251 1026 illa
1297 957 1464 1006 aetate
1510 945 1699 1025 perire
1748 947 2090 1018 consuevit„
2146 947 2397 1005 extorris

135 1057 141 1063 ‘
201 1123 203 1125 ι
287 1055 511 1117 εεεεῐηε
549 1043 831 1103 beneficio
873 1042 1294 1124 redemptionis
1350 1041 1582 1100 Christi.
1652 1039 1921 1102 Secundo
1959 1041 2288 1101 insinuatur
2337 1042 2401 1099 in

288 1138 558 1198 omnibus
597 1139 667 1197 iis
704 1137 841 1196 locis
867 1183 883 1213 ,
927 1159 1056 1218 quae
1090 1135 1408 1217 perhibent
1457 1135 1757 1216 Apostolos
1794 1134 2111 1215 baptizasse
2150 1137 2400 1215 integras

289 1233 534 1307 domus;
576 1232 900 1310 cujusmodi
926 1232 1162 1290 fuerunt
1201 1230 1395 1308 Lydiae
1425 1230 1784 1310 purpurariae
1819 1229 1941 1308 (1),
1983 1229 2290 1310 Stephanae
2311 1230 2400 1310 (2)

289 1327 350 1388 et
403 1327 665 1386 satellitis
697 1347 985 1396 carcerem
1019 1323 1392 1383 custodientis
1431 1323 1557 1404 (3),
1599 1324 1660 1381 in
1703 1323 1910 1404 quibus
1953 1324 2264 1384 verisimile
2313 1336 2402 1384 est

285 1423 534 1481 infantes
570 1420 792 1503 aliquot
825 1419 1020 1479 fuisse.

367 1516 467 1578 85.
513 1517 751 1590 Verum,
780 1514 939 1596 quod
968 1515 1202 1573 nonnisi
1223 1513 1501 1596 implicite
1526 1515 1832 1595 Scripturae
1853 1513 2105 1588 habent,
2132 1536 2402 1596 expresse

286 1610 524 1670 exhibet
547 1610 784 1670 traditio
805 1621 864 1671 et
890 1621 1173 1692 perpetua
1203 1610 1462 1669 Ecclesiae
1493 1610 1688 1690 praxis
1715 1608 1786 1666 ab
1821 1610 2106 1690 Apostolis
2136 1609 2402 1670 deducta.

283 1708 469 1784 Hujus
498 1700 659 1765 testis
684 1716 772 1765 est
811 1706 867 1764 S.
895 1705 1247 1786 Augustinus
1269 1751 1284 1780 .‚
1327 1707 1428 1787 qui
1451 1705 1695 1786 loquens
1729 1703 1802 1763 de
1831 1705 2214 1785 parvulorum
2252 1708 2404 1786 Bap-

285 1802 518 1859 tismate
551 1823 564 1858 z
596 1801 761 1872 Hoc,
800 1800 992 1880 inquit
1018 1845 1034 1875 .,
1066 1800 1337 1861 Ecclesia
1373 1821 1604 1878 semper
1629 1800 1884 1874 hahuit,
1910 1821 2142 1877 semper
2161 1803 2355 1867 tenu-it
2384 1823 2403 1865 ,-

288 1897 393 1956 hoc
435 1918 473 1954 a
515 1900 820 1974 majorum
870 1896 988 1973 fide
1037 1900 1306 1974 percepit
1346 1921 1364 1963 ;
1408 1897 1511 1954 hoc
1563 1917 1748 1974 usque
1792 1900 1860 1953 in
1902 1897 2086 1973 finem
2138 1916 2405 1973 perseve-

287 2002 498 2049 ranter
517 1992 773 2050 custodit
797 1990 907 2070 (4).
932 1992 1224 2050 Praecessit
1254 1992 1639 2069 Augustinum
1665 1989 1939 2068 Origenes
1961 2035 1976 2063 .‚
2009 1991 2195 2070 quiin
2221 1990 2400 2069 Epist.

283 2088 362 2146 ad
390 2091 557 2146 Rom.
598 2087 795 2146 scribit
847 2109 860 2146 :
895 2088 1167 2147 Ecclesia
1208 2089 1287 2146 ab
1330 2089 1622 2165 Apostolis
1670 2080 2057 2145 traditionem
2106 2090 2400 2163 suscepit,

283 2187 469 2241 etiam
491 2185 772 2260 parvulis
799 2186 1185 2261 Baptismum
1206 2183 1351 2240 dare
1392 2181 1480 2262 (5)
1505 2207 1519 2254 ς
1556 2182 1847 2262 praecessit
1876 2182 1929 2238 S.
1960 2182 2208 2237 Irenaeus
2243 2180 2406 2259 Poly-

285 2277 447 2357 carpi
480 2275 819 2357 discipulus,
847 2276 944 2356 qui
968 2276 1075 2333 fuit
1103 2277 1138 2334 J
1143 2276 1346 2333 oannis
1367 2275 1624 2355 Apostoli
1648 2274 1878 2332 auditor
1899 2318 1915 2347 ‚
1943 2273 2140 2332 dicens
2167 2295 2180 2330 ε
2215 2273 2405 2332 Chris-

288 2382 383 2428 tus
436 2393 634 2429 omnes
677 2376 840 2429 ven-it
888 2392 1001 2448 per
1053 2375 1432 2448 semetipsum
1456 2357 1705 2428 >salvare
1747 2394 1767 2435 ,·
1822 2390 2056 2444 omnes,
2110 2373 2365 2446 inquam
2385 2413 2401 2444 ‚

289 2471 534 2544 quiper
558 2488 698 2524 eum
738 2476 1147 2524 renascuntur
1189 2471 1259 2523 in
1301 2467 1538 2536 Deum,
1584 2468 1848 2543 infantes
1856 2507 1880 2535 ,
1923 2474 1978 2521 et
2010 2465 2329 2541 parvulos,
2355 2474 2411 2522 et

284 2581 540 2637 pueros,
584 2572 639 2619 et
660 2565 917 2639 juvenes
959 2571 1015 2618 et
1053 2565 1309 2618 seniores
1350 2561 1457 2639 (6).
1505 2561 1686 2623 Testis
1726 2569 2004 2639 praeterea
2052 2568 2139 2618 est
2189 2559 2246 2615 S.
2291 2559 2405 2637 Cy-

290 2656 528 2735 prianus
551 2700 567 2729 ,
607 2656 708 2735 qui
728 2656 966 2736 insuper
1006 2656 1187 2713 totius
1229 2654 1717 2732 Carthaginiensis
1753 2653 1973 2733 Synodi
2000 2674 2032 2709 a
2055 2673 2115 2710 se
2149 2651 2402 2712 collectae

292 2749 532 2807 nomine
567 2749 766 2826 reiecit
797 2749 1136 2830 opinionem
1183 2748 1306 2807 Fidi
1351 2748 1652 2829 Episcopi,
1705 2747 2123 2820 existimantiS,
2172 2746 2408 2804 nonnisi

290 2853 493 2904 octavo
531 2843 624 2901 die
670 2866 703 2902 a
745 2843 1046 2903 nativitate
1096 2842 1514 2902 conferendum
1579 2863 1700 2901 esse
1751 2841 2007 2922 parvulis
2069 2842 2405 2921 Baptisma7

296 2936 563 3019 exemplo
594 2936 769 2999 ducto
797 2938 1317 3012 acircumcisione3
1362 2940 1486 3017 ejus
1518 2935 1696 2998 verba
1724 2936 1862 2995 alias
1888 2936 2187 2994 attulimus
2215 2936 2324 3016 (7).

359 3142 428 3206 (1)
466 3141 567 3193 Act.
590 3161 671 3193 xV1
695 3182 709 3204 ‚
745 3145 820 3195 1'5.
1396 3146 1485 3192 nisi
1516 3145 1660 3190 versio
1689 3141 1848 3190 Rufini
1869 3178 1882 3204 ‚
1913 3141 2041 3189 nulla
2070 3151 2225 3189 tamen
2258 3140 2407 3203 suspi-

350 3224 436 3288 (2)
473 3225 493 3271 Ι
525 3226 634 3279 Cor.
663 3244 679 3275 1
699 3263 712 3286 ‚
756 3224 832 3274 16.
1394 3225 1530 3273 candi
1546 3234 1610 3272 est
1623 3227 1737 3271 ratio
1753 3224 1809 3271 de
1822 3226 2006 3271 veritate
2023 3223 2287 3278 verborum,
2306 3236 2409 3285 quae

364 3303 426 3368 (3)
468 3306 567 3355 Act.
592 3324 671 3357 xvr
691 3345 703 3366 ,
732 3306 819 3356 33.
1391 3307 1703 3368 adduximus3
1735 3322 1841 3352 cum
1871 3305 2001 3352 nullo
2038 3303 2178 3350 modo
2213 3301 2409 3365 pelagia-

368 3386 437 3450 (Ιι)
467 3388 622 3437 Serm.
661 3402 843 3436 cmxxvl.
870 3388 927 3436 de
965 3386 1024 3436 V
1018 3388 1114 3437 erb.
1136 3387 1307 3454 Apost.
1394 3389 1544 3435 nismo
1563 3387 1742 3434 faveant
1761 3424 1773 3446 ‚
1791 3388 1905 3451 quin
1938 3388 2088 3449 potius
2105 3383 2250 3432 eidem
2270 3383 2406 3447 plane

300 3485 351 3516 n.
381 3484 432 3517 2.
1400 3470 1717 3518 adversentur.

375 3548 437 3611 (ὅ)
469 3549 571 3599 Lib.
598 3568 645 3598 v.
666 3553 716 3598 in
739 3568 844 3615 cap.
864 3567 907 3599 vr
932 3550 1074 3616 Epist.
1101 3551 1158 3599 ad
1174 3550 1312 3599 Rom.
1466 3553 1527 3614 (6)
1561 3552 1702 3599 Cont.
1734 3537 1924 3598 Hoeies.
1956 3548 2040 3596 lib.
2069 3564 2109 3594 11
2130 3584 2142 3606 ‚
2179 3563 2280 3611 cap.
2319 3561 2401 3606 22,

295 3628 519 3693 Quamvis
548 3650 683 3697 porro
725 3633 774 3680 hi
805 3632 1137 3683 Commentarii
1170 3635 1313 3680 inter·
1397 3651 1449 3683 n.
1484 3631 1535 3694 4,
1568 3631 1634 3681 al.
1669 3649 1771 3697 cap.
1804 3632 1884 3697 39.
2225 3632 2228 3635 ’

299 3710 446 3774 polati
481 3716 601 3777 sint,
638 3732 723 3764 nec
760 3710 895 3764 nobis
933 3716 994 3765 de
1039 3718 1095 3764 iis
1122 3717 1314 3781 supersit
1472 3714 1540 3779 (7)
1569 3713 1842 3781 Epist.1.1x.
1861 3709 2211 3762 Utluculentius
2224 3716 2400 3775 pateat,
