2502 4186
624 309 627 315 ‚
685 268 805 305 CAP.
850 268 907 305 v.
954 268 1020 302 »Β
1064 267 1426 306 ΝΕοΕεειΤΑΤΕ
1466 267 1739 305 narrism.
2189 252 2267 310 '71'

173 419 458 479 sententia
494 439 760 500 expresse
803 419 1074 477 damnata
1117 439 1238 476 non
1274 431 1362 477 est
1411 419 1483 478 ab
1512 419 1758 478 Ecclesia
1786 464 1801 492 Ἴ
1855 441 1925 478 ex
1975 442 2044 480 eo
2080 421 2267 483 solum

173 514 472 572 conficitur
491 559 505 586 a
543 534 667 573 eam
694 535 813 571 non
842 534 964 571 esse
985 513 1340 571 haereticam.
1367 514 1640 572 Ceterum
1677 516 1976 574 sententia
2011 517 2270 594 CaJetani,

173 630 206 666 a
243 608 679 686 congregatione
715 606 1128 686 Theologorum
1167 605 1228 662 in
1268 606 1523 664 Concilio
1559 605 1900 667 Tridentino
1931 609 2261 691 improbata

172 702 282 760 fuit
327 722 391 759 ac
454 721 692 760 censura
743 701 914 781 digna
971 699 1276 779 dijudicata
1303 725 1318 772 ς
1382 700 1585 760 eadem
1621 705 1785 779 jussu
1841 705 1897 762 S.
1941 705 2028 762 Pii
2072 707 2115 768 V
2163 728 2267 766 ex·—

174 806 390 876 puncta
422 795 530 853 fuit
563 796 623 852 in
669 795 922 856 editione
965 799 1083 873 ejus
1125 815 1260 875 opp.
1297 796 1491 853 Romae
1525 794 1717 868 factug
1766 818 1831 855 ac
1881 799 2047 858 Dom.
2096 802 2264 861 Sotus

172 910 302 948 eam
334 899 613 970 tanquam
637 890 959 950 haereticam
977 889 1341 968 impugnavit
1359 889 1466 968 (l).
1498 891 1578 948 Ex
1596 889 1805 970 quibus
1834 902 2093 967 constat,
2123 895 2264 974 quid

170 982 246 1042 de
272 1003 334 1042 ea
365 983 610 1043 Ecclesia
632 986 856 1044 sentiat.
883 984 1063 1057 Sane,
1092 982 1140 1040 si
1159 981 1341 1042 veluti
1365 981 1730 1064 probabilem
1748 984 1896 1044 hanc
1917 990 2268 1046 senten-tiam

171 1077 413 1136 Ecclesia
435 1078 720 1155 judicaret
741 1123 758 1152 ,
787 1075 1194 1136 adhortaretur
1225 1088 1496 1158 parentes
1517 1123 1533 1151 ,
1562 1089 1665 1158 aut
1693 1078 1766 1138 ad
1788 1101 1984 1160 preces
2007 1080 2263 1144 funden-

169 1171 270 1230 das
289 1217 303 1245 .,
331 1184 429 1230 aut
450 1172 524 1230 ad
547 1184 735 1231 actum
755 1170 890 1229 fidei
914 1169 1259 1230 eliciendum
1278 1218 1294 1246 ‚
1326 1183 1607 1232 uteorum
1636 1172 1739 1231 filii
1765 1174 1823 1232 in
1850 1186 2015 1235 utero
2043 1175 2261 1257 degen-

99 1267 104 1272 ’
168 1276 253 1326 tes
281 1265 639 1328 salvarentur
661 1309 678 1340 ‚
715 1263 873 1346 quod
902 1275 1103 1325 tamen
1135 1284 1439 1349 nunquam
1479 1269 1746 1348 praestitit
1782 1269 1893 1348 (2)

237 1511 309 1574 (l)
341 1508 439 1559 cfr.
473 1508 611 1558 Hist.
653 1508 824 1575 Cone„
847 1509 987 1557 Trid.
1019 1509 1162 1558 Card.

166 1590 425 1640 Pallavicini
443 1628 456 1651 ,
492 1588 578 1639 lib.
608 1607 654 1638 ix
675 1628 688 1650 ‚
727 1608 824 1655 cap.
852 1606 966 1651 vm,
996 1609 1044 1639 n.
1066 1590 1095 1638 3
1123 1601 1165 1639 et

160 1689 286 1737 seqq.

226 1751 291 1815 (2)
329 1751 426 1801 Csr.
464 1752 520 1800 de
545 1753 636 1800 hoe
662 1755 761 1818 ipso
789 1762 1056 1818 argumento
1087 1753 1158 1801 Cl.

158 1832 466 1881 Trombellius
485 1871 498 1894 ‚
556 1837 634 1900 qui
681 1837 990 1899 copiosissime
1045 1834 1162 1882 illud

157 1925 306 1963 versat
369 1916 418 1962 in
469 1923 602 1963 tract.
667 1916 741 1962 De
793 1915 1115 1964 Sacramentis
1144 1953 1158 1975 ‚

151 2005 263 2045 tom.
307 1983 362 2044 11'1
392 2033 406 2056 ,
440 1997 552 2045 diss.
588 2011 652 2054 vn
676 2034 689 2056 ‚
733 1996 815 2047 De
856 1997 1110 2062 Baptismo
1142 2031 1157 2058 ,

157 2087 313 2143 quaest.
341 2092 379 2124 11
399 2114 412 2135 ‚
447 2094 550 2142 cap.
573 2095 590 2125 1
614 2087 658 2126 et
687 2095 818 2144 seqq.
849 2077 934 2126 ubi
971 2089 1058 2127 tres
1083 2096 1160 2127 ex-

158 2160 288 2223 ponit
313 2158 590 2208 celebriores‘
616 2162 893 2220 sententias,
926 2177 1040 2225 quas
1068 2162 1160 2207 sive

159 2249 328 2287 veteres
373 2243 467 2287 sive
512 2242 782 2287 recentiores
825 2239 1044 2304 Theologi
1083 2251 1161 2289 aut

158 2320 436 2369 invenerunt
465 2329 544 2366 aut
581 2321 922 2381 instaurarunt3
965 2337 1161 2384 quarum

157 2403 305 2463 prima
327 2410 393 2447 est
416 2399 639 2464 Cajetani‚
669 2401 1005 2459 contendentis,
1033 2419 1162 2465 posse

156 2483 307 2544 pueris
323 2483 371 2528 in
386 2491 514 2528 utero
537 2491 731 2528 matrum
752 2481 1019 2544 degentibus
1046 2481 1157 2529 sub-

155 2564 301 2610 veniri
331 2562 502 2610 efficaci
530 2563 750 2610 desiderio
779 2562 869 2610 illis
896 2563 1158 2613 conferendi

157 2642 378 2708 Baptismi
400 2681 413 2703 ‚
455 2643 580 2708 quod
613 2653 822 2708 parentes
862 2646 1156 2709 concipiant,

159 2724 376 2790 quodque
404 2724 678 2772 desiderium
698 2734 742 2772 et
766 2724 905 2773 fidem
932 2743 1061 2773 suam
1083 2763 1096 2786 ‚
1121 2730 1158 2774 si

160 2803 259 2851 fieri
297 2805 346 2852 id
380 2792 550 2870 possit,
591 2809 797 2854 exteriori
838 2806 991 2871 aliquo
1030 2810 1157 2871 signo

155 2885 458 2934 manifestent.
475 2886 622 2935 Altera
647 2897 713 2935 est
736 2886 905 2951 Ignatii
935 2888 1155 2938 Ludovici

157 2962 346 3015 Bianahi
380 2981 395 3027 3
448 2970 486 3014 is
536 2971 586 3016 in
627 2969 745 3017 libro
786 2970 906 3018 edito
951 2970 1157 3019 Venetiis

155 3061 276 3093 anno
312 3043 455 3109 1768,
483 3066 622 3113 quem·
655 3053 880 3116 inscripsit
907 3069 922 3099 ε
961 3050 1042 3100 De
1081 3069 1156 3100 re-

154 3126 309 3173 medio
335 3135 520 3176 oeternae
550 3130 717 3186 salutis
739 3149 832 3198 pro
858 3133 1080 3197 parvulis
1102 3135 1156 3181 in

154 3214 285 3254 utero
319 3206 495 3255 clausis
524 3211 629 3257 sine
656 3212 910 3277 Baptismo
942 3217 1151 3262 morien-

152 3288 282 3336 tibus
297 3323 311 3349 ,
326 3290 596 3350 contendit,
610 3292 773 3345 salvari
786 3311 912 3359 posse
927 3297 1152 3361 ejusmodi

150 3371 350 3425 *infantes
383 3390 467 3435 ¹per
502 3371 778 3426 oblationem
802 3379 935 3441 «pueri
955 3412 972 3439 9
1013 3396 1151 3444 quam

153 3451 252 3500 Deo
302 3463 445 3505 mater
486 3457 762 3504 extrinsecus
807 3458 958 3510 faciat.
1003 3461 1152 3522 'sertia

154 3538 375 3584 sententia
403 3548 465 3585 est
506 3538 690 3586 Eusebii
723 3538 902 3600 Amort,
931 3541 1048 3590 Can.
1079 3561 1150 3591 re-

154 3617 319 3679 gularis
338 3656 350 3677 ‚
386 3622 465 3684 qui
501 3619 665 3670 Theol.
691 3618 915 3681 moralis,
950 3632 1062 3672 tom.
1087 3638 1148 3683 11,

155 3706 285 3747 tract.
302 3716 373 3760 ιι,
407 3698 433 3766 §
474 3702 530 3762 3,
553 3701 632 3750 De
656 3702 859 3767 subjecto
886 3702 1151 3768 Baptismi,

1250 1528 1298 1575 p.
1341 1526 1431 1557 120
1460 1520 1504 1558 et
1531 1527 1661 1576 seqq.
1689 1510 1800 1558 edit.
1827 1514 1935 1565 anni
1968 1510 2094 1575 1758
2115 1550 2129 1573 ‚
2159 1513 2257 1562 Au·-

1248 1601 1391 1655 gustae
1407 1590 1593 1639 Vindel.
1610 1600 1655 1640 et
1672 1589 1949 1657 OEniponti,
1966 1604 2139 1653 censet,
2162 1613 2256 1642 non

1247 1690 1342 1720 esse
1377 1691 1400 1719 a
1448 1672 1682 1721 verisimili
1723 1682 1951 1721 remotam
1993 1676 2254 1737 opinionem

1246 1770 1425 1814 eorum,
1447 1756 1526 1819 qui
1541 1763 1723 1818 putant,
1740 1754 1911 1810 Deum,
1934 1754 2256 1804 efficacissimis

1244 1844 1487 1899 parentum
1531 1835 1743 1899 precibus
1791 1845 2060 1895 exoratum,
2094 1823 2252 1884 extra-

1243 1915 1678 1977 sacramentaffler,
1714 1934 1879 1982 pueros
1918 1920 1966 1964 in
2010 1928 2137 1965 utero
2170 1919 2253 1966 de-

1243 2007 1391 2045 tentos
1430 1995 1705 2062 justificare,
1752 2015 1803 2047 ac
1844 1999 2032 2047 adducit
2076 2017 2160 2063 pro
2205 2017 2251 2049 se

1243 2079 1394 2143 plures
1423 2091 1596 2129 veteres
1616 2115 1630 2139 ,
1656 2079 1703 2129 S.
1739 2079 1935 2140 Bonav..
1969 2079 2244 2140 Gersonem,

1245 2158 1385 2208 Gabr.
1432 2160 1559 2224 Biel,
1594 2160 1795 2209 Ecbium
1818 2198 1832 2220 ‚
1877 2171 1965 2210 etc.
1988 2159 2128 2209 Porro
2156 2161 2252 2209 haec

1244 2243 1342 2304 ipsa
1371 2244 1592 2290 sententia
1616 2252 1681 2291 est
1702 2280 1715 2302 ‚
1751 2260 1889 2308 quam
1915 2243 2108 2290 adstruit
2140 2260 2252 2290 ano·

1244 2336 1435 2384 nymus‚
1468 2323 1526 2370 de
1553 2340 1647 2385 quo
1676 2326 1960 2370 mentionem
1992 2324 2250 2387 injecimus.

1244 2400 1339 2447 Has
1385 2418 1520 2464 porro
1579 2405 1822 2451 sententias
1869 2419 2027 2450 omnes
2068 2402 2253 2468 jamdiu

1245 2484 1543 2547 exagitaverat
1562 2520 1576 2541 ‚
1615 2493 1660 2531 et
1690 2486 1849 2530 inanes
1868 2501 1963 2532 esse
1991 2484 2250 2536 ostenderat

1244 2563 1405 2611 doctus
1431 2564 1667 2628 theologus
1691 2564 1902 2630 Vasquez
1920 2601 1933 2624 ,
1967 2582 2105 2630 quem
2125 2564 2247 2628 vide,

1242 2643 1312 2690 In
1338 2654 1533 2710 lupart.
1561 2643 1618 2694 S.
1655 2646 1828 2694 Thom.
1860 2646 1975 2710 disp.
1996 2663 2092 2707 cu,
2110 2659 2250 2710 cap.1

1243 2734 1287 2773 et
1311 2743 1444 2791 seqq.
1475 2725 1592 2791 Quid
1633 2729 1812 2790 praecise
1843 2729 2033 2774 senserit
2072 2726 2253 2774 Venus-

1243 2809 1394 2855 tianus
1422 2807 1586 2857 Hiebel
1612 2809 1850 2873 theologus
1886 2808 2086 2856 Bavarus
2106 2843 2120 2866 ,
2168 2825 2252 2855 cu-

1239 2891 1316 2955 jus
1359 2889 1477 2938 liber
1504 2891 1746 2954 inscriptus
1776 2907 1790 2937 :
1823 2888 2248 2953 Justificatiopar-

1241 2969 1346 3018 vuli
1396 2972 1501 3018 sine
1559 2974 1793 3035 martyrio
1834 2981 1883 3018 ¹et
1936 2969 2248 3019 Sacramenta

1242 3051 1492 3117 Baptv‘smi
1534 3055 1588 3100 in
1621 3070 1672 3100 re
1704 3062 1916 3118 suscepto
1954 3051 2217 3100 decedentis
2236 3089 2248 3111 ,

1241 3134 1512 3182 Landishuti
1566 3133 1722 3201 1752,
1761 3137 2043 3200 proscriptus
2069 3137 2136 3182 est
2172 3133 2254 3181 de-

1242 3225 1369 3263 creto
1410 3213 1443 3277 4
1470 3215 1583 3280 Apr.
1628 3215 1751 3282 1755
1771 3253 1785 3275 ‚
1818 3217 1933 3264 mihi
1960 3224 2247 3280 compertum

1239 3313 1334 3343 non
1387 3307 1482 3358 est,
1532 3314 1638 3346 cum
1691 3298 1817 3345 hunc
1871 3298 2043 3345 librum
2099 3296 2247 3361 legere

1238 3381 1545 3444 nequiverim.
1586 3378 1759 3427 Verum
1795 3382 1845 3426 in
1889 3380 1976 3426 hac
2029 3376 2249 3442 opinandi

1237 3460 1424 3508 licentia
1474 3462 1590 3509 fines
1638 3478 1797 3513 omnes
1838 3463 2078 3509 excessisse
2124 3457 2254 3514 vide·

1235 3552 1309 3589 tur
1347 3541 1408 3590 D.
1453 3541 1534 3588 De
1580 3541 1627 3589 la
1670 3543 1885 3601 Maroae,
1942 3540 2111 3588 Traite
2152 3541 2250 3585 me-

1233 3623 1514 3689 taphysique
1563 3623 1643 3671 des
1697 3623 1885 3687 doqmes
1929 3623 1985 3669 de
2024 3620 2072 3673 la
2134 3620 2250 3674 Tri-

1234 3706 1358 3767 nite,
1412 3706 1467 3753 de
1499 3704 1879 3767 l’Incarnation‚
1917 3703 1976 3751 de
2010 3701 2247 3754 l’Eucha-
