2502 4186
2081 201 2199 262 465

576 229 700 271 GAP,
749 230 807 269 V.
856 231 925 266 DE
968 226 1261 281 MATERIA,
1308 225 1540 278 FORMA,
1586 224 1706 261 E'rc.

82 378 302 440 clericis
326 372 732 450 inferioribuS.,=
760 384 884 433 tum
902 372 1061 432 laicis
1082 371 1224 454 ipsis
1242 371 1387 432 facta
1406 369 1515 451 (1).
1540 371 1609 428 20
1632 372 1758 430 Imo
1776 379 2011 456 *constat
2030 414 2047 444 ‚
2072 391 2202 452 pas-

84 476 196 533 sim
217 471 534 531 abbatissas
561 491 796 529 suarum
818 467 1187 527 subditarum
1204 465 1916 550 Confessiones‘excepisse
1933 508 1950 540 ,
1984 463 2200 550 quibus

85 587 194 650 per
237 589 445 626 manus
490 565 961 646 impositionem,
1015 561 1078 620 id
1106 560 1245 635 est,
1303 582 1410 643 per
1462 582 1665 621 veram
1693 572 1695 574 ’
1720 560 2204 622 sacramentalem

85 662 510 722 absolutionem
527 670 761 742 peccata
777 655 1178 732 remittebant,
1202 667 1269 715 ut
1285 654 1606 716 ostendunt
1622 660 1887 717 auctores
1913 657 2071 716 citati
2088 657 2197 741 (2).

83 757 249 836 Ergo·
744 763 746 766 ’
1022 755 1026 759 ’
2035 751 2038 754 ’

163 850 309 911 245.
355 852 529 931 Resp.
570 851 726 909 Dist.
761 846 1141 930 Exeipiebant
1178 846 1406 906 diaconi
1443 846 1899 927 exomologesim
1934 869 2201 909 ceremo-

81 949 333 1020 malem,
382 957 443 1004 et
481 944 866 1004 conciliabant
895 940 1251 1025 poenitentes
1284 943 1348 1001 in
1388 942 1512 1001 foro
1552 936 1834 1016 externo,
1872 964 2063 1018 conc.‚·
2100 966 2199 1004 sa-

86 1039 500 1102 cramentalem
535 1050 596 1099 et
623 1040 685 1098 in
725 1039 851 1098 foro
892 1039 1163 1112 interno,
1207 1059 1340 1117 neq.
1388 1039 1475 1096 Ita
1516 1037 1641 1118 ipse
1675 1037 1936 1096 Morinus
1975 1038 2050 1096 in
2086 1041 2211 1099 Re-

83 1128 415 1215 coy'nitione
460 1137 656 1214 operis
696 1138 800 1193 sui
835 1134 906 1193 de
942 1134 1322 1192 Paenitentia
1356 1132 1466 1212 (3).
1512 1133 1632 1191 Nec
1669 1131 1828 1191 aliud
1861 1143 2017 1192 certe
2049 1133 2219 1194 evin-

85 1242 249 1304 cunt,
277 1250 407 1311 quae
428 1229 828 1311 proferuntur,
852 1228 1202 1286 documenta
1225 1272 1240 1301 7
1265 1249 1440 1308 quam
1469 1227 1826 1308 poenitentes
1851 1228 1914 1286 in
1944 1227 2214 1289 absentia

84 1326 352 1408 Episcopi
392 1324 489 1386 vel
521 1322 842 1383 Sacerdotis
879 1323 1277 1382 reconciliatos
1313 1343 1448 1381 cum
1487 1316 1734 1382 Ecclesia
1772 1322 1947 1383 fuisse
1989 1346 2020 1383 a
2062 1325 2210 1384 Dia-

85 1422 245 1481 conis
273 1442 379 1503 per
406 1419 835 1478 absolutionem
861 1417 935 1475 ab
969 1417 1067 1475 illa
1091 1417 1454 1498 poenitentiae
1489 1418 1779 1476 canonicae
1802 1429 1994 1500 parte7
2028 1441 2209 1501 quam

80 1516 277 1577 adhuc
305 1514 642 1598 persolvere
667 1511 984 1573 debebant.
1011 1511 1316 1571 Interdum
1344 1533 1486 1573 vero
1512 1513 1575 1570 in
1597 1512 1922 1573 Sacerdotis
1946 1513 2214 1575 absentia

86 1611 360 1691 'Diaconi7
385 1610 575 1671 clerici
595 1608 933 1687 inferiores.>
959 1619 1060 1666 aut
1083 1607 1211 1665 laici
1240 1607 1416 1667 etiam
1441 1606 1808 1688 excipiebant
1827 1610 2214 1670 confessiones

88 1706 217 1766 illas
255 1718 608 1787 spontaneas
657 1715 717 1763 et
761 1695 1211 1774 ceremoffiales,
1263 1722 1405 1781 quas
1454 1703 1671 1782 passim
1721 1702 2216 1784 subsequentibus

87 1801 295 1861 seculis
329 1799 620 1858 faciebant
664 1797 925 1856 animam
966 1806 1201 1875 agentes
1232 1816 1427 1854 coram
1465 1797 1604 1877 ipsis
1641 1795 1717 1855 ad
1753 1802 2033 1876 majorem
2075 1823 2217 1883 pec-

87 1908 349 1956 catorum
385 1893 649 1952 dolorem
687 1890 1169 1972 concipiendum,
1215 1902 1275 1949 et
1316 1901 1383 1948 ut
1418 1890 1600 1968 adjuti
1643 1892 1906 1953 Ecclesiae
1946 1895 2216 1974 precibus

88 1990 324 2054 veniam
356 2011 388 2048 a
412 1991 534 2049 Deo
558 1986 776 2046 facilius
799 1987 1207 2066 impetrarent.
1239 1986 1405 2044 Hanc
1434 1986 1862 2047 confessionem
1885 1991 1939 2048 S.
1960 1990 2213 2051 Thomas

88 2097 260 2150 vocat
300 2083 731 2164 quodammodo
771 2082 1266 2141 sacramentalem
1307 2080 1395 2160 (4)
1416 2126 1432 2156 7
1478 2101 1606 2163 quae
1636 2086 1807 2161 juxta
1846 2081 2217 2174 scliclasticos

158 2253 229 2319 (l)
267 2252 463 2305 Marten.
509 2253 591 2303 De
637 2251 792 2316 antiq.
838 2249 978 2300 Eccl.
1018 2223 1112 2303 rit.⁴
1195 2255 1381 2298 statem.
1418 2249 1594 2314 Itaque
1633 2266 1732 2298 non
1753 2245 1907 2316 potest
1939 2251 2079 2300 aliud
2108 2213 2222 2302 *esse

91 2337 181 2388 lib.
226 2355 277 2396 1,
314 2355 421 2404 cap.
453 2334 517 2396 6,
557 2341 646 2385 art.
673 2333 740 2395 6,
779 2333 805 2400 §
847 2351 873 2401 7
908 2343 953 2384 et
980 2350 1107 2400 seqq.

93 2419 326 2471 Mabillon
348 2459 362 2482 ,
381 2424 433 2469 in
454 2418 594 2468 Actis
611 2414 703 2469 SS.
725 2417 847 2466 Ord.
868 2413 925 2465 S.
947 2416 1108 2465 Bene-

87 2503 226 2552 dicti.
518 2542 540 2549 ,.
629 2543 634 2548 ,

165 2587 231 2651 (2)
268 2584 406 2651 Apud
423 2584 627 2633 Marten.
648 2583 739 2632 loc.
761 2585 839 2632 cit.
868 2577 895 2646 S
922 2599 973 2650 9.

162 2668 233 2732 (3)
262 2667 357 2717 Cfr.
390 2667 503 2717 edit.
547 2667 769 2731 Antverp.
818 2662 945 2714 1682
971 2702 984 2725 ‚
1025 2663 1112 2713 ubi

96 2753 162 2799 ita
182 2747 358 2812 scribit,v
383 2769 489 2816 pag.
513 2749 542 2797 3
565 2767 578 2798 ε
604 2749 728 2816 Quoe
749 2748 806 2797 de
819 2748 1114 2796 absolutione

96 2850 127 2881 a
151 2831 374 2879 diaconis
397 2869 413 2889 ,
440 2840 579 2898 atque
599 2834 744 2880 etiam
771 2848 801 2879 a
818 2830 958 2880 laicis
979 2831 1111 2892 data,

97 2914 336 2981 plurimis
355 2916 644 2962 testimoniis
657 2914 878 2984 historice
894 2914 1112 2978 referun—

95 3007 191 3058 tur,
207 2996 387 3062 cap.23
402 3005 447 3045 et
474 2993 538 3059 24
551 2995 667 3043 libri
679 2994 729 3054 8,
759 2987 1114 3062 eapressissime

97 3095 296 3138 moneo,
337 3078 483 3125 initio
519 3093 629 3144 cap.
652 3078 715 3126 23
745 3086 787 3125 et
820 3079 878 3124 in
893 3079 993 3140 fine
1028 3076 1112 3135 25,

101 3160 194 3208 ubi
216 3160 416 3207 historia
444 3160 518 3207 rei
531 3161 708 3224 finitur
725 3195 741 3220 ‚
770 3159 864 3206 ista
893 3176 992 3207 non
1016 3177 1113 3208 esse

100 3239 416 3304 intelligenda
484 3256 573 3288 nec
619 3239 827 3305 intelle'qi
874 3257 1012 3305 posse
1053 3241 1113 3288 de

102 3320 393 3370 absolutione
421 3321 789 3384 sacramentali,
821 3324 962 3388 cujus
981 3324 1116 3390 effati

103 3406 314 3452 rationes
343 3403 456 3451 locis
503 3403 745 3451 adnotatis
781 3403 1082 3470 explicantur
1092 3426 1113 3464 ‚-

103 3487 203 3535 imo
224 3484 468 3552 plurimas
486 3502 545 3534 ea
564 3487 686 3551 ipsis
703 3485 996 3543 auctoribus,
1026 3487 1115 3551 qni

102 3566 226 3616 hanc
251 3569 333 3615 sui
347 3569 500 3616 seculi
525 3568 917 3617 consuetudinem
944 3577 1114 3617 testan-

101 3658 183 3697 tur
208 3687 221 3709 ‚
249 3649 421 3698 diserte
449 3665 674 3712 asserere,
703 3649 888 3699 nnllam
913 3667 1113 3717 prorsus

102 3729 201 3778 illis
233 3748 329 3780 esse
370 3749 402 3781 a
420 3734 630 3799 peccatis
670 3732 948 3783 absolvendi
976 3743 1113 3799 pote-

184 3812 250 3871 T.
301 3814 393 3873 VI.

1197 2331 1431 2381 absolutio
1469 2331 1558 2380 illa
1595 2351 1742 2398 quam
1777 2338 2079 2394 ceremonia,
2116 2338 2220 2385 sive

1199 2415 1541 2464 sacramentale
1559 2416 1758 2482 aliquod
1769 2435 1799 2464 a
1812 2419 2103 2486 quibusdam
2115 2418 2166 2468 E
2165 2436 2215 2469 c-

1199 2495 1357 2545 clesiis
1368 2536 1383 2556 ‚
1414 2500 1470 2546 in
1481 2499 1698 2551 absentia
1719 2505 1819 2551 veri
1829 2503 2216 2553 Sacramenti....

1199 2596 1292 2644 quo
1311 2581 1560 2630 morientis
1588 2593 1674 2631 aut
1700 2587 1988 2650 qraoissime
2006 2585 2214 2650 pericli-

1201 2665 1352 2710 tantis
1391 2665 1598 2713 interior
1629 2667 1880 2733 dispositio
1918 2668 2218 2717 excitabatur

1201 2754 1246 2793 et
1280 2746 1618 2819 incalescebat,
1641 2758 1782 2814 atque
1802 2767 1834 2797 a
1863 2749 1971 2797 Deo
1990 2750 2219 2815 precibus

1203 2828 1254 2876 E
1255 2827 1590 2880 cclesioeSacra
1596 2849 1638 2878 m
1645 2834 1751 2880 enti
1755 2833 1971 2899 effectum
1976 2835 2218 2898 poenitens

1194 2913 1575 2979 promerebatur.
1603 2913 1703 2963 Cfr.
1742 2914 1882 2963 Card.
1918 2915 1976 2963 de
2001 2915 2213 2979 Aguirre,

1206 2993 1397 3054 Collect,
1421 2997 1625 3046 maa-im.
1651 2995 1840 3046 Concil.
1863 2994 2014 3062 Hisp.
2040 3007 2155 3046 tom.
2176 3014 2215 3058 ι,

1199 3078 1249 3125 in
1278 3095 1383 3126 can.
1424 3095 1572 3127 txxvn
1599 3078 1746 3128 Cone.
1775 3079 1974 3140 luiba-,3
2004 3077 2217 3145 Albaspi-

1200 3176 1342 3218 naeus,
1368 3159 1443 3207 De
1457 3150 1692 3209 veteribus
1708 3160 1760 3208 E
1760 3159 1848 3209 ccl.
1868 3162 1953 3209 rit.
1980 3160 2176 3209 observa
2188 3170 2221 3219 t,

1200 3241 1284 3291 lib.
1307 3261 1342 3291 11
1364 3282 1376 3304 ,
1395 3244 1576 3293 observ.
1624 3259 1680 3309 ¹7
1702 3260 1716 3304 3
1746 3241 1959 3292 petavius
1976 3283 1992 3303 ,
2031 3253 2134 3291 tum
2169 3248 2220 3293 in

1200 3325 1470 3376 Animadv.
1499 3327 1554 3374 in
1582 3323 1643 3375 S.
1679 3325 1935 3393 Epiphan.
1969 3327 2028 3375 ad
2057 3327 2218 3376 haeres.

1203 3426 1270 3458 ux
1306 3421 1349 3458 et
1386 3413 1436 3457 in
1473 3408 1678 3475 append.
1712 3409 1771 3457 ad
1806 3409 1930 3457 easd.
1978 3408 2222 3458 animadv.

1201 3508 1303 3558 cap.
1339 3508 1367 3539 2
1400 3529 1412 3552 ‚
1460 3501 1561 3539 tum
1612 3493 1663 3539 in
1689 3490 1886 3540 diatriba
1927 3487 2008 3535 De
2034 3490 2227 3538 Poenit.

1201 3590 1305 3640 cap.
1338 3590 1366 3622 2
1386 3611 1400 3635 ,
1428 3574 1487 3623 ad
1508 3573 1626 3622 calc.
1647 3572 1841 3622 secund.
1868 3569 1982 3619 edit.
2021 3568 2225 3637 Synesii.

1271 3653 1333 3720 (Ιι)
1379 3656 1433 3705 ln
1475 3654 1640 3721 Suppl.
1685 3672 1733 3721 q.
1767 3651 1819 3715 8,
1864 3661 1948 3701 art.
1979 3668 2027 3705 2,
2067 3651 2127 3701 ad
2178 3668 2223 3702 1.

1965 3812 2041 3871 30
