2502 4186
311 168 430 230 314
923 187 1246 226 rama-arus
1281 189 1350 224 mi
1382 187 1782 228 avanms'riA.

395 331 537 392 330.
587 330 747 388 Circa
777 330 1083 390 materiam
1114 352 1319 390 omnes
1351 342 1558 391 tenent
1578 377 1594 406 ,
1622 352 1752 391 eam
1779 333 1842 390 in
1871 332 1996 392 solo
2027 356 2179 416 pane
2213 337 2442 396 triticeo

313 441 372 490 et
407 427 545 485 vino
579 423 652 484 de
693 424 814 485 vite
842 425 1178 486 consistere.
1213 427 1429 486 Verum
1457 427 1698 508 quaestio
1736 426 1988 506 agitatur
2020 428 2173 490 inter
2211 433 2438 491 Graecos

311 521 702 582 schismaticos
747 531 808 580 et
845 521 1115 597 Latinos»,
1158 543 1233 580 an
1278 520 1470 583 valida
1516 517 1759 581 materia
1803 523 2129 582 censendus
2163 527 2238 584 sit
2271 527 2439 609 panis

310 613 590 699 azymus?
625 614 814 675 Latini
854 615 1143 690 fatentur,
1184 615 1432 698 perinde
1479 638 1603 676 esse
1645 616 1838 699 quoad
1866 616 2129 679 valorem
2165 620 2440 682 Euchari-

312 713 486 770 stiam
528 711 808 770 conficere
853 710 976 771 sive
1036 711 1098 769 in
1149 733 1302 794 pane
1346 733 1549 792 azymo
1585 713 1706 773 sive
1754 713 1816 770 in
1867 735 2021 795 pane
2059 714 2438 793 fermentato,

313 807 500 867 Graeci
540 829 680 868 vero
714 806 1084 866 contendunt
1106 851 1122 883 ,
1161 830 1283 867 non
1319 807 1514 868 valere
1544 809 2041 869 consecrationem
2081 810 2193 869 nisi
2237 811 2298 869 in
2321 811 2444 871 solo

312 925 467 985 pane
504 903 877 963 fermentata
927 903 1019 963 Sic
1063 903 1243 964 etiam
1278 906 1676 963 protestantes
1713 924 1918 962 omnes
1962 925 2095 964 cum
2133 905 2440 965 Catholicis

313 999 723 1074 consentiunt,
765 999 971 1059 vinum
1004 997 1077 1058 de
1105 999 1222 1060 vite
1251 998 1511 1059 validam
1541 1020 1664 1057 esse
1693 998 1998 1057 materiam
2031 999 2434 1074 Eucharistiae,

314 1105 404 1153 ast
436 1095 703 1173 rejiciunt
732 1105 793 1153 et
815 1094 1168 1176 impugnant
1195 1095 1428 1176 praxim
1455 1093 1719 1154 Ecclesiae
1745 1092 2104 1154 admiscendi
2137 1096 2443 1178 paululum

312 1210 478 1271 aquae
516 1190 578 1246 in
609 1188 804 1248 calice.

397 1284 536 1344 331.
581 1285 685 1344 Hae
729 1285 1138 1345 controversiae
1187 1305 1399 1365 magno
1451 1284 1592 1344 olim
1644 1285 1980 1344 animorum
2031 1297 2174 1345 aestu
2221 1287 2444 1366 agitatae

313 1391 488 1455 sunt3
516 1392 605 1440 ast
626 1381 724 1442 vix
761 1401 920 1441 nunc
947 1403 1070 1440 non
1101 1379 1534 1442 obsoleverunt.
1568 1381 1866 1463 Siquidem
1886 1427 1902 1456 ,
1933 1382 2008 1441 ad
2038 1403 2252 1464 panem
2287 1382 2446 1463 quod

313 1489 540 1560 spectat
573 1500 843 1557 azymum
885 1489 986 1536 aut
1017 1478 1475 1554 fermentatum,
1516 1479 1617 1538 vix
1661 1479 1760 1560 qui
1802 1478 2070 1560 stupidus
2104 1498 2226 1538 non
2258 1480 2332 1537 sit
2374 1501 2445 1538 ex

317 1574 531 1632 Graecis
568 1572 758 1631 adhuc
788 1573 953 1632 litem
982 1595 1220 1632 movere
1254 1574 1432 1633 audet
1453 1620 1468 1648 7
1506 1573 1664 1654 quod
1693 1596 1763 1633 ex
1791 1573 2131 1634 diversitate
2156 1574 2266 1633 hac
2299 1575 2445 1633 acci-

316 1668 542 1728 dentali
589 1667 749 1730 valor
798 1667 1056 1750 pendeat
1101 1669 1371 1728 Sacrificii
1421 1669 1804 1729 eucharistici.
1855 1671 2251 1728 protestantes
2307 1691 2443 1728 vero

317 1765 464 1824 circa
499 1786 663 1846 aquae
698 1765 1132 1823 immixtionem
1149 1769 1274 1843 jam
1301 1763 1521 1846 pariter
1546 1776 1912 1823 recesserunt
1934 1786 1966 1822 a
1992 1769 2280 1843 majorum
2312 1787 2446 1823 suo-

316 1882 451 1919 rum
474 1860 787 1941 impotenti
810 1860 1030 1934 furore,
1057 1871 1113 1918 et
1137 1859 1291 1918 ultra
1307 1863 1431 1938 jam
1457 1859 1627 1919 nobis
1652 1860 1817 1935 dant,
1847 1881 1918 1919 ex
1939 1859 2156 1918 Christi
2177 1859 2446 1941 exemplo

317 1954 477 2015 hunc
512 1957 693 2014 ritum
745 1955 918 2014 fuisse
965 1954 1039 2013 ab
1096 1954 1343 2013 Ecclesia
1392 1966 1715 2036 receptum.
1772 1950 1858 2014 Ne
1905 1967 2107 2013 tamen
2147 1954 2450 2014 videamur

316 2053 552 2134 penitus
578 2051 1028 2133 praetermittere
1059 2049 1184 2109 haec
1207 2060 1548 2128 argumenta
1568 2093 1585 2123 ,
1626 2071 1754 2132 quae
1797 2061 2034 2108 tantum
2062 2048 2203 2107 olim
2232 2051 2452 2108 excita—

317 2159 461 2206 runt
513 2148 839 2225 fragorem,
891 2146 1088 2229 paucis
1141 2144 1631 2228 complectemur,
1679 2166 1809 2226 quae
1843 2144 1918 2203 ad
1959 2144 2066 2204 has
2100 2146 2448 2227 quaestiones

320 2253 608 2325 spectant.

403 2337 542 2410 332.
597 2340 681 2397 De
708 2338 974 2396 ministro
997 2336 1068 2396 lis
1096 2337 1252 2416 viget
1276 2337 1432 2395 inter
1455 2338 1854 2396 Protestantes
1886 2346 1946 2396 et
1986 2336 2310 2396 Catholicos
2327 2383 2345 2416 ,
2381 2359 2449 2398 eo

321 2433 481 2516 quod
516 2434 601 2492 illi
635 2432 997 2493 contendant
1020 2478 1036 2509 ,
1073 2432 1274 2492 fideles
1313 2455 1517 2492 omnes
1568 2434 1851 2515 Baptismi
1880 2434 1948 2494 vi>
1983 2434 2282 2493 ministros
2325 2454 2448 2492 esse

320 2530 714 2591 Eucharistiae„
763 2532 980 2589 Verum
1019 2529 1092 2590 de
1129 2551 1194 2589 ea
1229 2530 1622 2589 controversia
1671 2529 1967 2611 agendum
2015 2528 2183 2588 nobis
2230 2530 2340 2588 erit
2383 2529 2447 2586 in

322 2629 511 2686 Tract.
547 2625 620 2686 de
646 2628 1022 2685 Sacramento
1053 2625 1310 2686 Ordinis,
1347 2625 1453 2683 Hic
1473 2625 1664 2706 potius
1695 2647 1791 2683 eos
1822 2625 2143 2683 neotericos
2171 2626 2449 2706 perstrin-

322 2744 548 2803 gemm,
576 2722 674 2803 qui
695 2733 1028 2792 autumant,
1051 2720 1253 2780 fideles
1271 2741 1474 2781 omnes
1499 2719 1796 2779 adstantes
1822 2721 2128 2794 Sacrificio,
2152 2743 2270 2778 non
2288 2741 2449 2778 secus

322 2840 389 2877 ac
422 2816 756 2877 Sacerdotes
777 2863 792 2892 ,
830 2838 967 2876 vere
998 2828 1057 2876 et
1088 2818 1325 2899 proprie
1358 2815 1542 2874 dictos
1571 2837 1635 2874 ac
1657 2816 2026 2875 immediatos
2057 2838 2178 2875 esse
2205 2816 2448 2875 offeren-

323 2926 443 2989 tes,
496 2913 895 2973 immolatores
942 2925 1000 2973 et
1047 2914 1458 2972 sacrificatores
1498 2912 1617 2993 (1),
1655 2934 1764 2972 nec
1805 2912 1972 2971 aliter
2009 2912 2242 2972 differre
2275 2912 2446 2971 laicos

324 3014 389 3070 in
433 3012 541 3070 hac
577 3011 803 3070 actione
840 3032 871 3069 a
917 3010 1232 3069 Sacerdote
1269 3009 1599 3085 affirmant,
1640 3031 1817 3090 quam
1844 3009 1906 3067 in
1937 3008 2308 3069 consecrandi
2340 3030 2448 3089 po-

324 3119 537 3167 testate
557 3153 573 3183 ,
602 3129 729 3189 quae
759 3106 863 3166 soli
893 3109 1176 3190 competit
1219 3105 1548 3181 Sacerdoti,
1581 3107 1643 3163 in
1677 3128 1792 3187 quo
1830 3127 1889 3165 se
1914 3129 1946 3165 a
1984 3104 2447 3165 protestantibus

327 3219 659 3266 secernunt.
690 3206 907 3287 Synodi
930 3205 1169 3266 demum
1199 3204 1556 3263 pistoriensis
1582 3202 1903 3262 doctrinam
1935 3201 2264 3261 refellemus
2300 3201 2448 3258 circa

325 3301 638 3383 specialem
690 3303 958 3360 Sacrificii
1011 3300 1461 3382 applicationem
1506 3301 1614 3382 pro
1655 3297 2041 3379 singularibus
2088 3296 2446 3367 individuis,

326 3418 506 3479 quam
535 3398 661 3457 fieri
686 3419 856 3479 posse
885 3409 1105 3457 temere
1135 3395 1389 3476 synodus
1418 3395 1727 3455 inficiatur.

397 3581 464 3644 (l)
506 3580 570 3629 [ta
593 3579 860 3629 Janseniani
876 3617 888 3639 ‚
918 3579 1089 3644 quibus
1105 3614 1118 3637 ‚
1141 3586 1193 3626 ut
1212 3579 1338 3627 vide·
1424 3588 1639 3644 praeterea
1661 3588 1706 3626 et
1729 3575 1842 3626 illud
1865 3577 1996 3625 addit
2015 3613 2028 3634 ,
2049 3576 2169 3623 hanc
2189 3574 2447 3622 doctrinam

325 3663 482 3711 bimus
505 3701 518 3722 ‚
539 3680 666 3711 more
692 3680 775 3711 suo
799 3662 992 3710 adhaesit
1011 3662 1213 3726 synodus
1238 3661 1339 3710 pis·
1424 3662 1481 3710 ad
1504 3661 1611 3710 fidei
1637 3661 1849 3726 dogmata
1879 3668 2098 3725 spectare.

327 3747 537 3794 turiensis
559 3763 573 3810 3
613 3763 700 3795 nec
740 3762 838 3794 non
873 3743 1198 3793 Nannaronius
1217 3781 1228 3804 ,
1260 3746 1342 3811 qui
