2502 4186
286 218 408 278 240

908 234 1232 276 TRAGTATUS
1272 237 1344 274 DE
1386 236 1787 281 EUGHARIS'r-IA.
1869 278 1873 282 .

288 384 462 444 clusa.
512 381 698 456 Hujus
746 375 1186 436 consuetudinis
1224 387 1404 435 testes
1441 375 1726 436 habemus
1760 380 2182 444 Tertullianum
2215 388 2304 467 (l)
2358 401 2417 447 et

289 478 648 560 Cyprianum
675 471 764 554 (2)
790 516 806 546 ,
836 493 948 531 nec
971 492 1096 530 non
1133 473 1193 531 S.
1235 472 1541 531 Zenonem
1586 473 1982 534 Veronensem
2004 522 2020 550 ,
2047 481 2145 558 qui
2169 483 2368 542 scribit
2401 506 2414 541 :

293 571 594 633 Omnibus
627 589 908 648 perteque
957 589 1121 626 unus
1150 573 1343 646 panis
1387 588 1531 626 eum
1574 568 1738 646 liquo
1789 570 1980 629 datur
2029 572 2157 651 (3),
2211 578 2421 657 quibus

285 665 480 728 verbis
504 710 523 739 ‚
555 662 973 724 adnotantibus
1003 664 1110 721 FF.
1140 661 1474 736 BalleriniS,
1500 663 1557 720 S.
1585 664 1747 722 Zeno
1771 665 2150 744 significavit,
2188 671 2420 732 Eucha-

284 763 510 821 ristiam
541 761 604 819 in
652 779 782 819 arca
825 758 1017 838 lignea
1053 757 1299 817 domum
1335 757 1717 817 deferendam
1779 760 1891 839 (4).
1951 764 2223 839 Ejusdem
2264 789 2420 847 prae—

284 869 444 918 terea
465 854 899 916 consuetudinis
915 852 1186 932 exempla
1202 854 1528 935 reperimus
1543 853 1606 911 in
1623 855 1779 913 Actis
1801 857 2076 916 SS.1ndis
2094 859 2153 918 et
2175 863 2418 920 Domnae

285 953 445 1036 apud
489 953 724 1012 Surium
767 951 888 1031 (5),
925 950 990 1008 in
1030 950 1182 1008 Actis
1233 950 1291 1009 S.
1330 948 1606 1008 Eudoxiae
1664 950 1824 1031 apud
1879 952 2230 1014 Bollandum
2274 956 2412 1035 (6),

286 1049 513 1132 aliaque
546 1070 671 1108 non
711 1068 893 1130 pauca
915 1092 931 1122 ,
962 1044 1036 1106 de
1069 1043 1285 1127 quibus
1321 1056 1568 1124 egerunt
1607 1045 1938 1106 Sandellius
1971 1049 2063 1129 (7)
2093 1062 2152 1110 et
2179 1052 2385 1112 Berlen
2410 1083 2421 1105 >a

355 1241 431 1307 (1)
449 1239 536 1290 Ad
555 1254 697 1288 uxor.
715 1238 804 1288 lib.
820 1255 874 1299 11,
901 1254 1005 1302 cap.
1027 1234 1058 1285 5
1073 1273 1096 1297 .,
1114 1236 1272 1286 dicens
1290 1253 1305 1284 ε

287 1323 402 1373 Νοη
429 1324 546 1371 sciet
573 1322 782 1369 maritus
799 1320 1080 1384 (ethnicus),
1099 1318 1221 1383 quid
1232 1335 1304 1365 se·

284 1414 408 1454 creto
426 1413 536 1452 aute
568 1420 754 1452 omnem
771 1401 934 1450 cibum
952 1408 1113 1466 qustes
1127 1401 1151 1449 ?
1166 1391 1213 1448 et
1223 1435 1241 1458 ,
1260 1401 1308 1448 si

284 1489 480 1537 sciverit
488 1503 670 1553 panem
684 1525 702 1547 ,
718 1500 819 1533 uon
847 1482 982 1532 illum
1011 1483 1162 1532 credit
1186 1499 1300 1543 esse,

284 1572 375 1636 qui
421 1569 637 1618 dieitur?
695 1567 795 1617 cfr.
850 1576 951 1615 not.
1008 1566 1197 1632 Rigaltii
1254 1568 1305 1613 in

283 1653 414 1702 hunc
431 1653 523 1702 loc.

351 1735 421 1798 (2)
457 1734 566 1784 Lib.
594 1732 677 1785 De
701 1732 821 1800 laps.
852 1750 959 1798 pag.
1004 1730 1119 1798 189.

355 1816 420 1882 (3)
458 1817 564 1866 Lib.
592 1833 637 1872 1,
664 1825 794 1864 tract.
824 1831 921 1875 xlv,
945 1830 1050 1879 cap.
1086 1810 1120 1876 4
1139 1849 1152 1873 ,
1184 1811 1300 1860 edit.

286 1901 500 1950 Ballerin.
529 1899 725 1948 Veronae
761 1898 907 1964 1739.

357 1983 426 2047 (14)
454 1981 628 2030 Adnot.
682 1977 742 2030 18
785 1982 837 2028 in
869 1979 963 2027 loc.
1005 1979 1085 2026 cit.
1140 1978 1221 2042 qui
1257 1976 1307 2024 id

289 2066 567 2114 confirmant
593 2082 645 2112 ex
666 2081 720 2112 eo
742 2101 755 2124 ‚
791 2060 918 2128 quod
947 2061 1073 2109 idem
1095 2057 1146 2107 S.
1181 2059 1306 2106 Zeno

291 2148 487 2208 scribit,
518 2157 652 2196 tract.
685 2164 732 2206 v,
764 2163 817 2194 n.
856 2141 909 2204 8,
938 2143 994 2191 de
1020 2141 1178 2207 gentili
1206 2143 1307 2190 viro

295 2250 402 2280 cum
427 2232 601 2279 femina
628 2230 880 2278 christiana
901 2223 1151 2290 conjuncto
1171 2241 1183 2271 ε
1202 2222 1307 2271 Ar-

287 2322 446 2379 repto,
476 2315 659 2378 inquit,
691 2311 908 2376 forsitan
944 2307 1197 2372 Sacrificio
1228 2315 1308 2354 tuo

288 2404 425 2443 tuum
467 2403 633 2461 pectus
660 2391 885 2441 obtundet
907 2428 921 2448 ,
953 2399 1089 2438 tuam
1125 2389 1307 2455 faciem

290 2476 590 2542 deformabit.
658 2475 869 2540 Capsulis
935 2476 1062 2521 enim
1145 2473 1308 2536 ligneis

294 2563 309 2623 (
326 2561 535 2609 subdunt
552 2559 828 2620 Ballerinii),
850 2559 900 2605 in
915 2555 1085 2622 quibus
1102 2554 1144 2604 S
1146 2556 1284 2619 acrifi
1291 2584 1304 2592 -

289 2644 421 2690 cium
443 2678 458 2703 ,
476 2642 524 2690 id
539 2652 638 2702 est,
668 2641 956 2689 Eucharistia
982 2636 1272 2688 condebatur
1290 2674 1303 2696 ‚

290 2727 409 2772 ictus
440 2735 484 2773 et
518 2727 585 2772 vis
624 2723 853 2789 ejusmodi
893 2724 1137 2788 congruit,
1181 2730 1309 2770 utet

293 2817 451 2871 pectus
476 2805 733 2854 obtundere
771 2814 815 2852 et
853 2804 1022 2853 faciem
1048 2804 1307 2853 deformare

291 2898 497 2953 possent.
521 2887 628 2936 Huc
657 2887 775 2934 forte
795 2889 979 2951 respicit
1007 2886 1270 2954 Cyprianus
1287 2920 1304 2946 ‚

291 2974 343 3019 in
375 2970 461 3019 lib'.
497 2969 578 3018 De
611 2967 787 3035 lapsis,
823 2971 1106 3018 mentionem
1137 2970 1310 3019 faciens

293 3053 499 3102 mulieris
522 3090 536 3113 ,
572 3069 677 3118 quae
709 3069 816 3100 cum
840 3067 1005 3098 arcam
1028 3068 1170 3099 suam
1190 3089 1203 3112 ‚
1249 3053 1308 3099 in

291 3153 388 3200 qua
406 3135 620 3185 Domini
632 3133 1002 3182 Sacramentum
1044 3134 1160 3192 suit,
1198 3152 1308 3199 ape·

293 3220 383 3265 rire
402 3226 621 3265 tentasset
643 3254 656 3276 ,
687 3218 792 3280 igne
815 3217 924 3264 inde
945 3225 1219 3280 erumpente
1234 3216 1308 3276 de-

294 3301 450 3348 territa
477 3308 544 3347 est
563 3334 579 3362 ,
602 3315 663 3346 ne
694 3297 882 3346 auderet
911 3300 1148 3362 attingere.

363 3381 430 3445 (5)
468 3380 541 3429 Ad
567 3380 692 3428 diem
723 3377 787 3427 26
808 3378 1106 3445 Septembris.
1249 3427 1251 3429 ,

363 3463 427 3529 (6)
458 3462 586 3511 Acta
617 3460 711 3510 SS.
750 3479 894 3510 mens.
939 3461 1059 3510 Mar.
1093 3471 1209 3509 tom.
1255 3476 1272 3508 1
1297 3499 1309 3518 ,

297 3564 406 3611 pag.
447 3561 537 3612 19,
567 3543 651 3592 ubi
677 3560 778 3608 cap.
809 3559 886 3603 12,
917 3561 970 3592 n.
1004 3540 1101 3606 44,
1122 3542 1220 3590 baec
1243 3544 1308 3591 le-

293 3637 466 3692 guntur
496 3644 509 3675 :
543 3624 769 3681 Verum,
811 3633 1068 3690 antequam
1105 3624 1310 3672 traderet

292 3708 422 3757 ultro
456 3726 504 3757 se
543 3708 672 3776 lupis
725 3723 856 3772 aqna
910 3706 1135 3767 Christi,
1176 3707 1311 3755 brevi

1392 1252 1528 1284 mora
1566 1238 1822 1303 impetrata
1843 1237 2126 1304 prodeundi
2149 1278 2162 1299 ‚
2204 1247 2419 1292 accurrit

1391 1319 1449 1366 iu
1501 1335 1690 1375 sacram
1736 1320 1885 1368 oedem
1908 1359 1921 1381 ,
1972 1331 2269 1388 reserataque
2316 1326 2420 1374 illic

1389 1401 1589 1463 arcula,
1622 1402 1674 1450 iri
1707 1421 1804 1468 qua
1835 1404 2061 1452 divinum
2089 1405 2268 1455 donum
2308 1410 2420 1458 reli-

1387 1486 1620 1547 quiarum
1651 1488 1810 1534 sancti
1845 1486 2074 1552 Corporis
2103 1489 2298 1538 Christi
2317 1509 2416 1539 ser-

1389 1566 1622 1628 vabatur,
1667 1567 1783 1615 inde
1821 1569 2121 1633 particulam
2175 1582 2415 1639 acceptam

1389 1651 1506 1697 sinu
1550 1650 1822 1698 recondidit
1843 1688 1857 1710 ‚
1907 1661 1951 1699 et
1987 1654 2060 1700 sio
2103 1657 2267 1703 statim
2305 1673 2416 1704 cum

1388 1731 1630 1780 militibus
1659 1732 1804 1781 abiit.

1458 1815 1529 1879 (7)
1569 1814 1648 1862 De
1661 1817 1816 1863 sacris
1845 1817 2146 1880 synaxibus,
2180 1837 2285 1885 cap.
2325 1837 2415 1887 19,

1390 1898 1471 1946 ubi
1506 1899 1776 1946 turriculam
1810 1903 2213 1951 sacramentariam
2255 1921 2309 1952 ex
2342 1923 2416 1953 ar-

1391 1980 1496 2045 gilla
1519 1980 1782 2041 rubricata,
1813 1981 1970 2030 Romae
2003 2001 2028 2030 e
2063 1988 2318 2034 coemeteris
2344 1988 2413 2035 ef-

1392 2062 1583 2121 fossam,
1605 2063 1792 2111 exhibet
1808 2063 1865 2111 ad
1883 2053 2113 2130 [irototypi
2133 2069 2417 2131 magnitudi-

1392 2162 1501 2194 nem
1543 2162 1837 2210 expressam,
1878 2143 2014 2211 cujus
2051 2149 2234 2196 iconem
2260 2151 2413 2199 eidem

1391 2229 1518 2275 misit
1548 2245 1688 2293 eques
1720 2227 1856 2276 Joan.
1898 2227 2074 2277 passeri
2101 2230 2413 2297 descriptione

1391 2310 1481 2357 hac
1513 2310 1668 2358 addita
1707 2327 1720 2358 :
1751 2308 1938 2358 Forma
1958 2311 2198 2375 quadrata
2227 2323 2323 2375 est,
2359 2324 2415 2364 ut

1390 2390 1734 2456 quodammodo
1779 2391 1950 2440 altaris
1981 2394 2245 2458 ivnaqinem
2273 2396 2411 2445 redo-

1391 2473 1513 2534 leat,
1543 2475 1671 2540 quod
1702 2491 1761 2523 ea·
1787 2474 2023 2539 quadrato
2057 2474 2218 2541 lapide
2259 2486 2402 2542 atque

1390 2561 1536 2607 unico
1576 2567 1792 2607 constare
1825 2557 2082 2609 solebam..
2108 2557 2412 2623 Hujusmodi

1374 2659 1547 2691 xunum
1588 2642 1954 2706 inteqerrimum
1975 2640 2138 2688 'habeo
2169 2638 2405 2707 Pisauri,

1390 2741 1450 2772 ecc
1491 2724 1828 2788 antiquissimo
1868 2718 1926 2772 S.
1963 2722 2148 2771 Mariae
2195 2726 2405 2790 ,Μαρεία-

1391 2805 1511 2854 lenae
1553 2807 1842 2853 monasterio
1886 2810 2076 2851 erutum
2108 2840 2124 2865 ,
2167 2808 2225 2854 in
2269 2809 2409 2874 cujus

1384 2887 1543 2951 fronte
1586 2904 1707 2935 crux
1755 2888 1918 2952 ampla
1973 2890 2136 2936 excisa
2179 2897 2250 2936 est
2295 2907 2406 2938 oum

1395 2969 1582 3019 Christi
1593 2969 1915 3019 benedicentis
1930 2973 2166 3037 imaqine.
2189 2971 2407 3023 Testatur

1391 3061 1606 3117 praeterea
1634 3052 1756 3100 idem
1779 3070 1941 3119 eques,
1958 3055 2181 3103 similium
2204 3057 2405 3103 turricu-

1391 3134 1539 3182 larum
1575 3134 1832 3199 fragmenta
1868 3155 1964 3185 non
2001 3137 2143 3186 semel
2178 3154 2224 3184 se
2249 3136 2405 3185 Romae

1391 3219 1442 3263 in
1492 3219 1763 3265 coemeteriis
1811 3219 2076 3283 collegisse,
2116 3218 2406 3266 adhaerenti-

1391 3297 1509 3354 bus,
1538 3300 1638 3346 sive
1666 3298 1930 3364 aliquando
1957 3299 2160 3348 divulsis
2195 3299 2405 3348 lucernis

1395 3396 1495 3428 non
1532 3380 1690 3430 adhuc
1732 3381 1906 3446 arqilla
1944 3381 2194 3430 turriculae
2241 3381 2408 3446 aqqlu-

1396 3465 1600 3525 tinatis,
1663 3472 1717 3511 ut
1750 3466 1960 3530 perenni
2003 3464 2186 3512 lumine
2227 3463 2409 3528 aliquis

1390 3548 1536 3594 etiam
1577 3548 1633 3593 in
1646 3548 1862 3613 privatis
1891 3545 2076 3595 aedibus
2109 3545 2261 3593 honor
2275 3544 2409 3610 Mys-

1391 3630 1508 3676 terio
1538 3637 1636 3675 tam
1674 3627 1942 3677 venerabili
1983 3628 2289 3676 tribueretur.
2320 3626 2412 3677 Mi-

1392 3728 1498 3760 rum
1527 3728 1631 3761 vero
1659 3729 1757 3760 non
1782 3729 1880 3761 esse
1915 3708 2105 3773 subdit,
2134 3712 2172 3760 si
2201 3711 2411 3761 vasculo-
