<?xml version="1.0" encoding="UTF-8"?>
<!DOCTYPE html PUBLIC "-//W3C//DTD XHTML 1.0 Transitional//EN"
    "http://www.w3.org/TR/xhtml1/DTD/xhtml1-transitional.dtd">
<html xmlns="http://www.w3.org/1999/xhtml" xml:lang="en" lang="en">
 <head>
  <title>
</title>
<meta http-equiv="Content-Type" content="text/html;charset=utf-8" />
  <meta name='ocr-system' content='tesseract 3.04.00' />
  <meta name='ocr-capabilities' content='ocr_page ocr_carea ocr_par ocr_line ocrx_word'/>
</head>
<body>
  <div class='ocr_page' id='page_1' title='image "a603693806perruoft_0289.png"; bbox 0 0 2502 4186; ppageno 0'>
   <div class='ocr_carea' id='block_1_1' title="bbox 2091 232 2208 294">
    <p class='ocr_par' dir='ltr' id='par_1_1' title="bbox 2091 232 2208 294">
     <span class='ocr_line' id='line_1_1' title="bbox 2091 232 2208 294; baseline 0.017 -2"><span class='ocrx_word' id='word_1_1' title='bbox 2091 232 2208 294; x_wconf 71' lang='lat'>281</span> 
     </span>
    </p>
   </div>
   <div class='ocr_carea' id='block_1_2' title="bbox 590 255 1758 307">
    <p class='ocr_par' dir='ltr' id='par_1_2' title="bbox 590 255 1758 307">
     <span class='ocr_line' id='line_1_2' title="bbox 590 255 1758 307; baseline -0.006 -9"><span class='ocrx_word' id='word_1_2' title='bbox 590 257 712 298; x_wconf 78' lang='lat' dir='ltr'>CAP.</span> <span class='ocrx_word' id='word_1_3' title='bbox 758 259 800 296; x_wconf 77' lang='grc' dir='ltr'>Ι..</span> <span class='ocrx_word' id='word_1_4' title='bbox 849 259 917 294; x_wconf 80' lang='lat' dir='ltr'>DE</span> <span class='ocrx_word' id='word_1_5' title='bbox 959 257 1237 297; x_wconf 73' lang='lat' dir='ltr'><strong>VERITATE</strong></span> <span class='ocrx_word' id='word_1_6' title='bbox 1281 255 1601 307; x_wconf 73' lang='lat' dir='ltr'>sAcnnucu,</span> <span class='ocrx_word' id='word_1_7' title='bbox 1637 255 1758 292; x_wconf 75' lang='lat' dir='ltr'>Em.</span> 
     </span>
    </p>
   </div>
   <div class='ocr_carea' id='block_1_3' title="bbox 106 395 2220 2371">
    <p class='ocr_par' dir='ltr' id='par_1_3' title="bbox 106 395 2220 1994">
     <span class='ocr_line' id='line_1_3' title="bbox 110 395 2209 480; baseline -0.003 -18"><span class='ocrx_word' id='word_1_8' title='bbox 110 402 205 462; x_wconf 82' lang='lat' dir='ltr'>alii</span> <span class='ocrx_word' id='word_1_9' title='bbox 231 401 388 461; x_wconf 90' lang='lat' dir='ltr'>enim</span> <span class='ocrx_word' id='word_1_10' title='bbox 409 445 426 475; x_wconf 85' lang='lat'>.,</span> <span class='ocrx_word' id='word_1_11' title='bbox 454 405 684 478; x_wconf 82' lang='lat' dir='ltr'><strong>juxtam</strong></span> <span class='ocrx_word' id='word_1_12' title='bbox 699 421 943 480; x_wconf 85' lang='lat' dir='ltr'>graecam</span> <span class='ocrx_word' id='word_1_13' title='bbox 967 420 1168 461; x_wconf 89' lang='lat' dir='ltr'>vocem</span> <span class='ocrx_word' id='word_1_14' title='bbox 1193 399 1546 479; x_wconf 84' lang='lat' dir='ltr'>intempore</span> <span class='ocrx_word' id='word_1_15' title='bbox 1571 395 1844 477; x_wconf 83' lang='lat' dir='ltr'>praesenti</span> <span class='ocrx_word' id='word_1_16' title='bbox 1867 402 2174 475; x_wconf 81' lang='grc' dir='ltr'><em>ἐκχυνόμενον</em></span> <span class='ocrx_word' id='word_1_17' title='bbox 2193 443 2209 473; x_wconf 72' lang='grc'><em>,</em></span> 
     </span>
     <span class='ocr_line' id='line_1_4' title="bbox 107 490 2212 577; baseline -0.001 -23"><span class='ocrx_word' id='word_1_18' title='bbox 107 501 223 574; x_wconf 73' lang='lat' dir='ltr'>qui</span> <span class='ocrx_word' id='word_1_19' title='bbox 239 517 345 577; x_wconf 89' lang='lat' dir='ltr'>pro</span> <span class='ocrx_word' id='word_1_20' title='bbox 365 492 563 553; x_wconf 89' lang='lat' dir='ltr'>multis</span> <span class='ocrx_word' id='word_1_21' title='bbox 582 495 949 573; x_wconf 71' lang='lat' dir='ltr'>effunditur,</span> <span class='ocrx_word' id='word_1_22' title='bbox 966 491 1355 567; x_wconf 80' lang='lat' dir='ltr'>contendunt,</span> <span class='ocrx_word' id='word_1_23' title='bbox 1377 490 1438 550; x_wconf 88' lang='lat' dir='ltr'>id</span> <span class='ocrx_word' id='word_1_24' title='bbox 1453 490 1676 549; x_wconf 90' lang='lat' dir='ltr'>dictum</span> <span class='ocrx_word' id='word_1_25' title='bbox 1692 511 1815 549; x_wconf 91' lang='lat' dir='ltr'>esse</span> <span class='ocrx_word' id='word_1_26' title='bbox 1832 513 1864 549; x_wconf 87' lang='lat' dir='ltr'>a</span> <span class='ocrx_word' id='word_1_27' title='bbox 1889 490 2118 551; x_wconf 88' lang='lat' dir='ltr'>Christo</span> <span class='ocrx_word' id='word_1_28' title='bbox 2138 492 2212 552; x_wconf 91' lang='lat' dir='ltr'>de</span> 
     </span>
     <span class='ocr_line' id='line_1_5' title="bbox 109 583 2214 670; baseline 0 -22"><span class='ocrx_word' id='word_1_29' title='bbox 109 590 399 669; x_wconf 79' lang='lat' dir='ltr'>Sanguine</span> <span class='ocrx_word' id='word_1_30' title='bbox 435 588 498 645; x_wconf 91' lang='lat' dir='ltr'>in</span> <span class='ocrx_word' id='word_1_31' title='bbox 545 608 709 647; x_wconf 90' lang='lat' dir='ltr'>coena</span> <span class='ocrx_word' id='word_1_32' title='bbox 751 586 1037 670; x_wconf 90' lang='lat' dir='ltr'>Apostolis</span> <span class='ocrx_word' id='word_1_33' title='bbox 1063 585 1136 645; x_wconf 90' lang='lat' dir='ltr'>ad</span> <span class='ocrx_word' id='word_1_34' title='bbox 1177 584 1502 644; x_wconf 90' lang='lat' dir='ltr'>bibendum</span> <span class='ocrx_word' id='word_1_35' title='bbox 1540 583 1677 643; x_wconf 88' lang='lat' dir='ltr'>dato</span> <span class='ocrx_word' id='word_1_36' title='bbox 1712 584 1836 663; x_wconf 83' lang='lat' dir='ltr'>(l);</span> <span class='ocrx_word' id='word_1_37' title='bbox 1880 585 1979 644; x_wconf 90' lang='lat' dir='ltr'>alii</span> <span class='ocrx_word' id='word_1_38' title='bbox 2017 608 2155 648; x_wconf 86' lang='lat' dir='ltr'>vero</span> <span class='ocrx_word' id='word_1_39' title='bbox 2197 632 2214 663; x_wconf 64' lang='lat' dir='ltr'>a</span> 
     </span>
     <span class='ocr_line' id='line_1_6' title="bbox 108 680 2214 762; baseline 0 -22"><span class='ocrx_word' id='word_1_40' title='bbox 108 685 276 762; x_wconf 83' lang='lat' dir='ltr'>juxta</span> <span class='ocrx_word' id='word_1_41' title='bbox 313 683 625 742; x_wconf 91' lang='lat' dir='ltr'>lectionem</span> <span class='ocrx_word' id='word_1_42' title='bbox 650 682 1070 762; x_wconf 43' lang='lat' dir='ltr'>Vulgatae‚2qm&#39;</span> <span class='ocrx_word' id='word_1_43' title='bbox 1099 681 1469 760; x_wconf 77' lang='lat' dir='ltr'>effundetur,</span> <span class='ocrx_word' id='word_1_44' title='bbox 1497 680 1558 738; x_wconf 90' lang='lat' dir='ltr'>in</span> <span class='ocrx_word' id='word_1_45' title='bbox 1587 691 1851 760; x_wconf 89' lang='lat' dir='ltr'>tempore</span> <span class='ocrx_word' id='word_1_46' title='bbox 1879 681 2073 741; x_wconf 89' lang='lat' dir='ltr'>futuro</span> <span class='ocrx_word' id='word_1_47' title='bbox 2095 727 2111 756; x_wconf 73' lang='lat'><strong>‚</strong></span> <span class='ocrx_word' id='word_1_48' title='bbox 2152 680 2214 740; x_wconf 89' lang='lat' dir='ltr'>id</span> 
     </span>
     <span class='ocr_line' id='line_1_7' title="bbox 108 773 2213 859; baseline 0 -23"><span class='ocrx_word' id='word_1_49' title='bbox 108 778 370 837; x_wconf 88' lang='lat' dir='ltr'>referunt</span> <span class='ocrx_word' id='word_1_50' title='bbox 404 776 478 835; x_wconf 91' lang='lat' dir='ltr'>ad</span> <span class='ocrx_word' id='word_1_51' title='bbox 507 777 847 855; x_wconf 87' lang='lat' dir='ltr'>sanguinem</span> <span class='ocrx_word' id='word_1_52' title='bbox 874 798 1008 835; x_wconf 81' lang='lat' dir='ltr'>mox</span> <span class='ocrx_word' id='word_1_53' title='bbox 1030 776 1091 834; x_wconf 92' lang='lat' dir='ltr'>in</span> <span class='ocrx_word' id='word_1_54' title='bbox 1119 795 1286 834; x_wconf 89' lang='lat' dir='ltr'>cruce</span> <span class='ocrx_word' id='word_1_55' title='bbox 1317 773 1739 841; x_wconf 87' lang='lat' dir='ltr'>effundendum</span> <span class='ocrx_word' id='word_1_56' title='bbox 1763 819 1779 847; x_wconf 73' lang='grc'><em>,</em></span> <span class='ocrx_word' id='word_1_57' title='bbox 1810 795 1874 833; x_wconf 91' lang='lat' dir='ltr'>ac</span> <span class='ocrx_word' id='word_1_58' title='bbox 1903 787 2213 859; x_wconf 88' lang='lat' dir='ltr'>propterea</span> 
     </span>
     <span class='ocr_line' id='line_1_8' title="bbox 109 871 2215 953; baseline 0 -23"><span class='ocrx_word' id='word_1_59' title='bbox 109 872 184 930; x_wconf 91' lang='lat' dir='ltr'>ad</span> <span class='ocrx_word' id='word_1_60' title='bbox 220 871 433 931; x_wconf 81' lang='lat' dir='ltr'>Christi</span> <span class='ocrx_word' id='word_1_61' title='bbox 470 883 760 947; x_wconf 72' lang='lat' dir='ltr'>mortem,</span> <span class='ocrx_word' id='word_1_62' title='bbox 818 894 930 953; x_wconf 90' lang='lat' dir='ltr'>qua</span> <span class='ocrx_word' id='word_1_63' title='bbox 979 873 1208 936; x_wconf 86' lang='lat' dir='ltr'>Novum</span> <span class='ocrx_word' id='word_1_64' title='bbox 1258 871 1695 929; x_wconf 84' lang='lat' dir='ltr'><strong>Testamentum</strong></span> <span class='ocrx_word' id='word_1_65' title='bbox 1743 871 2215 931; x_wconf 88' lang='lat' dir='ltr'>confirmandum</span> 
     </span>
     <span class='ocr_line' id='line_1_9' title="bbox 110 962 2216 1053; baseline 0 -27"><span class='ocrx_word' id='word_1_66' title='bbox 110 977 234 1026; x_wconf 86' lang='lat' dir='ltr'>erat</span> <span class='ocrx_word' id='word_1_67' title='bbox 262 966 388 1044; x_wconf 76' lang='lat'>(2);</span> <span class='ocrx_word' id='word_1_68' title='bbox 427 964 523 1025; x_wconf 84' lang='lat' dir='ltr'>alii</span> <span class='ocrx_word' id='word_1_69' title='bbox 551 966 803 1048; x_wconf 88' lang='lat' dir='ltr'>denique</span> <span class='ocrx_word' id='word_1_70' title='bbox 836 977 1084 1046; x_wconf 86' lang='lat' dir='ltr'>utroque</span> <span class='ocrx_word' id='word_1_71' title='bbox 1116 962 1291 1023; x_wconf 88' lang='lat' dir='ltr'>modo</span> <span class='ocrx_word' id='word_1_72' title='bbox 1316 965 1669 1043; x_wconf 82' lang='lat' dir='ltr'>Sanguinem</span> <span class='ocrx_word' id='word_1_73' title='bbox 1698 962 1930 1053; x_wconf 86' lang='lat' dir='ltr'>dictum</span> <span class='ocrx_word' id='word_1_74' title='bbox 1953 986 2078 1025; x_wconf 92' lang='lat' dir='ltr'>esse</span> <span class='ocrx_word' id='word_1_75' title='bbox 2114 989 2216 1026; x_wconf 93' lang='lat' dir='ltr'>no-</span> 
     </span>
     <span class='ocr_line' id='line_1_10' title="bbox 106 1061 2215 1137; baseline 0.001 -15"><span class='ocrx_word' id='word_1_76' title='bbox 106 1084 249 1122; x_wconf 86' lang='lat' dir='ltr'>vum</span> <span class='ocrx_word' id='word_1_77' title='bbox 287 1074 710 1122; x_wconf 89' lang='lat' dir='ltr'>testamentum</span> <span class='ocrx_word' id='word_1_78' title='bbox 746 1062 1080 1124; x_wconf 82' lang='lat' dir='ltr'>existimant</span> <span class='ocrx_word' id='word_1_79' title='bbox 1099 1107 1115 1137; x_wconf 74' lang='grc'><em>,</em></span> <span class='ocrx_word' id='word_1_80' title='bbox 1165 1061 1302 1122; x_wconf 77' lang='lat' dir='ltr'>licet</span> <span class='ocrx_word' id='word_1_81' title='bbox 1343 1062 1572 1124; x_wconf 84' lang='lat' dir='ltr'>diversa</span> <span class='ocrx_word' id='word_1_82' title='bbox 1624 1064 1884 1137; x_wconf 74' lang='lat' dir='ltr'>rationet,</span> <span class='ocrx_word' id='word_1_83' title='bbox 1934 1063 1998 1121; x_wconf 91' lang='lat' dir='ltr'>in</span> <span class='ocrx_word' id='word_1_84' title='bbox 2047 1084 2215 1124; x_wconf 88' lang='lat' dir='ltr'>coena</span> 
     </span>
     <span class='ocr_line' id='line_1_11' title="bbox 108 1155 2217 1240; baseline 0.001 -26"><span class='ocrx_word' id='word_1_85' title='bbox 108 1155 346 1237; x_wconf 88' lang='lat' dir='ltr'>quidem</span> <span class='ocrx_word' id='word_1_86' title='bbox 383 1169 669 1239; x_wconf 89' lang='lat' dir='ltr'>quatenus</span> <span class='ocrx_word' id='word_1_87' title='bbox 716 1157 954 1237; x_wconf 83' lang='lat' dir='ltr'>mystica</span> <span class='ocrx_word' id='word_1_88' title='bbox 997 1157 1359 1237; x_wconf 85' lang='lat' dir='ltr'>separatione</span> <span class='ocrx_word' id='word_1_89' title='bbox 1405 1179 1438 1216; x_wconf 89' lang='lat' dir='ltr'>a</span> <span class='ocrx_word' id='word_1_90' title='bbox 1465 1179 1714 1240; x_wconf 78' lang='lat' dir='ltr'>,corpore</span> <span class='ocrx_word' id='word_1_91' title='bbox 1768 1159 2217 1240; x_wconf 85' lang='lat' dir='ltr'>repraesentavit</span> 
     </span>
     <span class='ocr_line' id='line_1_12' title="bbox 108 1250 2215 1335; baseline 0.002 -25"><span class='ocrx_word' id='word_1_92' title='bbox 108 1250 450 1310; x_wconf 89' lang='lat' dir='ltr'>effusionem</span> <span class='ocrx_word' id='word_1_93' title='bbox 477 1252 539 1310; x_wconf 93' lang='lat' dir='ltr'>in</span> <span class='ocrx_word' id='word_1_94' title='bbox 574 1272 739 1311; x_wconf 88' lang='lat' dir='ltr'>cruce</span> <span class='ocrx_word' id='word_1_95' title='bbox 775 1250 1199 1333; x_wconf 83' lang='lat' dir='ltr'>peragendam,</span> <span class='ocrx_word' id='word_1_96' title='bbox 1228 1253 1291 1310; x_wconf 91' lang='lat' dir='ltr'>in</span> <span class='ocrx_word' id='word_1_97' title='bbox 1317 1273 1484 1312; x_wconf 89' lang='lat' dir='ltr'>cruce</span> <span class='ocrx_word' id='word_1_98' title='bbox 1515 1265 1710 1314; x_wconf 89' lang='lat' dir='ltr'>autem</span> <span class='ocrx_word' id='word_1_99' title='bbox 1741 1274 1848 1335; x_wconf 87' lang='lat' dir='ltr'>per</span> <span class='ocrx_word' id='word_1_100' title='bbox 1874 1252 2095 1313; x_wconf 88' lang='lat' dir='ltr'>realem</span> <span class='ocrx_word' id='word_1_101' title='bbox 2122 1275 2215 1314; x_wconf 90' lang='lat' dir='ltr'>se-</span> 
     </span>
     <span class='ocr_line' id='line_1_13' title="bbox 108 1346 2219 1427; baseline 0.001 -23"><span class='ocrx_word' id='word_1_102' title='bbox 108 1347 475 1426; x_wconf 79' lang='lat' dir='ltr'>parationem</span> <span class='ocrx_word' id='word_1_103' title='bbox 527 1367 590 1405; x_wconf 94' lang='lat' dir='ltr'>ac</span> <span class='ocrx_word' id='word_1_104' title='bbox 626 1357 877 1405; x_wconf 92' lang='lat' dir='ltr'>mortem</span> <span class='ocrx_word' id='word_1_105' title='bbox 915 1346 1103 1427; x_wconf 88' lang='lat' dir='ltr'>ipsam</span> <span class='ocrx_word' id='word_1_106' title='bbox 1148 1346 1365 1425; x_wconf 84' lang='lat' dir='ltr'>(3).1n</span> <span class='ocrx_word' id='word_1_107' title='bbox 1405 1347 1609 1427; x_wconf 86' lang='lat' dir='ltr'>quavis</span> <span class='ocrx_word' id='word_1_108' title='bbox 1658 1347 1951 1407; x_wconf 89' lang='lat' dir='ltr'>sententia</span> <span class='ocrx_word' id='word_1_109' title='bbox 2002 1348 2219 1407; x_wconf 89' lang='lat' dir='ltr'>corruit</span> 
     </span>
     <span class='ocr_line' id='line_1_14' title="bbox 109 1439 2217 1520; baseline 0.002 -22"><span class='ocrx_word' id='word_1_110' title='bbox 109 1439 337 1501; x_wconf 89' lang='lat' dir='ltr'>Calvini</span> <span class='ocrx_word' id='word_1_111' title='bbox 367 1440 675 1500; x_wconf 88' lang='lat' dir='ltr'>difficultas</span> <span class='ocrx_word' id='word_1_112' title='bbox 697 1487 713 1516; x_wconf 80' lang='lat'>.,</span> <span class='ocrx_word' id='word_1_113' title='bbox 750 1462 883 1500; x_wconf 89' lang='lat' dir='ltr'>cum</span> <span class='ocrx_word' id='word_1_114' title='bbox 919 1440 1080 1500; x_wconf 91' lang='lat' dir='ltr'>enim</span> <span class='ocrx_word' id='word_1_115' title='bbox 1114 1440 1177 1498; x_wconf 90' lang='lat' dir='ltr'>in</span> <span class='ocrx_word' id='word_1_116' title='bbox 1213 1440 1385 1500; x_wconf 90' lang='lat' dir='ltr'>Missa</span> <span class='ocrx_word' id='word_1_117' title='bbox 1408 1441 1650 1520; x_wconf 88' lang='lat' dir='ltr'>Sanguis</span> <span class='ocrx_word' id='word_1_118' title='bbox 1680 1442 1756 1500; x_wconf 90' lang='lat' dir='ltr'>sit</span> <span class='ocrx_word' id='word_1_119' title='bbox 1783 1463 2008 1503; x_wconf 88' lang='lat' dir='ltr'>novum</span> <span class='ocrx_word' id='word_1_120' title='bbox 2035 1452 2217 1502; x_wconf 83' lang='lat' dir='ltr'>testa-</span> 
     </span>
     <span class='ocr_line' id='line_1_15' title="bbox 109 1535 2220 1610; baseline 0.002 -18"><span class='ocrx_word' id='word_1_121' title='bbox 109 1545 376 1593; x_wconf 87' lang='lat' dir='ltr'>mentum</span> <span class='ocrx_word' id='word_1_122' title='bbox 393 1535 596 1595; x_wconf 90' lang='lat' dir='ltr'>eadem</span> <span class='ocrx_word' id='word_1_123' title='bbox 614 1536 840 1595; x_wconf 90' lang='lat' dir='ltr'>ratione</span> <span class='ocrx_word' id='word_1_124' title='bbox 859 1555 925 1593; x_wconf 89' lang='lat' dir='ltr'>ac</span> <span class='ocrx_word' id='word_1_125' title='bbox 942 1535 1191 1593; x_wconf 86' lang='lat' dir='ltr'>fueritin</span> <span class='ocrx_word' id='word_1_126' title='bbox 1215 1555 1403 1610; x_wconf 72' lang='lat' dir='ltr'>coena,</span> <span class='ocrx_word' id='word_1_127' title='bbox 1430 1536 1478 1593; x_wconf 95' lang='lat' dir='ltr'>si</span> <span class='ocrx_word' id='word_1_128' title='bbox 1502 1535 1765 1595; x_wconf 88' lang='lat' dir='ltr'>Christus</span> <span class='ocrx_word' id='word_1_129' title='bbox 1788 1537 1852 1595; x_wconf 93' lang='lat' dir='ltr'>in</span> <span class='ocrx_word' id='word_1_130' title='bbox 1880 1558 2046 1596; x_wconf 89' lang='lat' dir='ltr'>coena</span> <span class='ocrx_word' id='word_1_131' title='bbox 2067 1537 2220 1597; x_wconf 90' lang='lat' dir='ltr'>mori</span> 
     </span>
     <span class='ocr_line' id='line_1_16' title="bbox 109 1628 2218 1711; baseline 0.002 -26"><span class='ocrx_word' id='word_1_132' title='bbox 109 1650 230 1687; x_wconf 91' lang='lat' dir='ltr'>non</span> <span class='ocrx_word' id='word_1_133' title='bbox 264 1628 464 1688; x_wconf 89' lang='lat' dir='ltr'>debuit</span> <span class='ocrx_word' id='word_1_134' title='bbox 491 1629 566 1688; x_wconf 89' lang='lat' dir='ltr'>ad</span> <span class='ocrx_word' id='word_1_135' title='bbox 589 1640 1005 1689; x_wconf 84' lang='lat' dir='ltr'>testamentum</span> <span class='ocrx_word' id='word_1_136' title='bbox 1033 1629 1501 1687; x_wconf 90' lang='lat' dir='ltr'>confirmandum</span> <span class='ocrx_word' id='word_1_137' title='bbox 1520 1674 1535 1704; x_wconf 72' lang='lat'>,</span> <span class='ocrx_word' id='word_1_138' title='bbox 1564 1650 1754 1711; x_wconf 89' lang='lat' dir='ltr'>neque</span> <span class='ocrx_word' id='word_1_139' title='bbox 1779 1632 1927 1688; x_wconf 91' lang='lat' dir='ltr'>mori</span> <span class='ocrx_word' id='word_1_140' title='bbox 1956 1630 2132 1691; x_wconf 90' lang='lat' dir='ltr'>debet</span> <span class='ocrx_word' id='word_1_141' title='bbox 2155 1632 2218 1689; x_wconf 93' lang='lat' dir='ltr'>in</span> 
     </span>
     <span class='ocr_line' id='line_1_17' title="bbox 110 1722 2217 1804; baseline 0.002 -24"><span class='ocrx_word' id='word_1_142' title='bbox 110 1722 314 1797; x_wconf 81' lang='lat' dir='ltr'>Missa3</span> <span class='ocrx_word' id='word_1_143' title='bbox 355 1735 415 1782; x_wconf 92' lang='lat' dir='ltr'>et</span> <span class='ocrx_word' id='word_1_144' title='bbox 450 1723 945 1804; x_wconf 90' lang='lat' dir='ltr'>quemadmodum</span> <span class='ocrx_word' id='word_1_145' title='bbox 975 1723 1038 1780; x_wconf 90' lang='lat' dir='ltr'>in</span> <span class='ocrx_word' id='word_1_146' title='bbox 1076 1743 1241 1782; x_wconf 89' lang='lat' dir='ltr'>coena</span> <span class='ocrx_word' id='word_1_147' title='bbox 1267 1734 1324 1781; x_wconf 90' lang='lat' dir='ltr'>et</span> <span class='ocrx_word' id='word_1_148' title='bbox 1355 1723 1418 1782; x_wconf 92' lang='lat' dir='ltr'>in</span> <span class='ocrx_word' id='word_1_149' title='bbox 1452 1744 1619 1784; x_wconf 90' lang='lat' dir='ltr'>cruce</span> <span class='ocrx_word' id='word_1_150' title='bbox 1660 1746 1784 1783; x_wconf 89' lang='lat' dir='ltr'>non</span> <span class='ocrx_word' id='word_1_151' title='bbox 1822 1725 2063 1784; x_wconf 88' lang='lat' dir='ltr'>fuerunt</span> <span class='ocrx_word' id='word_1_152' title='bbox 2099 1726 2217 1784; x_wconf 91' lang='lat' dir='ltr'>duo</span> 
     </span>
     <span class='ocr_line' id='line_1_18' title="bbox 109 1816 2219 1900; baseline 0.003 -26"><span class='ocrx_word' id='word_1_153' title='bbox 109 1828 458 1877; x_wconf 84' lang='lat' dir='ltr'>testamenta</span> <span class='ocrx_word' id='word_1_154' title='bbox 473 1862 490 1894; x_wconf 86' lang='lat'>,</span> <span class='ocrx_word' id='word_1_155' title='bbox 518 1818 621 1877; x_wconf 90' lang='lat' dir='ltr'>sed</span> <span class='ocrx_word' id='word_1_156' title='bbox 643 1839 827 1877; x_wconf 86' lang='lat' dir='ltr'>unum</span> <span class='ocrx_word' id='word_1_157' title='bbox 850 1816 1122 1900; x_wconf 90' lang='lat' dir='ltr'>idemque</span> <span class='ocrx_word' id='word_1_158' title='bbox 1136 1862 1153 1895; x_wconf 85' lang='lat'>‚</span> <span class='ocrx_word' id='word_1_159' title='bbox 1179 1817 1258 1877; x_wconf 92' lang='lat' dir='ltr'>ita</span> <span class='ocrx_word' id='word_1_160' title='bbox 1276 1840 1398 1877; x_wconf 90' lang='lat' dir='ltr'>non</span> <span class='ocrx_word' id='word_1_161' title='bbox 1417 1830 1556 1878; x_wconf 91' lang='lat' dir='ltr'>sunt</span> <span class='ocrx_word' id='word_1_162' title='bbox 1577 1819 1827 1880; x_wconf 85' lang='lat' dir='ltr'>totidem</span> <span class='ocrx_word' id='word_1_163' title='bbox 1846 1831 2219 1898; x_wconf 84' lang='lat' dir='ltr'>testamenta,</span> 
     </span>
     <span class='ocr_line' id='line_1_19' title="bbox 107 1911 883 1994; baseline 0.001 -24"><span class='ocrx_word' id='word_1_164' title='bbox 107 1923 251 1994; x_wconf 90' lang='lat' dir='ltr'>quot</span> <span class='ocrx_word' id='word_1_165' title='bbox 275 1913 458 1971; x_wconf 80' lang='lat' dir='ltr'>Missae</span> <span class='ocrx_word' id='word_1_166' title='bbox 497 1911 883 1972; x_wconf 89' lang='lat' dir='ltr'>celebrantur.</span> 
     </span>
    </p>

    <p class='ocr_par' dir='ltr' id='par_1_4' title="bbox 109 2007 2218 2371">
     <span class='ocr_line' id='line_1_20' title="bbox 186 2007 2216 2093; baseline 0.003 -29"><span class='ocrx_word' id='word_1_167' title='bbox 186 2007 326 2066; x_wconf 82' lang='lat'><strong>265.</strong></span> <span class='ocrx_word' id='word_1_168' title='bbox 370 2007 461 2066; x_wconf 86' lang='lat' dir='ltr'>Ad</span> <span class='ocrx_word' id='word_1_169' title='bbox 504 2007 626 2086; x_wconf 66' lang='lat'><strong>2¹1¹,</strong></span> <span class='ocrx_word' id='word_1_170' title='bbox 672 2011 832 2067; x_wconf 66' lang='lat' dir='ltr'>Dist.</span> <span class='ocrx_word' id='word_1_171' title='bbox 879 2010 1011 2067; x_wconf 89' lang='lat' dir='ltr'>Non</span> <span class='ocrx_word' id='word_1_172' title='bbox 1049 2020 1136 2067; x_wconf 91' lang='lat' dir='ltr'>est</span> <span class='ocrx_word' id='word_1_173' title='bbox 1174 2007 1525 2068; x_wconf 87' lang='lat' dir='ltr'>Sacrificium</span> <span class='ocrx_word' id='word_1_174' title='bbox 1577 2009 1945 2087; x_wconf 72' lang='lat' dir='ltr'>absolutum,</span> <span class='ocrx_word' id='word_1_175' title='bbox 1999 2011 2063 2069; x_wconf 91' lang='lat' dir='ltr'>in</span> <span class='ocrx_word' id='word_1_176' title='bbox 2100 2033 2216 2093; x_wconf 90' lang='lat' dir='ltr'>quo</span> 
     </span>
     <span class='ocr_line' id='line_1_21' title="bbox 109 2100 2217 2181; baseline 0.003 -22"><span class='ocrx_word' id='word_1_177' title='bbox 109 2100 230 2159; x_wconf 86' lang='lat' dir='ltr'>solo</span> <span class='ocrx_word' id='word_1_178' title='bbox 260 2103 576 2161; x_wconf 89' lang='lat' dir='ltr'>necessaria</span> <span class='ocrx_word' id='word_1_179' title='bbox 604 2113 693 2161; x_wconf 89' lang='lat' dir='ltr'>est</span> <span class='ocrx_word' id='word_1_180' title='bbox 726 2103 974 2164; x_wconf 70' lang='lat' dir='ltr'>victimae</span> <span class='ocrx_word' id='word_1_181' title='bbox 1004 2104 1206 2162; x_wconf 87' lang='lat' dir='ltr'>occisio</span> <span class='ocrx_word' id='word_1_182' title='bbox 1238 2114 1341 2162; x_wconf 90' lang='lat' dir='ltr'>aut</span> <span class='ocrx_word' id='word_1_183' title='bbox 1375 2105 1652 2181; x_wconf 83' lang='lat' dir='ltr'>mutatiO,</span> <span class='ocrx_word' id='word_1_184' title='bbox 1688 2116 1878 2164; x_wconf 76' lang='lat' dir='ltr'>trans·</span> <span class='ocrx_word' id='word_1_185' title='bbox 1911 2105 2007 2168; x_wconf 90' lang='lat' dir='ltr'>vel</span> <span class='ocrx_word' id='word_1_186' title='bbox 2032 2128 2217 2173; x_wconf 70' lang='lat' dir='ltr'>conc„-</span> 
     </span>
     <span class='ocr_line' id='line_1_22' title="bbox 112 2196 2218 2282; baseline 0.004 -30"><span class='ocrx_word' id='word_1_187' title='bbox 112 2215 234 2252; x_wconf 91' lang='lat' dir='ltr'>non</span> <span class='ocrx_word' id='word_1_188' title='bbox 269 2206 357 2253; x_wconf 91' lang='lat' dir='ltr'>est</span> <span class='ocrx_word' id='word_1_189' title='bbox 390 2196 743 2254; x_wconf 90' lang='lat' dir='ltr'>Sacrificium</span> <span class='ocrx_word' id='word_1_190' title='bbox 766 2199 1346 2259; x_wconf 89' lang='lat' dir='ltr'>commemorativum</span> <span class='ocrx_word' id='word_1_191' title='bbox 1373 2220 1474 2258; x_wconf 91' lang='lat' dir='ltr'>seu</span> <span class='ocrx_word' id='word_1_192' title='bbox 1503 2198 1813 2262; x_wconf 85' lang='lat' dir='ltr'>relativum</span> <span class='ocrx_word' id='word_1_193' title='bbox 1835 2245 1851 2275; x_wconf 89' lang='lat'>,</span> <span class='ocrx_word' id='word_1_194' title='bbox 1883 2223 2012 2282; x_wconf 72' lang='lat' dir='ltr'>neq.</span> <span class='ocrx_word' id='word_1_195' title='bbox 2044 2204 2218 2261; x_wconf 89' lang='lat' dir='ltr'>Reco-</span> 
     </span>
     <span class='ocr_line' id='line_1_23' title="bbox 110 2287 820 2371; baseline 0.006 -25"><span class='ocrx_word' id='word_1_196' title='bbox 110 2287 308 2347; x_wconf 90' lang='lat' dir='ltr'>lantur</span> <span class='ocrx_word' id='word_1_197' title='bbox 346 2291 607 2371; x_wconf 88' lang='lat' dir='ltr'>superius</span> <span class='ocrx_word' id='word_1_198' title='bbox 649 2289 820 2350; x_wconf 90' lang='lat' dir='ltr'>dicta.</span> 
     </span>
    </p>
   </div>
   <div class='ocr_carea' id='block_1_4' title="bbox 188 2384 2217 2473">
    <p class='ocr_par' dir='ltr' id='par_1_5' title="bbox 188 2384 2217 2473">
     <span class='ocr_line' id='line_1_24' title="bbox 188 2384 2217 2473; baseline 0.005 -32"><span class='ocrx_word' id='word_1_199' title='bbox 188 2384 326 2442; x_wconf 79' lang='lat'>266.</span> <span class='ocrx_word' id='word_1_200' title='bbox 372 2384 460 2443; x_wconf 91' lang='lat' dir='ltr'>Ad</span> <span class='ocrx_word' id='word_1_201' title='bbox 500 2385 614 2461; x_wconf 82' lang='lat'><strong>3¹11,</strong></span> <span class='ocrx_word' id='word_1_202' title='bbox 670 2387 819 2466; x_wconf 73' lang='lat' dir='ltr'>Ney.</span> <span class='ocrx_word' id='word_1_203' title='bbox 873 2388 1023 2446; x_wconf 88' lang='lat' dir='ltr'>Nam</span> <span class='ocrx_word' id='word_1_204' title='bbox 1069 2409 1326 2470; x_wconf 83' lang='lat' dir='ltr'>praesens</span> <span class='ocrx_word' id='word_1_205' title='bbox 1378 2387 1542 2448; x_wconf 87' lang='lat' dir='ltr'>adest</span> <span class='ocrx_word' id='word_1_206' title='bbox 1586 2390 1822 2450; x_wconf 90' lang='lat' dir='ltr'>victima</span> <span class='ocrx_word' id='word_1_207' title='bbox 1865 2391 2029 2472; x_wconf 76' lang='lat' dir='ltr'>ipsa,</span> <span class='ocrx_word' id='word_1_208' title='bbox 2090 2411 2217 2473; x_wconf 82' lang='lat' dir='ltr'>quae</span> 
     </span>
    </p>
   </div>
   <div class='ocr_carea' id='block_1_5' title="bbox 111 2588 1119 3799">
    <p class='ocr_par' dir='ltr' id='par_1_6' title="bbox 111 2588 1111 2722">
     <span class='ocr_line' id='line_1_25' title="bbox 179 2588 1111 2658; baseline 0.006 -23"><span class='ocrx_word' id='word_1_209' title='bbox 179 2588 244 2653; x_wconf 91' lang='lat' dir='ltr'>(l)</span> <span class='ocrx_word' id='word_1_210' title='bbox 297 2589 366 2638; x_wconf 83' lang='lat' dir='ltr'>Ita</span> <span class='ocrx_word' id='word_1_211' title='bbox 417 2590 708 2639; x_wconf 88' lang='lat' dir='ltr'>Maldonatus</span> <span class='ocrx_word' id='word_1_212' title='bbox 765 2595 815 2640; x_wconf 91' lang='lat' dir='ltr'>in</span> <span class='ocrx_word' id='word_1_213' title='bbox 866 2610 970 2658; x_wconf 89' lang='lat' dir='ltr'>cap.</span> <span class='ocrx_word' id='word_1_214' title='bbox 1029 2590 1111 2642; x_wconf 82' lang='lat'>26.</span> 
     </span>
     <span class='ocr_line' id='line_1_26' title="bbox 111 2669 478 2722; baseline 0.008 -5"><span class='ocrx_word' id='word_1_215' title='bbox 111 2669 279 2719; x_wconf 81' lang='lat' dir='ltr'>Matth.</span> <span class='ocrx_word' id='word_1_216' title='bbox 311 2690 359 2722; x_wconf 84' lang='lat' dir='ltr'>v..</span> <span class='ocrx_word' id='word_1_217' title='bbox 394 2669 478 2720; x_wconf 83' lang='lat'>28.</span> 
     </span>
    </p>

    <p class='ocr_par' dir='ltr' id='par_1_7' title="bbox 118 2751 1110 2899">
     <span class='ocr_line' id='line_1_27' title="bbox 182 2751 1110 2823; baseline 0.008 -25"><span class='ocrx_word' id='word_1_218' title='bbox 182 2751 243 2814; x_wconf 74' lang='lat'>(2)</span> <span class='ocrx_word' id='word_1_219' title='bbox 283 2751 357 2801; x_wconf 91' lang='lat' dir='ltr'>Sic</span> <span class='ocrx_word' id='word_1_220' title='bbox 398 2753 606 2820; x_wconf 87' lang='lat' dir='ltr'>Vasquez</span> <span class='ocrx_word' id='word_1_221' title='bbox 639 2751 707 2802; x_wconf 83' lang='lat' dir='ltr'>In</span> <span class='ocrx_word' id='word_1_222' title='bbox 741 2772 792 2803; x_wconf 83' lang='lat'>111</span> <span class='ocrx_word' id='word_1_223' title='bbox 823 2765 958 2822; x_wconf 80' lang='lat' dir='ltr'>part.</span> <span class='ocrx_word' id='word_1_224' title='bbox 988 2757 1110 2823; x_wconf 76' lang='lat' dir='ltr'>disp.</span> 
     </span>
     <span class='ocr_line' id='line_1_28' title="bbox 118 2833 494 2899; baseline 0.013 -21"><span class='ocrx_word' id='word_1_225' title='bbox 118 2848 284 2893; x_wconf 75' lang='lat' dir='ltr'>cxxn,</span> <span class='ocrx_word' id='word_1_226' title='bbox 310 2849 408 2899; x_wconf 85' lang='lat' dir='ltr'>cap.</span> <span class='ocrx_word' id='word_1_227' title='bbox 446 2833 494 2898; x_wconf 77' lang='grc'>4.</span> 
     </span>
    </p>

    <p class='ocr_par' dir='ltr' id='par_1_8' title="bbox 115 2913 1119 3799">
     <span class='ocr_line' id='line_1_29' title="bbox 186 2913 1112 2984; baseline 0.008 -22"><span class='ocrx_word' id='word_1_228' title='bbox 186 2913 255 2976; x_wconf 87' lang='grc'>(3)</span> <span class='ocrx_word' id='word_1_229' title='bbox 290 2915 494 2965; x_wconf 86' lang='lat' dir='ltr'>Maldon.</span> <span class='ocrx_word' id='word_1_230' title='bbox 556 2918 648 2967; x_wconf 87' lang='lat' dir='ltr'>loc.</span> <span class='ocrx_word' id='word_1_231' title='bbox 703 2921 780 2968; x_wconf 86' lang='lat' dir='ltr'>cit.</span> <span class='ocrx_word' id='word_1_232' title='bbox 824 2921 1064 2970; x_wconf 82' lang='lat' dir='ltr'>contendit</span> <span class='ocrx_word' id='word_1_233' title='bbox 1097 2956 1112 2984; x_wconf 89' lang='lat'>,</span> 
     </span>
     <span class='ocr_line' id='line_1_30' title="bbox 116 2993 1115 3062; baseline 0.011 -21"><span class='ocrx_word' id='word_1_234' title='bbox 116 2993 351 3044; x_wconf 85' lang='lat' dir='ltr'>Christum</span> <span class='ocrx_word' id='word_1_235' title='bbox 375 2999 521 3062; x_wconf 87' lang='lat' dir='ltr'>reipsa</span> <span class='ocrx_word' id='word_1_236' title='bbox 542 3000 592 3046; x_wconf 90' lang='lat' dir='ltr'>in</span> <span class='ocrx_word' id='word_1_237' title='bbox 613 2997 753 3048; x_wconf 87' lang='lat' dir='ltr'>Coena</span> <span class='ocrx_word' id='word_1_238' title='bbox 782 3019 955 3051; x_wconf 87' lang='lat' dir='ltr'>novum</span> <span class='ocrx_word' id='word_1_239' title='bbox 980 3013 1115 3052; x_wconf 85' lang='lat' dir='ltr'>testa-</span> 
     </span>
     <span class='ocr_line' id='line_1_31' title="bbox 115 3080 1115 3151; baseline 0.01 -27"><span class='ocrx_word' id='word_1_240' title='bbox 115 3087 323 3126; x_wconf 88' lang='lat' dir='ltr'>mentum</span> <span class='ocrx_word' id='word_1_241' title='bbox 366 3095 446 3127; x_wconf 89' lang='lat' dir='ltr'>seu</span> <span class='ocrx_word' id='word_1_242' title='bbox 483 3080 629 3129; x_wconf 84' lang='lat' dir='ltr'>foedus</span> <span class='ocrx_word' id='word_1_243' title='bbox 663 3082 866 3142; x_wconf 84' lang='lat' dir='ltr'>feriisse‚</span> <span class='ocrx_word' id='word_1_244' title='bbox 906 3084 1115 3151; x_wconf 89' lang='lat' dir='ltr'>illudque</span> 
     </span>
     <span class='ocr_line' id='line_1_32' title="bbox 118 3158 1106 3228; baseline 0.01 -23"><span class='ocrx_word' id='word_1_245' title='bbox 118 3162 317 3207; x_wconf 82' lang='lat' dir='ltr'>sanxisse</span> <span class='ocrx_word' id='word_1_246' title='bbox 354 3158 585 3225; x_wconf 84' lang='lat' dir='ltr'>Sanguine</span> <span class='ocrx_word' id='word_1_247' title='bbox 614 3198 627 3221; x_wconf 90' lang='lat'>‚</span> <span class='ocrx_word' id='word_1_248' title='bbox 679 3181 818 3228; x_wconf 88' lang='lat' dir='ltr'>quem</span> <span class='ocrx_word' id='word_1_249' title='bbox 848 3164 1106 3215; x_wconf 88' lang='lat' dir='ltr'>bibendum</span> 
     </span>
     <span class='ocr_line' id='line_1_33' title="bbox 116 3239 1117 3311; baseline 0.009 -24"><span class='ocrx_word' id='word_1_250' title='bbox 116 3240 242 3288; x_wconf 89' lang='lat' dir='ltr'>dedit</span> <span class='ocrx_word' id='word_1_251' title='bbox 263 3239 486 3305; x_wconf 82' lang='lat' dir='ltr'>Apostolis</span> <span class='ocrx_word' id='word_1_252' title='bbox 504 3276 521 3302; x_wconf 90' lang='lat'><strong><em>,</em></strong></span> <span class='ocrx_word' id='word_1_253' title='bbox 537 3239 665 3307; x_wconf 85' lang='lat' dir='ltr'>juxta</span> <span class='ocrx_word' id='word_1_254' title='bbox 686 3261 879 3304; x_wconf 89' lang='lat' dir='ltr'>morem,</span> <span class='ocrx_word' id='word_1_255' title='bbox 904 3249 983 3311; x_wconf 87' lang='lat' dir='ltr'>qui</span> <span class='ocrx_word' id='word_1_256' title='bbox 1003 3257 1117 3296; x_wconf 87' lang='lat' dir='ltr'>tunc</span> 
     </span>
     <span class='ocr_line' id='line_1_34' title="bbox 117 3322 1117 3390; baseline 0.009 -22"><span class='ocrx_word' id='word_1_257' title='bbox 117 3325 331 3385; x_wconf 86' lang='lat' dir='ltr'>temporis</span> <span class='ocrx_word' id='word_1_258' title='bbox 368 3322 491 3387; x_wconf 88' lang='lat' dir='ltr'>apud</span> <span class='ocrx_word' id='word_1_259' title='bbox 523 3340 681 3371; x_wconf 88' lang='lat' dir='ltr'>omnes</span> <span class='ocrx_word' id='word_1_260' title='bbox 719 3324 813 3373; x_wconf 85' lang='lat' dir='ltr'>fere</span> <span class='ocrx_word' id='word_1_261' title='bbox 848 3335 1003 3390; x_wconf 79' lang='lat' dir='ltr'>gentes</span> <span class='ocrx_word' id='word_1_262' title='bbox 1031 3327 1117 3376; x_wconf 87' lang='lat' dir='ltr'>ob-</span> 
     </span>
     <span class='ocr_line' id='line_1_35' title="bbox 115 3403 1119 3461; baseline 0.008 -11"><span class='ocrx_word' id='word_1_263' title='bbox 115 3403 290 3451; x_wconf 87' lang='lat' dir='ltr'>tinebat</span> <span class='ocrx_word' id='word_1_264' title='bbox 310 3440 323 3461; x_wconf 87' lang='lat'>‚</span> <span class='ocrx_word' id='word_1_265' title='bbox 350 3421 446 3451; x_wconf 89' lang='lat' dir='ltr'>non</span> <span class='ocrx_word' id='word_1_266' title='bbox 471 3414 622 3452; x_wconf 88' lang='lat' dir='ltr'>autem</span> <span class='ocrx_word' id='word_1_267' title='bbox 647 3407 698 3452; x_wconf 93' lang='lat' dir='ltr'>in</span> <span class='ocrx_word' id='word_1_268' title='bbox 726 3422 876 3455; x_wconf 82' lang='lat' dir='ltr'>cruce.</span> <span class='ocrx_word' id='word_1_269' title='bbox 899 3407 1025 3456; x_wconf 88' lang='lat' dir='ltr'>Nihil</span> <span class='ocrx_word' id='word_1_270' title='bbox 1051 3420 1119 3458; x_wconf 90' lang='lat' dir='ltr'>est</span> 
     </span>
     <span class='ocr_line' id='line_1_36' title="bbox 117 3485 1118 3549; baseline 0.007 -17"><span class='ocrx_word' id='word_1_271' title='bbox 117 3485 246 3549; x_wconf 89' lang='lat' dir='ltr'>quod</span> <span class='ocrx_word' id='word_1_272' title='bbox 271 3485 380 3532; x_wconf 86' lang='lat' dir='ltr'>huic</span> <span class='ocrx_word' id='word_1_273' title='bbox 406 3488 640 3534; x_wconf 82' lang='lat' dir='ltr'>sententiae</span> <span class='ocrx_word' id='word_1_274' title='bbox 683 3486 829 3535; x_wconf 88' lang='lat' dir='ltr'>obstet</span> <span class='ocrx_word' id='word_1_275' title='bbox 849 3523 866 3549; x_wconf 91' lang='lat'>‚</span> <span class='ocrx_word' id='word_1_276' title='bbox 891 3491 986 3537; x_wconf 89' lang='lat' dir='ltr'>imo</span> <span class='ocrx_word' id='word_1_277' title='bbox 1016 3507 1118 3539; x_wconf 89' lang='lat' dir='ltr'>om-</span> 
     </span>
     <span class='ocr_line' id='line_1_37' title="bbox 117 3566 1119 3633; baseline 0.008 -21"><span class='ocrx_word' id='word_1_278' title='bbox 117 3567 195 3613; x_wconf 85' lang='lat' dir='ltr'>nia</span> <span class='ocrx_word' id='word_1_279' title='bbox 210 3566 402 3615; x_wconf 84' lang='lat' dir='ltr'>suadent</span> <span class='ocrx_word' id='word_1_280' title='bbox 423 3603 437 3627; x_wconf 90' lang='lat'><strong>,</strong></span> <span class='ocrx_word' id='word_1_281' title='bbox 467 3566 701 3615; x_wconf 85' lang='lat' dir='ltr'>Christum</span> <span class='ocrx_word' id='word_1_282' title='bbox 724 3570 872 3633; x_wconf 85' lang='lat' dir='ltr'>reipsa</span> <span class='ocrx_word' id='word_1_283' title='bbox 902 3571 951 3618; x_wconf 91' lang='lat' dir='ltr'>in</span> <span class='ocrx_word' id='word_1_284' title='bbox 980 3569 1119 3620; x_wconf 89' lang='lat' dir='ltr'>Coena</span> 
     </span>
     <span class='ocr_line' id='line_1_38' title="bbox 120 3650 1115 3711; baseline 0.007 -18"><span class='ocrx_word' id='word_1_285' title='bbox 120 3654 437 3697; x_wconf 83' lang='lat' dir='ltr'>testamentum</span> <span class='ocrx_word' id='word_1_286' title='bbox 464 3667 600 3697; x_wconf 90' lang='lat' dir='ltr'>suum</span> <span class='ocrx_word' id='word_1_287' title='bbox 628 3650 874 3700; x_wconf 85' lang='lat' dir='ltr'>confecisse</span> <span class='ocrx_word' id='word_1_288' title='bbox 892 3687 906 3711; x_wconf 89' lang='lat'><strong>,</strong></span> <span class='ocrx_word' id='word_1_289' title='bbox 936 3662 981 3700; x_wconf 91' lang='lat' dir='ltr'>et</span> <span class='ocrx_word' id='word_1_290' title='bbox 996 3650 1115 3700; x_wconf 88' lang='lat' dir='ltr'>San-</span> 
     </span>
     <span class='ocr_line' id='line_1_39' title="bbox 122 3729 1119 3799; baseline 0.009 -26"><span class='ocrx_word' id='word_1_291' title='bbox 122 3729 284 3791; x_wconf 73' lang='lat' dir='ltr'>gaiae,</span> <span class='ocrx_word' id='word_1_292' title='bbox 322 3747 460 3796; x_wconf 89' lang='lat' dir='ltr'>quem</span> <span class='ocrx_word' id='word_1_293' title='bbox 490 3732 539 3778; x_wconf 87' lang='lat' dir='ltr'>in</span> <span class='ocrx_word' id='word_1_294' title='bbox 575 3731 738 3795; x_wconf 88' lang='lat' dir='ltr'>poculo</span> <span class='ocrx_word' id='word_1_295' title='bbox 785 3731 971 3781; x_wconf 86' lang='lat' dir='ltr'>tradidit</span> <span class='ocrx_word' id='word_1_296' title='bbox 996 3732 1119 3799; x_wconf 83' lang='lat' dir='ltr'>Apo-</span> 
     </span>
    </p>
   </div>
   <div class='ocr_carea' id='block_1_6' title="bbox 1198 2594 2219 3721">
    <p class='ocr_par' dir='ltr' id='par_1_9' title="bbox 1198 2594 2219 3721">
     <span class='ocr_line' id='line_1_40' title="bbox 1203 2594 2219 2664; baseline 0.006 -23"><span class='ocrx_word' id='word_1_297' title='bbox 1203 2594 1330 2642; x_wconf 81' lang='lat' dir='ltr'>stolis</span> <span class='ocrx_word' id='word_1_298' title='bbox 1353 2632 1365 2654; x_wconf 89' lang='lat'>‚</span> <span class='ocrx_word' id='word_1_299' title='bbox 1410 2597 1623 2644; x_wconf 84' lang='lat' dir='ltr'>sanxisse.</span> <span class='ocrx_word' id='word_1_300' title='bbox 1665 2594 1724 2644; x_wconf 83' lang='lat' dir='ltr'>At</span> <span class='ocrx_word' id='word_1_301' title='bbox 1757 2596 1875 2644; x_wconf 89' lang='lat' dir='ltr'>nihil</span> <span class='ocrx_word' id='word_1_302' title='bbox 1912 2607 2061 2658; x_wconf 85' lang='lat' dir='ltr'>vetat,</span> <span class='ocrx_word' id='word_1_303' title='bbox 2085 2597 2219 2664; x_wconf 51' lang='lat' dir='ltr'>:quo-</span> 
     </span>
     <span class='ocr_line' id='line_1_41' title="bbox 1200 2676 2219 2736; baseline 0.008 -14"><span class='ocrx_word' id='word_1_304' title='bbox 1200 2678 1356 2723; x_wconf 88' lang='lat' dir='ltr'>minus</span> <span class='ocrx_word' id='word_1_305' title='bbox 1410 2676 1592 2725; x_wconf 85' lang='lat' dir='ltr'>dicatur</span> <span class='ocrx_word' id='word_1_306' title='bbox 1624 2714 1637 2736; x_wconf 88' lang='lat'>‚</span> <span class='ocrx_word' id='word_1_307' title='bbox 1695 2677 1932 2726; x_wconf 88' lang='lat' dir='ltr'>Christum</span> <span class='ocrx_word' id='word_1_308' title='bbox 1973 2681 2024 2727; x_wconf 91' lang='lat' dir='ltr'>in</span> <span class='ocrx_word' id='word_1_309' title='bbox 2082 2696 2219 2730; x_wconf 88' lang='lat' dir='ltr'>cruce</span> 
     </span>
     <span class='ocr_line' id='line_1_42' title="bbox 1199 2757 2213 2822; baseline 0.006 -18"><span class='ocrx_word' id='word_1_310' title='bbox 1199 2774 1278 2821; x_wconf 88' lang='lat' dir='ltr'>per</span> <span class='ocrx_word' id='word_1_311' title='bbox 1292 2757 1462 2805; x_wconf 89' lang='lat' dir='ltr'>realem</span> <span class='ocrx_word' id='word_1_312' title='bbox 1485 2760 1723 2822; x_wconf 83' lang='lat' dir='ltr'>sanguinis</span> <span class='ocrx_word' id='word_1_313' title='bbox 1742 2759 2017 2808; x_wconf 85' lang='lat' dir='ltr'>effusionem</span> <span class='ocrx_word' id='word_1_314' title='bbox 2039 2771 2082 2809; x_wconf 89' lang='lat' dir='ltr'>et</span> <span class='ocrx_word' id='word_1_315' title='bbox 2098 2779 2213 2810; x_wconf 82' lang='lat' dir='ltr'>mor-</span> 
     </span>
     <span class='ocr_line' id='line_1_43' title="bbox 1199 2840 2215 2907; baseline 0.006 -21"><span class='ocrx_word' id='word_1_316' title='bbox 1199 2848 1293 2886; x_wconf 85' lang='lat' dir='ltr'>tem</span> <span class='ocrx_word' id='word_1_317' title='bbox 1327 2857 1492 2900; x_wconf 90' lang='lat' dir='ltr'>suam‚</span> <span class='ocrx_word' id='word_1_318' title='bbox 1533 2840 1592 2888; x_wconf 89' lang='lat' dir='ltr'>ad</span> <span class='ocrx_word' id='word_1_319' title='bbox 1639 2858 1780 2906; x_wconf 87' lang='lat' dir='ltr'>quam</span> <span class='ocrx_word' id='word_1_320' title='bbox 1818 2844 2008 2907; x_wconf 85' lang='lat' dir='ltr'>mystica</span> <span class='ocrx_word' id='word_1_321' title='bbox 2049 2843 2215 2892; x_wconf 82' lang='lat' dir='ltr'>effusio</span> 
     </span>
     <span class='ocr_line' id='line_1_44' title="bbox 1199 2923 2215 2989; baseline 0.007 -22"><span class='ocrx_word' id='word_1_322' title='bbox 1199 2930 1244 2968; x_wconf 89' lang='lat' dir='ltr'>et</span> <span class='ocrx_word' id='word_1_323' title='bbox 1280 2923 1436 2968; x_wconf 89' lang='lat' dir='ltr'>mortis</span> <span class='ocrx_word' id='word_1_324' title='bbox 1463 2925 1798 2986; x_wconf 83' lang='lat' dir='ltr'>repraesentatio</span> <span class='ocrx_word' id='word_1_325' title='bbox 1819 2960 1833 2983; x_wconf 94' lang='lat'><strong><em>‚</em></strong></span> <span class='ocrx_word' id='word_1_326' title='bbox 1865 2941 1966 2989; x_wconf 82' lang='lat' dir='ltr'>quae</span> <span class='ocrx_word' id='word_1_327' title='bbox 1991 2926 2042 2972; x_wconf 89' lang='lat' dir='ltr'>in</span> <span class='ocrx_word' id='word_1_328' title='bbox 2074 2924 2215 2974; x_wconf 83' lang='lat' dir='ltr'>Coena</span> 
     </span>
     <span class='ocr_line' id='line_1_45' title="bbox 1198 3002 2214 3067; baseline 0.005 -18"><span class='ocrx_word' id='word_1_329' title='bbox 1198 3002 1317 3050; x_wconf 84' lang='lat' dir='ltr'>facta</span> <span class='ocrx_word' id='word_1_330' title='bbox 1342 3013 1408 3050; x_wconf 92' lang='lat' dir='ltr'>est</span> <span class='ocrx_word' id='word_1_331' title='bbox 1427 3020 1509 3067; x_wconf 90' lang='lat' dir='ltr'>per</span> <span class='ocrx_word' id='word_1_332' title='bbox 1528 3003 1831 3052; x_wconf 85' lang='lat' dir='ltr'>Eucharistiae</span> <span class='ocrx_word' id='word_1_333' title='bbox 1850 3007 2214 3067; x_wconf 84' lang='lat' dir='ltr'>institutionem,</span> 
     </span>
     <span class='ocr_line' id='line_1_46' title="bbox 1199 3084 2217 3145; baseline 0.004 -14"><span class='ocrx_word' id='word_1_334' title='bbox 1199 3084 1423 3145; x_wconf 70' lang='lat' dir='ltr'>refertur,</span> <span class='ocrx_word' id='word_1_335' title='bbox 1474 3087 1641 3133; x_wconf 89' lang='lat' dir='ltr'>iterum</span> <span class='ocrx_word' id='word_1_336' title='bbox 1685 3095 2010 3134; x_wconf 86' lang='lat' dir='ltr'>testamentum</span> <span class='ocrx_word' id='word_1_337' title='bbox 2045 3088 2217 3135; x_wconf 87' lang='lat' dir='ltr'>confir-</span> 
     </span>
     <span class='ocr_line' id='line_1_47' title="bbox 1200 3166 2209 3231; baseline 0.004 -17"><span class='ocrx_word' id='word_1_338' title='bbox 1200 3182 1347 3215; x_wconf 88' lang='lat' dir='ltr'>masse</span> <span class='ocrx_word' id='word_1_339' title='bbox 1378 3183 1431 3215; x_wconf 87' lang='lat' dir='ltr'>ac</span> <span class='ocrx_word' id='word_1_340' title='bbox 1471 3166 1621 3231; x_wconf 85' lang='lat' dir='ltr'>sigillo</span> <span class='ocrx_word' id='word_1_341' title='bbox 1644 3204 1657 3227; x_wconf 83' lang='lat'>‚</span> <span class='ocrx_word' id='word_1_342' title='bbox 1695 3178 1747 3215; x_wconf 90' lang='lat' dir='ltr'>ut</span> <span class='ocrx_word' id='word_1_343' title='bbox 1773 3170 1838 3216; x_wconf 86' lang='lat' dir='ltr'>ita</span> <span class='ocrx_word' id='word_1_344' title='bbox 1872 3169 2050 3227; x_wconf 87' lang='lat' dir='ltr'>dicam,</span> <span class='ocrx_word' id='word_1_345' title='bbox 2084 3186 2209 3218; x_wconf 91' lang='lat' dir='ltr'>com-</span> 
     </span>
     <span class='ocr_line' id='line_1_48' title="bbox 1199 3247 2217 3315; baseline 0.003 -19"><span class='ocrx_word' id='word_1_346' title='bbox 1199 3250 1467 3297; x_wconf 84' lang='lat' dir='ltr'>munivisse.</span> <span class='ocrx_word' id='word_1_347' title='bbox 1521 3248 1705 3297; x_wconf 87' lang='lat' dir='ltr'>Etenim</span> <span class='ocrx_word' id='word_1_348' title='bbox 1765 3247 1894 3315; x_wconf 85' lang='lat' dir='ltr'>juxta</span> <span class='ocrx_word' id='word_1_349' title='bbox 1959 3251 2217 3300; x_wconf 83' lang='lat' dir='ltr'>doctrinam</span> 
     </span>
     <span class='ocr_line' id='line_1_49' title="bbox 1198 3329 2216 3394; baseline 0.007 -18"><span class='ocrx_word' id='word_1_350' title='bbox 1198 3329 1443 3394; x_wconf 84' lang='lat' dir='ltr'>Apostoli,</span> <span class='ocrx_word' id='word_1_351' title='bbox 1484 3340 1535 3378; x_wconf 88' lang='lat' dir='ltr'>ut</span> <span class='ocrx_word' id='word_1_352' title='bbox 1585 3340 1905 3380; x_wconf 85' lang='lat' dir='ltr'>testamentum</span> <span class='ocrx_word' id='word_1_353' title='bbox 1946 3332 2094 3381; x_wconf 84' lang='lat' dir='ltr'>valeat</span> <span class='ocrx_word' id='word_1_354' title='bbox 2134 3349 2216 3382; x_wconf 87' lang='lat' dir='ltr'>seu</span> 
     </span>
     <span class='ocr_line' id='line_1_50' title="bbox 1199 3410 2216 3470; baseline 0.003 -12"><span class='ocrx_word' id='word_1_355' title='bbox 1199 3410 1386 3459; x_wconf 85' lang='lat' dir='ltr'>firmum</span> <span class='ocrx_word' id='word_1_356' title='bbox 1418 3414 1475 3459; x_wconf 86' lang='lat' dir='ltr'>sit</span> <span class='ocrx_word' id='word_1_357' title='bbox 1501 3448 1515 3470; x_wconf 88' lang='lat'>.,</span> <span class='ocrx_word' id='word_1_358' title='bbox 1548 3429 1670 3459; x_wconf 86' lang='lat' dir='ltr'>mors</span> <span class='ocrx_word' id='word_1_359' title='bbox 1719 3430 1902 3461; x_wconf 87' lang='lat' dir='ltr'>necesse</span> <span class='ocrx_word' id='word_1_360' title='bbox 1929 3423 1995 3462; x_wconf 87' lang='lat' dir='ltr'>est</span> <span class='ocrx_word' id='word_1_361' title='bbox 2020 3416 2216 3461; x_wconf 82' lang='lat' dir='ltr'>interce-</span> 
     </span>
     <span class='ocr_line' id='line_1_51' title="bbox 1200 3492 2211 3558; baseline 0.001 -18"><span class='ocrx_word' id='word_1_362' title='bbox 1200 3492 1277 3540; x_wconf 86' lang='lat' dir='ltr'>dat</span> <span class='ocrx_word' id='word_1_363' title='bbox 1306 3495 1550 3542; x_wconf 82' lang='lat' dir='ltr'>testatoris.</span> <span class='ocrx_word' id='word_1_364' title='bbox 1576 3492 1675 3542; x_wconf 89' lang='lat' dir='ltr'>Hac</span> <span class='ocrx_word' id='word_1_365' title='bbox 1713 3495 1921 3553; x_wconf 84' lang='lat' dir='ltr'>ratione,</span> <span class='ocrx_word' id='word_1_366' title='bbox 1969 3509 2079 3558; x_wconf 84' lang='lat' dir='ltr'>qnae</span> <span class='ocrx_word' id='word_1_367' title='bbox 2120 3493 2211 3541; x_wconf 81' lang='lat' dir='ltr'>sibi</span> 
     </span>
     <span class='ocr_line' id='line_1_52' title="bbox 1201 3575 2213 3637; baseline 0.001 -16"><span class='ocrx_word' id='word_1_368' title='bbox 1201 3577 1439 3622; x_wconf 68' lang='lat' dir='ltr'>contrariae</span> <span class='ocrx_word' id='word_1_369' title='bbox 1467 3575 1702 3636; x_wconf 85' lang='lat' dir='ltr'>videntur,</span> <span class='ocrx_word' id='word_1_370' title='bbox 1737 3575 2074 3637; x_wconf 83' lang='lat' dir='ltr'>Theologorum</span> <span class='ocrx_word' id='word_1_371' title='bbox 2105 3590 2213 3622; x_wconf 87' lang='lat' dir='ltr'>sen·</span> 
     </span>
     <span class='ocr_line' id='line_1_53' title="bbox 1202 3658 2213 3721; baseline 0 -18"><span class='ocrx_word' id='word_1_372' title='bbox 1202 3658 1355 3704; x_wconf 83' lang='lat' dir='ltr'>teutiae</span> <span class='ocrx_word' id='word_1_373' title='bbox 1397 3659 1570 3721; x_wconf 88' lang='lat' dir='ltr'>optime</span> <span class='ocrx_word' id='word_1_374' title='bbox 1598 3659 1717 3705; x_wconf 85' lang='lat' dir='ltr'>iuter</span> <span class='ocrx_word' id='word_1_375' title='bbox 1758 3674 1805 3705; x_wconf 86' lang='lat' dir='ltr'>se</span> <span class='ocrx_word' id='word_1_376' title='bbox 1850 3665 2213 3720; x_wconf 84' lang='lat' dir='ltr'>componuntur.</span> 
     </span>
    </p>
   </div>
  </div>
 </body>
</html>
