2502 4186
288 215 411 276 282
914 240 1234 282 rnen-rus
1276 245 1346 282 nn
1390 245 1789 286 uucmmsru.

289 382 527 462 mystice
558 380 895 442 immolatur
932 405 1041 466 per
1077 385 1415 447 distinctam
1444 390 1755 472 ¹utriusque
1801 389 2052 470 symboli
2101 411 2407 457 consecra-

289 478 509 537 tionem
528 521 544 550 .‚
583 498 696 558 qua
722 486 1175 561 repraesentatur
1203 481 1419 543 Christi
1441 506 1598 544 mors
1619 530 1636 560 .,
1670 496 1730 545 et
1755 506 1888 544 cum
1913 508 2027 567 qua
2055 489 2407 552 Sacrificium

290 572 473 632 Missae
506 573 889 632 necessariam
923 574 1104 636 habet
1140 577 1485 639 relationem
1511 580 1629 662 (1).

367 666 510 726 267.
559 667 649 727 Ad
689 668 810 743 4¹¹¹,
852 670 1007 751 Ney.
1057 673 1387 756 Utrumque
1430 675 1591 735 enim
1628 676 1804 736 simul
1837 678 2152 740 consistere
2183 691 2409 762 potest,

288 761 443 822 reale
483 784 586 822 seu
618 785 831 824 verum
871 766 1229 829 Sacrificium
1265 770 1327 828 in
1362 765 1627 832 realitate
1663 772 1949 850 victimae,
1992 780 2317 855 mysticum
2345 778 2408 836 in

287 857 463 920 modo
483 899 501 934 ‚
540 876 656 941 quo
687 860 922 921 victima
949 862 1075 944 ipsa
1108 863 1351 925 offertur
1386 865 1498 946 (2).

367 954 508 1014 268.
555 955 647 1015 Ad
688 955 814 1032 5¹¹¹,
867 960 1010 1039 Neq.
1062 959 1187 1019 Imo
1234 962 1529 1021 unanimis
1573 962 1684 1021 fuit
1717 963 1982 1023 omnium
2018 966 2311 1026 sententia
2347 966 2410 1026 in

288 1049 598 1110 asserenda
630 1052 875 1113 veritate
904 1054 1174 1114 Sacrificii
1203 1057 1387 1116 Missae
1422 1057 1534 1138 (3).
1576 1060 1661 1119 De
1691 1057 1813 1117 sola
1847 1069 2056 1119 natura
2100 1060 2273 1140 hujus
2305 1063 2410 1121 Sa-

288 1146 484 1207 crificii
516 1147 754 1227 quaestio
781 1148 994 1228 agitata
1026 1149 1137 1209 fuit
1158 1195 1174 1226 ‚
1212 1162 1420 1233 atque,
1449 1163 1517 1211 ut
1548 1146 1615 1213 fit
1649 1156 1713 1212 in
1749 1152 1922 1213 rebus
1954 1153 2284 1215 difficilibus
2304 1203 2319 1231 ‚
2346 1158 2411 1215 in

290 1239 546 1302 diversas
560 1243 881 1302 sententias
898 1245 1100 1304 Patres
1118 1244 1391 1306 abierunt
1411 1287 1428 1323 5
1459 1269 1569 1308 nec
1588 1248 1890 1331 quidpiam
1908 1248 1982 1310 de
2007 1270 2074 1310 ea
2097 1250 2408 1311 definitum

290 1348 377 1396 est
410 1341 576 1414 juxta
605 1337 996 1419 plurimorum
1026 1340 1371 1421 suffragium
1404 1343 1514 1423 (4).

1083 1521 1502 1617 *PRO‘Posmo
1542 1550 1612 1603 Π.

291 1717 372 1776 In
394 1718 589 1777 Missa
607 1717 814 1798 offerri
837 1719 960 1777 Deo
983 1738 1192 1776 verum
1219 1722 1622 1797 obproprium
1645 1720 2019 1798 sacraficium
2035 1763 2058 1792 ,
2081 1731 2313 1780 constat
2338 1742 2412 1779 ex·

1019 1834 1196 1873 sensu
1236 1815 1640 1873 tradz‘tionali.

372 2016 515 2074 269.
565 2016 758 2095 Longa
794 2014 969 2073 nimis
1007 2035 1099 2075 res
1136 2024 1322 2088 esset,
1365 2015 1416 2073 si
1456 2015 1520 2074 in
1553 2015 1817 2074 medium
1854 2016 2052 2075 omnia
2093 2017 2300 2076 afferre
2341 2039 2413 2077 ex

294 2111 643 2193 antiquitate
676 2120 1062 2170 monumenta
1097 2109 1268 2169 nobis
1305 2131 1804 2192 proponeremuS,
1858 2132 1991 2194 quae
2035 2112 2268 2172 veritati
2302 2113 2414 2171 Sa·-

293 2207 487 2268 crificii
555 2206 914 2266 eucharistici
990 2205 1441 2288 adstipulantur.
1508 2207 1895 2266 Vetustissimi
1946 2208 2106 2267 enim
2155 2207 2414 2267 Ecclesiae

294 2325 488 2384 graecae
522 2315 582 2363 et
609 2303 808 2362 latinae
836 2301 1075 2363 rituales
1105 2302 1240 2362 libri
1261 2323 1465 2362 omnes
1495 2301 1728 2385 publica
1756 2301 2141 2363 Ecclesiarum
2164 2304 2413 2364 auctori-

363 2509 427 2573 (l)
466 2508 593 2558 Adeo
620 2511 872 2558 necessaria
901 2519 967 2558 est
992 2508 1091 2557 haec
1121 2508 1305 2570 relatio,

294 2602 346 2641 ut
369 2594 468 2641 sine
497 2594 594 2657 ipsa
614 2627 629 2651 ,
659 2590 798 2640 Missa
824 2593 919 2640 veri
940 2592 1147 2639 sacrificii
1170 2593 1307 2639 ratio-

292 2692 403 2723 nem
431 2692 529 2722 non
557 2674 772 2734 haberet,
795 2677 932 2741 juxta
957 2692 1011 2723 ea
1031 2711 1046 2735 ,
1074 2689 1176 2740 quae
1190 2691 1304 2739 prae·

293 2760 572 2806 notavimus.

363 2841 431 2904 (⁴2)
467 2841 523 2888 ld
541 2839 729 2907 pulclire
755 2839 997 2888 illustravit
1015 2839 1070 2888 P.
1094 2839 1297 2904 Laynez,

293 2924 346 2970 in
371 2922 604 2989 colloquio
621 2922 847 2971 Poissiaco
867 2960 880 2982 ‚
911 2923 1122 2988 exemplo
1152 2924 1270 2986 regis
1288 2954 1303 2985 ‚

295 3007 377 3071 qui
416 3005 560 3053 redux
607 3021 665 3053 ex
696 3005 820 3053 bello
865 3005 1056 3054 feliciter
1096 3004 1306 3053 confecto

296 3085 434 3136 vellet
464 3089 515 3135 in
550 3087 727 3136 theatro
761 3089 988 3136 actionem
1024 3090 1173 3152 ipsam
1209 3087 1305 3134 vicu

295 3169 425 3216 toriae
463 3171 803 3234 repraesentare.
847 3169 937 3217 Hic
976 3170 1103 3218 enim
1140 3185 1216 3216 rex
1261 3177 1308 3216 et

295 3252 536 3315 praesentia
563 3268 645 3299 sua
686 3261 731 3300 et
755 3252 1150 3315 repraesentatione
1186 3252 1307 3315 peri-

297 3331 403 3379 cula
427 3341 472 3379 ct
503 3333 742 3380 victoriam
763 3333 874 3380 inde
900 3343 1078 3397 partam
1102 3331 1306 3380 referret.

366 3411 439 3478 (3)
457 3412 558 3461 cfr.
579 3412 797 3462 Pallavic.
817 3412 956 3462 Hist.
982 3413 1130 3461 Cone.
1161 3413 1304 3462 Trid.

296 3495 383 3545 lib.
411 3513 553 3558 xvul,
586 3512 690 3561 cap.
736 3511 754 3542 1
787 3533 801 3554 ,
828 3515 880 3545 n.
918 3513 935 3543 1
961 3533 975 3556 ,
1005 3496 1087 3544 ubi
1114 3496 1305 3544 scribit:

307 3579 450 3626 Tum·
486 3594 778 3627 coneennero
832 3579 889 3625 in
927 3579 1217 3626 riconoecere
1260 3577 1308 3625 Ia

299 3660 467 3708 Messa
494 3677 587 3725 per
623 3678 730 3710 vero
765 3659 1017 3724 Sacrificio
1049 3659 1126 3708 del
1154 3676 1308 3709 nuovo

310 3741 610 3791 Testamento
619 3777 630 3789 .

1469 2508 1534 2572 (14)
1571 2509 1699 2558 Ibid.
1734 2526 1831 2574 cap.
1860 2525 1888 2556 2
1918 2546 1932 2569 ‚
1968 2526 2021 2561 n.
2058 2525 2118 2559 10
2153 2526 2166 2557 :
2201 2508 2413 2557 Laterza

1400 2590 1547 2639 classe
1576 2591 1796 2655 (Petrum
1823 2590 2064 2650 Trident.)
2089 2590 2150 2654 fu
2178 2589 2413 2655 d'opinio-

1400 2690 1493 2733 ne,
1545 2673 1629 2722 che
1670 2675 1717 2720 ai
1735 2689 1935 2738 ponesse
1976 2671 2102 2719 nella
2141 2672 2361 2721 doctrina
2397 2690 2411 2721 ε

1405 2755 1562 2804 Crista
1603 2756 1774 2803 essersi
1817 2756 1977 2821 offerto
2014 2753 2064 2803 al
2095 2751 2256 2802 Padre
2286 2754 2414 2803 nella

1401 2854 1519 2886 cena
1533 2854 1555 2898 ,·
1583 2854 1663 2885 ma
1697 2853 1796 2885 non
1826 2839 1871 2885 ei
1901 2838 2077 2885 dicasse
2099 2875 2112 2898 ‚
2146 2837 2232 2885 che
2255 2837 2286 2885 ’l
2305 2838 2415 2902 face

1400 2921 1458 2967 in
1484 2909 1648 2984 questa
1680 2935 1705 2967 ο
1744 2921 1802 2966 in
1828 2919 1982 2983 quella
2019 2922 2240 2967 maniera
2279 2939 2297 2968 :
2322 2920 2414 2967 im—

1393 3000 1621 3067 perocche
1651 3000 1846 3049 essendo
1877 3003 1931 3048 in
1960 3003 2229 3066 quistione,
2275 3019 2299 3048 e
2316 3018 2415 3050 non

1401 3084 1735 3150 apparendone
1760 3100 1911 3133 vernn
1927 3084 2063 3149 luoqo
2088 3084 2302 3132 evidente
2319 3083 2416 3131 del-

1402 3166 1448 3216 la
1479 3169 1707 3215 scrittura
1729 3202 1746 3229 ,
1787 3184 1886 3216 non
1928 3183 1978 3215 se
2013 3183 2074 3214 ‘ne
2117 3166 2292 3214 doveva
2330 3166 2416 3231 far

1401 3266 1581 3298 canone
1603 3267 1629 3298 o
1644 3250 1883 3299 decreto...
1914 3267 1939 3297 e
1961 3248 2095 3297 molti
2121 3265 2297 3296 ancora
2329 3249 2411 3295 de-

1400 3331 1468 3397 qli
1485 3332 1704 3381 aderenti
1725 3332 1820 3381 alla
1841 3331 2042 3380 seconde
2051 3340 2193 3397 parte
2209 3345 2414 3379 conven-

1401 3431 1514 3462 nero
1531 3418 1623 3481 poi
1646 3415 1765 3464 nelle
1784 3423 1927 3463 stesso
1948 3415 2152 3479 partito.
2174 3412 2240 3460 Ac
2262 3413 2412 3474 reipsa

1403 3500 1464 3546 ita
1478 3498 1652 3547 factum
1670 3509 1734 3547 est
1751 3536 1765 3559 ,
1793 3508 1843 3547 ut
1861 3506 1984 3562 patet
2000 3513 2058 3545 ex
2075 3495 2222 3544 verbis
2245 3510 2348 3556 cap.
2388 3508 2405 3538 1

1403 3597 1540 3629 sesse.
1563 3580 1908 3630 xxu.C0ncilii.
1923 3578 2032 3627 Vid.
2052 3578 2196 3626 versio
2219 3575 2301 3624 lat.
2322 3575 2414 3622 hu-

1400 3663 1479 3727 jus
1504 3663 1607 3712 loci.
1644 3661 1706 3712 ad
1721 3663 1896 3712 calcem
1911 3661 2182 3711 voluminis.
