2502 4186
683 249 808 285 cu.
854 249 922 284 11.
970 248 1039 284 nn
1082 245 1785 285 rnsnssonsranrrarionn.
2174 227 2290 288 211

175 392 287 449 sub
313 410 464 471 pane
484 434 501 463 ,
533 410 648 469 qua
678 390 1282 447 consubstantiatione
1298 429 1319 458 ,
1358 397 1424 444 ut
1461 396 1671 446 vocant
1691 430 1707 458 ,
1741 406 1841 445 seu
1875 387 2291 448 commixtione

176 497 279 544 aut
305 485 748 544 concomitantia
787 483 916 542 duae
949 481 1061 542 illae
1106 480 1445 540 substantiae
1472 479 1535 537 in
1565 478 1921 540 Eucharistia
1961 481 2041 539 ita
2077 482 2296 541 uniun-

177 591 306 654 tur,
342 592 408 640 ut
448 591 656 639 neutra
687 579 750 636 in
775 577 954 637 altera
978 575 1312 636 includatur
1337 574 1448 654 (l).

264 676 401 734 130.
448 676 662 733 Contra
712 672 818 732 hos
861 672 1156 732 haereticos
1206 668 1548 728 Tridentina
1594 670 1894 749 synodus,
1941 692 2074 730 sess,
2127 673 2298 747 XIII,

178 793 305 831 can.
324 773 398 844 ΙΙ,
417 769 707 829 decrevit:
737 769 810 827 Si
829 773 967 847 quis
986 769 1241 837 cliwerit,
1269 770 1337 823 in
1356 776 1730 824 sacrosancto
1752 765 2163 828 Eucharistiae
2187 770 2303 827 Sa-

177 875 479 925 cramento
505 875 813 922 remanere
847 865 1248 923 substantiam
1280 865 1468 939 panis
1489 871 1544 918 et
1567 864 1702 918 vini
1727 881 1857 918 una
1878 881 2020 919 cum
2050 862 2303 942 Corpore

177 971 236 1020 et
280 961 591 1039 Sanguine
648 960 728 1018 1).
778 958 859 1018 Ν.
900 958 965 1017 J.
1015 957 1077 1016 C.
1095 999 1120 1029 ,
1159 961 1575 1035 neyaveritque
1625 956 1974 1014 mirabilem
2027 958 2199 1017 illam
2251 969 2308 1017 et

179 1056 552 1134 sinyularem
583 1058 1015 1112 conversionem
1040 1055 1219 1109 totius
1251 1052 1609 1110 substantias
1631 1054 1824 1130 panis
1861 1055 1931 1110 in
1961 1056 2227 1131 Corpus,
2255 1063 2312 1111 et

180 1153 360 1208 totius
395 1149 749 1207 substantioe
797 1150 935 1204 vini
971 1148 1042 1204 in
1082 1146 1498 1226 Sanyuinem,
1550 1147 1942 1205 manentibus
1984 1148 2311 1206 dumtaa‘at

179 1246 483 1324 speciebus
504 1247 689 1324 panis
723 1252 780 1300 et
809 1245 948 1299 vini
962 1284 986 1313 ,
1024 1263 1211 1321 quam
1237 1243 1483 1320 quidem
1519 1246 1958 1301 conversionem
1999 1242 2308 1303 Catholica

181 1341 454 1400 Ecclesia
471 1342 775 1418 aptissime
798 1338 1534 1396 transsubstantiationem
1552 1339 1846 1417 appellat,
1871 1338 2195 1396 anatliema
2210 1342 2308 1399 sit.

268 1434 401 1495 131.
447 1436 529 1493 Ex
562 1432 672 1491 hoc
705 1453 880 1515 porro
917 1453 1139 1491 canone
1169 1443 1335 1514 patet
1355 1477 1372 1501 ,
1401 1433 1463 1491 1ο
1500 1432 1810 1491 articulum
1852 1435 2312 1493 transsubstan-

183 1532 455 1588 tiationis
488 1547 609 1587 esse
643 1526 856 1607 dogma
887 1526 1178 1608 peculiare
1217 1547 1282 1585 ac
1313 1526 1656 1585 distinctum
1691 1548 1723 1585 a
1761 1526 2032 1606 dogmate
2066 1528 2142 1587 de
2170 1529 2312 1588 reali

185 1623 399 1683 Christi
436 1622 742 1705 praesentia
789 1634 851 1681 et
877 1623 1197 1683 cessatione
1226 1622 1419 1680 omnis
1463 1620 1803 1680 substantiae
1840 1622 2007 1703 panis
2049 1643 2114 1681 ac
2152 1624 2310 1699 vini,

183 1722 725 1802 meritopropterea
744 1720 910 1778 Pium
947 1720 1018 1778 VI
1039 1763 1054 1793 7
1079 1719 1144 1777 in
1169 1719 1419 1777 Constit.
1460 1719 1784 1778 Auctorem
1802 1719 1949 1798 fidei
1958 1746 1984 1791 ,⁴
2001 1719 2312 1780 damnasse

184 1815 367 1876 veluti
390 1820 797 1895 perniciosam
821 1857 844 1886 ,
889 1816 1271 1894 deroyantem
1302 1819 1664 1894 expositioni
1700 1819 1970 1873 veritatis
2013 1816 2315 1876 catholicae

184 1917 350 1972 circa
365 1912 579 1991 doyma
595 1911 1318 1982 transsubstantiationis,
1338 1931 1410 1968 ac
1428 1913 1730 1989 faventem
1747 1911 2039 1970 haereticis
2053 1955 2078 1983 ,
2105 1933 2316 1993 propo-

186 2009 456 2067 sitionem
487 2007 673 2065 XXIX
700 1988 906 2086 synodi
935 2005 1295 2064 Pistoriensis
1317 2050 1332 2079 ,
1370 2024 1497 2086 quae
1532 2004 1747 2080 tradit,
1786 2007 1848 2067 in
1886 2007 2197 2087 postremis
2219 2007 2311 2067 his

188 2101 414 2161 duobus
442 2100 696 2160 articulis
715 2099 918 2160 haberi
945 2100 1184 2182 plenam
1208 2099 1344 2159 fidei
1373 2099 1701 2160 doctrinam
1719 2100 1792 2160 de
1818 2101 2173 2161 Eucharistia
2190 2102 2303 2183 (2).

246 2193 247 2196 ’
282 2195 418 2254 132.
469 2197 673 2269 Patet,
708 2197 776 2253 20
826 2195 891 2258 in
933 2195 1204 2275 dogmate
1243 2198 1940 2256 transsubstantiationis
1983 2200 2172 2258 inesse
2210 2220 2316 2257 ra-

187 2292 412 2351 tionem
437 2336 453 2366 .,
503 2302 572 2350 ut
607 2290 869 2372 loquitur
902 2290 1285 2351 Bellarminus
1319 2291 1410 2372 (3)
1431 2337 1447 2366 .,
1494 2293 1811 2353 existentiae
1842 2292 2059 2351 Christi
2090 2305 2151 2352 et
2181 2314 2313 2352 ees-

185 2387 424 2446 sationis
451 2386 618 2468 panis
647 2398 708 2445 et
746 2386 868 2448 vini
904 2387 965 2445 in
1010 2385 1406 2460 Eucharistia3
1438 2385 1686 2468 ideoque
1712 2381 1944 2446 rursum
1975 2387 2037 2445 in
2070 2408 2314 2448 censura

187 2482 499 2564 apostolica
537 2481 814 2542 doctrinae
863 2481 1067 2563 synodi
1104 2482 1465 2541 pistoriensis
1507 2482 1614 2541 loc.
1656 2483 1752 2541 cit.
1793 2482 2003 2544 merito
2048 2494 2313 2542 notatam

189 2599 312 2638 esse
341 2578 715 2640 omissionem
748 2600 762 2638 :
793 2600 915 2658 qua
939 2582 1157 2636 notitia
1185 2579 1574 2637 subtrabitur
1597 2588 1730 2636 tum
1752 2579 2004 2637 articuli
2028 2580 2114 2637 ad
2128 2580 2312 2657 fidem

180 2678 542 2751 pertinentis
585 2684 716 2733 tum
757 2679 939 2733 etiam
988 2678 1145 2732 vocis
1186 2674 1265 2732 ab
1312 2673 1584 2733 Ecclesia
1623 2679 1975 2732 consecratae
2017 2676 2104 2732 ad
2140 2676 2310 2734 illius

269 2987 329 3052 (l)
361 2988 460 3038 cfr.
487 2989 699 3042 Bellarm.
715 2991 795 3041 De
810 2990 974 3041 Euch.
996 2991 1080 3040 lib.
1113 3009 1196 3051 111,
1288 3001 1400 3039 tom.
1431 3007 1542 3052 xiv,
1568 3007 1676 3055 pag.
1697 2988 1793 3039 315
1814 2998 1861 3039 et
1887 3007 2018 3057 seqq.
2043 3009 2154 3057 opp.
2190 2993 2307 3044 edit.

199 3088 301 3136 cap.
329 3086 344 3117 1
363 3087 405 3118 1.
814 3107 817 3111 .
1284 3073 1426 3123 Rom.
1447 3071 1570 3122 Sane
1594 3072 1899 3123 Bellarminus
1913 3074 2008 3122 loc.
2024 3076 2107 3122 cit.
2133 3092 2184 3123 n.
2223 3091 2240 3122 1
2259 3092 2304 3136 1,

265 3151 340 3213 (2)
370 3150 469 3199 Gfr.
512 3152 640 3201 card.
677 3152 934 3216 Gerdilius,
966 3153 1204 3202 Animad-
1286 3156 1456 3215 tradit,
1490 3154 1776 3202 Lulheranos
1794 3157 1935 3219 magis
1967 3154 2306 3220 reprehendere

199 3234 436 3282 versiones
475 3233 532 3280 in
581 3241 716 3281 notas
737 3272 749 3294 ‚
795 3250 915 3301 quas
955 3235 1203 3284 nonnullis
1287 3236 2307 3301 Cafflolicos,quodtranssubstantiationem

200 3313 520 3363 Pistoriensis
569 3315 743 3380 synodi
791 3317 1203 3381 propositionibus
1279 3319 1471 3385 facia-nt
1511 3317 1771 3366 articulum
1811 3317 1963 3382 fidei,
1998 3335 2144 3384 quam
2178 3319 2306 3384 quod

199 3396 443 3444 damnatis
458 3398 514 3444 in
536 3395 804 3460 doqmatica
817 3400 1005 3447 constit.
1026 3396 1202 3450 SS.D.
1286 3417 1392 3448 eam
1420 3399 1695 3465 defendant.
1721 3399 1848 3449 Adeo
1873 3417 2040 3465 nempe
2064 3400 2295 3466 explorata

200 3477 271 3528 Ν.
319 3479 413 3526 Pii
451 3496 494 3526 vl
529 3513 545 3538 ,
587 3495 692 3543 quoe
730 3480 906 3544 incipit
943 3480 1203 3530 Auctorem
1287 3500 1357 3532 res
1399 3492 1537 3542 erat,
1573 3492 1674 3531 tum
1722 3483 1844 3547 apud
1885 3482 2144 3530 Catholicos
2198 3492 2299 3531 tum

195 3559 315 3623 fidei
333 3596 347 3619 ‚
382 3559 457 3607 Cl.
490 3560 545 3607 F
541 3559 654 3608 eller
681 3560 984 3626 adjiciendas
1020 3565 1206 3611 censuit
1287 3564 1413 3630 apud
1431 3566 1664 3613 haereticos
1685 3603 1698 3624 ‚
1716 3565 1956 3612 definitam
1974 3573 2025 3611 ut
2048 3563 2301 3612 articulum

203 3644 268 3703 (si
295 3653 453 3690 tamen
476 3643 546 3691 Cl.
575 3643 753 3692 Fellero
795 3643 1050 3691 tribuendae
1081 3646 1170 3693 sint
1186 3663 1200 3707 ;
1287 3646 1396 3696 fidei
1410 3647 1669 3697 doctrinam
1684 3646 1740 3695 de
1753 3645 2301 3694 transsubstantiatione.

205 3722 281 3771 vid
316 3724 428 3785 hie,
469 3735 583 3774 tom.
620 3740 687 3787 lv,
733 3741 841 3792 pag.
883 3721 1041 3790 428),
1078 3723 1201 3791 Su,
1360 3727 1426 3794 (3)
1462 3728 1575 3780 Loc.
1612 3731 1691 3779 cit.
1716 3745 1820 3795 cap.
1852 3726 1930 3790 13,
1960 3744 2012 3774 n.
2056 3742 2100 3775 ι.
