2502 4186
265 235 342 294 60
778 290 782 293 .
820 272 821 275 =
926 252 1240 294 rnAcu‘rus
1281 253 1349 289 nn
1389 252 1676 293 nummo.

263 395 533 479 pabiliter
561 395 722 455 illam
749 395 1008 474 ignoret,
1041 415 1107 453 ea
1142 394 1382 453 minime
1413 392 1696 472 obligatur
1723 392 1935 474 (1).4ο
1969 395 2339 462 Animadver-

262 491 440 550 timus
460 535 476 565 ,
509 488 769 548 infideles
797 489 1091 567 negativos
1119 499 1255 548 ante
1284 489 1661 548 sufficientem
1698 489 1975 565 ejusmodi
2009 492 2338 572 promulga-

262 585 483 643 tionem
506 583 720 643 versari
734 581 796 639 in
817 582 1022 642 eodem
1043 594 1196 642 statu
1213 595 1272 642 et
1293 582 1642 656 conditione,
1663 583 1724 640 in
1741 582 1945 664 quibus
1965 584 2340 643 versabantur

260 678 545 737 universae
567 687 764 759 gentes
796 686 929 735 ante
969 677 1179 736 Christi
1203 677 1519 738 adventum
1555 677 1700 734 circa
1729 677 1923 736 salutis
1961 678 2147 737 media
2170 724 2185 752 a
2222 680 2343 739 sive

261 782 525 851 respectu
565 771 896 830 adultorum
920 817 935 845 .,
976 772 1096 831 sive
1125 784 1385 854 respectu
1414 772 1742 829 infantium.
1782 772 1846 829 50
1881 774 2156 854 Baptismi
2183 773 2347 831 insti·
2404 831 2408 835 ,

261 866 547 925 tutionem
567 911 582 939 .,
624 886 752 946 quae
773 911 789 939 ,
829 877 895 924 ut
927 865 1174 925 diximus
1194 871 1214 940 a*
1251 866 1428 925 relate
1453 865 1525 923 ad
1557 865 1779 924 adultos
1811 869 2094 926 rationem
2119 866 2346 926 obtinet

262 959 441 1019 medii
470 972 528 1020 et
557 961 859 1043 praecepti,
894 960 1072 1020 relate
1107 960 1182 1018 ad
1222 961 1470 1020 infantes
1508 982 1627 1018 non
1652 980 1817 1040 posse
1861 960 2074 1020 habere
2108 962 2217 1019 nisi
2246 983 2343 1020 ra-

261 1055 485 1114 tionem
520 1055 729 1129 medii3
783 1077 995 1137 quare,
1038 1056 1087 1114 si
1122 1057 1258 1136 ipsis
1302 1057 1628 1114 conferatur
1653 1100 1669 1126 ἢ
1707 1054 1767 1112 hi
1794 1059 1888 1132 jus
1927 1057 2228 1135 acquirunt
2270 1055 2346 1114 ad

263 1159 541 1209 aeternam
565 1171 629 1208 ac
654 1149 1155 1230 supernaturalem
1185 1150 1514 1209 felicitatem
1535 1194 1551 1223 ‚
1588 1148 1662 1207 ad
1689 1148 2106 1208 beatitudinem
2133 1150 2345 1209 scilicet

251 1265 372 1323 per
401 1265 458 1301 se
496 1243 764 1301 humanae
796 1253 1019 1301 naturae
1052 1243 1392 1302 indebitam.
1440 1243 1607 1316 Quod
1628 1244 1688 1301 si
1720 1244 1810 1301 his
1843 1266 1961 1301 non
1988 1243 2304 1325 applicetur
2324 1291 2340 1319 ‚

172 1377 175 1380 >
262 1358 684 1418 quamcumque
710 1336 1043 1423 demum-ob
1069 1358 1295 1395 causam
1319 1337 1379 1395 id
1409 1338 1704 1418 contingat
1724 1385 1739 1414 ‚
1764 1339 1872 1419 ipsi
1899 1361 2017 1398 non
2047 1340 2347 1422 privantur

263 1431 374 1489 ‘nisi
409 1429 687 1489 beneficio
710 1432 989 1510 gratuit0‚
1026 1452 1132 1489 nec
1159 1436 1321 1512 pejor
1353 1433 1421 1511 fit
1466 1454 1667 1492 eorum
1704 1433 1987 1513 conditio,
2025 1434 2265 1515 perinde
2287 1455 2352 1493 ac

263 1526 311 1584 si
353 1547 656 1607 nunquam
687 1518 943 1584 humana
986 1537 1193 1584 natura
1231 1538 1427 1587 evecta
1458 1540 1608 1587 esset
1645 1529 1720 1588 ad
1761 1528 2024 1588 ordinem
2066 1551 2350 1610 superna-

263 1619 535 1680 turalem.
583 1622 717 1679 Haec
761 1620 995 1701 quidem
1049 1621 1295 1701 privatio
1341 1622 1403 1679 in
1442 1624 1711 1703 praesenti
1759 1645 1955 1682 rerum
2009 1624 2209 1682 ordine
2256 1646 2351 1682 ra-

262 1715 483 1775 tionem
508 1714 686 1774 habet
711 1716 1098 1774 damnationis
1124 1715 1198 1774 ob
1231 1715 1570 1776 relationem
1609 1717 1682 1775 ad
1715 1717 1944 1799 culpam
1978 1718 2347 1797 originalem,
2405 1747 2409 1750 ’

266 1831 394 1891 quae
431 1809 503 1867 ab
544 1809 861 1868 infantibus
901 1810 1192 1870 nascendo
1237 1811 1640 1886 contrahiturg
1679 1823 1766 1870 ast
1802 1813 1862 1870 in
1895 1834 1954 1872 se
1996 1824 2055 1871 et
2091 1812 2351 1870 absolute

264 1904 413 1963 nihil
442 1904 699 1964 detrahit
751 1926 821 1964 ex
855 1927 956 1980 eo,
1008 1905 1165 1986 quod
1203 1907 1457 1988 exposcit
1492 1906 1762 1966 humanae
1802 1918 2021 1966 naturae
2055 1906 2309 1966 conditio
2331 1950 2348 1980 ,

261 2011 329 2058 ut
358 1999 473 2058 late
510 2021 613 2058 suo
644 1999 767 2058 loco
801 2002 1166 2082 exposuimus
1199 2002 1309 2079 (2).

350 2093 486 2152 136.
536 2093 754 2166 Quibus
791 2095 869 2153 ita
895 2096 1258 2176 compositiS‚
1294 2097 1371 2175 sic
1407 2095 1731 2157 accedimus
1768 2098 1843 2157 ad
1875 2099 2193 2158 enunciatae
2223 2119 2355 2177 pro-

262 2189 563 2270 positionis
600 2191 903 2249 veritatem
920 2190 1327 2250 vindicandam
1354 2214 1365 2248 ε
1395 2192 1651 2250 Christus
1670 2237 1687 2268 ,
1713 2193 1919 2251 Matth.
1944 2193 2178 2250 XXVIII
2202 2236 2217 2265 7
2247 2192 2318 2249 19
2336 2235 2355 2266 ‚

261 2285 535 2363 praecepit
578 2284 860 2365 Apostolis
904 2308 916 2341 :
961 2286 1190 2344 Euntes
1220 2307 1386 2363 erqo,
1432 2287 1619 2344 docete
1663 2308 1858 2346 omnes
1883 2297 2118 2367 yentes,
2155 2288 2355 2365 bapti-

262 2389 460 2437 zantes
487 2399 575 2436 eos
601 2424 616 2452 7
655 2390 764 2436 etc.
790 2403 805 2450 ς
842 2389 900 2436 et
932 2383 1132 2436 Marci
1157 2380 1285 2436 XVI
1309 2423 1324 2452 ,
1363 2379 1434 2437 15
1470 2403 1483 2438 z
1529 2381 1589 2440 E
1595 2392 1760 2440 untes
1782 2386 1852 2439 in
1879 2382 2180 2439 mundum
2209 2383 2356 2437 πηί-

259 2462 501 2530 ‘versum
523 2517 539 2546 a
569 2475 897 2552 praedicate
926 2476 1298 2553 evangelium
1329 2480 1500 2534 omni
1530 2487 1839 2534 creaturos.
1887 2477 2010 2554 Qui
2040 2475 2360 2533 crediderit

262 2578 318 2624 et
368 2569 708 2646 baptizatus
748 2572 946 2641 fuerit
976 2614 991 2644 7
1041 2571 1239 2628 salvus
1284 2575 1416 2629 erit.
1462 2569 1728 2647 Ejusdem
1776 2570 1947 2648 igitur
2001 2569 2380 2627 necessitatis⁴

265 2672 354 2720 est
389 2663 681 2742 Baptisma
715 2664 791 2721 ad
830 2663 1076 2722 salutem
1111 2685 1176 2722 ac
1216 2663 1402 2737 fides;
1440 2663 1541 2722 sed
1589 2663 1730 2722 fides
1753 2708 1768 2737 ,
1819 2663 2160 2723 adversariis
2216 2662 2353 2743 ipsis

264 2753 420 2814 ultro
473 2755 830 2831 fatentibuS‚
860 2758 1203 2816 ‘necessaria
1255 2769 1341 2817 est
1387 2756 1655 2817 omnibus
1701 2768 1759 2817 et
1804 2760 2006 2839 quovis
2053 2769 2352 2838 temporeg

266 2963 362 2994 non
390 2947 538 2995 solum
582 2948 632 2995 in
673 2945 869 3011 Anglia‚·
920 2947 1104 3002 Galliis.
1156 2947 1269 2996 Ger·
1350 2966 1450 3013 cap.
1483 2964 1518 2995 11
1538 2986 1550 3008 ‚
1582 2966 1632 2997 n.
1662 2945 1694 2994 6
1723 2965 1736 2996 ε
1769 2945 1867 2998 Sed
1877 2963 1934 2995 esc
1951 2964 2001 2994 eo
2025 2955 2226 3011 tempore
2249 2954 2356 2993 tan-

251 3030 421 3091 ·mania
439 3064 456 3090 ‚
491 3046 650 3077 verum
672 3032 807 3077 etiam
833 3029 991 3076 Romae
1011 3066 1023 3088 ‚
1054 3029 1139 3076 sub
1168 3046 1273 3077 con·
1350 3039 1450 3078 tum
1486 3030 1655 3093 cuique
1680 3032 1822 3094 coepit
1860 3030 2061 3091 antiqua
2094 3028 2357 3075 observatio

268 3109 440 3158 ditione
475 3113 560 3168 iis,
600 3113 680 3176 qui
717 3128 770 3158 ex
801 3110 987 3159 diversis
1029 3113 1162 3159 sectis
1199 3128 1272 3158 re·
1350 3128 1448 3159 non
1469 3110 1621 3159 valere
1642 3148 1655 3171 ‚
1687 3120 1728 3157 et
1753 3127 1847 3157 non
1873 3110 2145 3174 baptizatus
2163 3110 2357 3172 quisque

267 3190 413 3239 deunt
437 3191 494 3239 ad
519 3191 764 3239 Ecclesiam
786 3192 1084 3252 catholicam,
1106 3195 1274 3240 iterum
1351 3195 1465 3241 novi
1503 3194 1733 3258 praecepti
1774 3194 1825 3255 (a
1863 3191 2042 3239 Christo
2087 3191 2211 3251 dati)
2249 3205 2357 3236 reus

267 3271 502 3337 Baptisma
531 3259 802 3320 conferatur.
1353 3276 1549 3322 eoev'stere
1573 3309 1587 3335 ‚
1632 3291 1689 3321 ex
1730 3291 1819 3337 quo
1855 3281 2146 3338 proeceptum
2188 3272 2349 3335 ipsum

337 3352 404 3416 (l)
441 3353 684 3401 Individua
713 3355 834 3401 enim
864 3363 1000 3413 sunt,
1025 3370 1126 3420 quae
1153 3355 1277 3402 dam·
1353 3355 1744 3403 inexcusabiliter
1782 3355 1847 3402 ad
1879 3357 1980 3420 ejus
2000 3354 2159 3419 potuit
2185 3369 2355 3416 perve-

267 3443 439 3482 nantur
468 3444 547 3483 aut
584 3435 850 3497 salvantur3
889 3437 1042 3499 yemis
1080 3453 1158 3483 seu
1186 3452 1276 3483 na-
1353 3438 1459 3483 nire
1510 3438 1793 3486 notitiam...
1835 3435 1952 3501 Opp.
2013 3434 2120 3483 edit.
2173 3432 2351 3482 Mabill.

270 3517 417 3563 tionis
447 3533 533 3563 vox
553 3526 618 3563 est
634 3516 855 3564 abstracta
885 3517 941 3564 ad
963 3517 1276 3564 collectionem
1355 3527 1467 3566 tom.
1511 3535 1578 3575 ιι,
1625 3537 1670 3582 p.
1699 3516 1815 3580 634.

270 3597 615 3645 individuorum
636 3598 999 3662 significandam.
1025 3597 1125 3662 Quo
1145 3615 1274 3661 spec·
1425 3600 1487 3663 (2)
1541 3600 1596 3648 In
1644 3610 1776 3648 tract.
1828 3598 1908 3647 De
1955 3595 2062 3644 Deo
2115 3601 2319 3642 creatore
2338 3631 2352 3654 ,

256 3686 369 3751 'tant
389 3676 438 3728 S.
455 3678 675 3728 Bernardi
688 3679 855 3741 verba,
879 3679 928 3727 T
924 3688 1042 3728 raet.
1060 3679 1116 3727 de
1127 3679 1279 3744 Rape.
1356 3699 1405 3730 n.
1443 3679 1542 3744 458
1574 3691 1620 3731 et
1649 3699 1776 3748 seqq.
1803 3689 1916 3729 tom.
1946 3695 1999 3726 ιιι
2017 3715 2030 3740 ,
2066 3693 2168 3745 pag.
2208 3675 2325 3726 216.
