2502 4186
311 223 434 262 GAP.
482 223 526 260 1.
571 222 640 258 DE
682 220 855 258 REALI
895 219 1112 258 CHRISTI
1154 218 1466 259 PnAEsnn'nA
1511 218 1570 253 m
1609 215 1849 256 EUCHAR.

2025 194 2135 253 141

139 365 233 438 10.
281 345 618 445 Priusquam
661 384 797 423 vero
835 361 938 421 has
977 361 1320 443 quaestiones
1344 360 1746 439 attingamUS,
1785 359 2004 436 juverit
2046 358 2143 417 in«

55 470 282 537 tegrum
323 468 548 516 textum
587 457 973 538 praemittere,
1020 456 1165 513 circa
1209 475 1384 534 quem
1420 454 1576 531 viget
1615 451 1985 533 disceptatio,
2022 453 2139 514 imo

55 563 113 610 et
154 553 327 610 totius
373 552 574 631 capitis
611 561 1057 630 argumentum,
1101 547 1258 605 unde
1296 569 1416 605 non
1459 546 1700 604 minima
1742 546 1840 604 lux
1883 547 2140 607 dicendis

53 645 367 724 affulgebit.
408 648 541 704 Jam
589 666 725 705 vero
760 646 816 702 S.
858 641 1214 722 Evangelista
1251 663 1283 699 a
1322 662 1379 702 v.
1419 641 1448 698 l
1493 640 1566 698 ad
1604 641 1717 715 26,
1757 642 1934 701 refert
1965 642 2142 701 mira-

54 739 247 798 culum
298 761 328 797 a
371 739 595 796 Christo
650 749 946 819 patratum
976 734 1479 816 'multiplicatione
1538 755 1809 815 panum3
1869 757 1901 794 a
1954 757 2010 794 v.
2061 735 2139 795 27

55 834 346 892 Christum
379 832 614 892 exhibet
639 831 1144 892 commendantem
1180 850 1396 909 panem
1425 827 1718 888 coelestem
1741 872 1756 902 ,
1787 848 1852 886 ac
1877 827 2052 887 fidem
2080 829 2143 888 in

54 950 112 987 se
158 929 349 1009 ipsum
403 928 560 986 hunc
615 950 829 1010 panem
876 925 1247 1008 pollicentem
1308 923 1432 1003 (1);
1485 946 1517 982 a
1569 945 1622 984 v.
1667 923 1905 983 demum
1951 923 2024 981 51
2070 923 2143 982 ad

121 1131 186 1195 (l)
223 1130 358 1192 Dixi,
391 1131 623 1180 Christum
646 1128 1044 1179 commendantem

51 1228 217 1276 panem
238 1212 468 1261 coelestem
484 1250 497 1273 ,
517 1211 719 1275 acfidem
740 1211 794 1256 in
814 1210 1045 1274 smspsum,

50 1293 176 1342 hune
194 1312 372 1360 panem
388 1294 710 1360 pollicentem,
733 1309 811 1340 seu
829 1291 1052 1356 pollicen-

57 1385 147 1423 tem
185 1375 532 1424 Eucharistiam.
565 1374 699 1422 Haud
726 1376 919 1437 ignoro,
950 1374 1049 1438 ple-

57 1474 223 1521 rosque
248 1459 507 1522 interpretes
527 1455 770 1503 catholicos
794 1464 940 1502 totum
963 1455 1052 1502 hoc

58 1549 193 1602 caput
217 1536 250 1585 6
270 1538 402 1586 Joan.
436 1539 485 1584 in
517 1546 607 1584 tres
639 1546 786 1600 partes
820 1535 1048 1596 dividere,

58 1637 253 1684 quarum
269 1615 280 1620 '⁸
297 1621 443 1683 prima
495 1618 660 1666 referat
707 1617 978 1666 miraculum
1026 1635 1053 1665 a

59 1699 238 1748 Christo
275 1709 498 1764 patratum
518 1734 532 1760 ‚
571 1716 596 1746 a
631 1716 677 1747 v.
713 1715 729 1745 1
778 1699 833 1746 ad
861 1716 906 1745 v.
950 1695 1014 1745 26
1036 1713 1051 1760 ;

57 1781 253 1828 secunda
274 1817 287 1840 ‚
314 1799 339 1829 a
359 1798 404 1828 v.
444 1796 503 1844 27
542 1780 599 1828 ad
622 1777 685 1827 50
706 1816 718 1839 ,
749 1795 851 1845 quae
884 1778 1053 1827 Christi

57 1877 314 1910 sermonem
340 1862 397 1910 de
417 1861 511 1909 fide
535 1860 586 1908 in
610 1863 903 1925 semetipsum
926 1877 1053 1908 com·

57 1942 278 2006 plectatur
297 1959 310 2005 3
335 1951 561 2008 postrema
579 1979 592 2001 ‚
610 1961 635 1990 a
650 1961 693 1990 v.
724 1939 781 1990 51
807 1940 866 1990 ad
879 1942 1019 1990 finem
1038 1979 1051 2001 ,

60 2040 160 2088 quae
186 2026 416 2072 contineat
439 2026 786 2089 promissionem
805 2024 862 2072 de
878 2023 1056 2071 Eucha-

60 2106 204 2153 ristia.
219 2104 411 2166 Verum,
426 2105 642 2154 omnibus
658 2107 905 2170 perpensis,
922 2105 1057 2170 longe

65 2182 177 2232 mihi
194 2187 476 2234 verisimilior
489 2189 581 2234 visa
597 2197 663 2235 est
676 2189 889 2252 expositio
903 2186 953 2236 S.
973 2188 1058 2252 Cy-

64 2266 152 2313 rilli
184 2265 312 2315 Alex.
346 2277 390 2315 et
422 2266 777 2332 Theophylacti‚
812 2270 892 2332 qui
918 2270 1057 2316 etiam

64 2348 311 2396 secundam
331 2348 471 2413 hujus
488 2350 645 2411 capitis
662 2358 835 2412 partem
858 2348 1061 2396 referunt

68 2429 122 2476 ad
134 2428 462 2477 Eucharistiam
477 2465 489 2487 ,
506 2447 584 2478 seu
600 2430 656 2477 ad
671 2429 904 2477 Christum
919 2427 1060 2478 fidem

60 2513 111 2559 in
151 2530 197 2560 se
238 2512 636 2560 commendantem
679 2529 732 2559 ac
771 2512 1060 2576 pollicentem

58 2591 407 2641 Eucharistiam.
443 2593 543 2641 Hoc
575 2603 728 2657 aperte
757 2593 958 2641 indicare
989 2596 1060 2641 vi-

62 2674 226 2722 dentur
242 2674 407 2723 Christi
420 2675 572 2734 verba,
592 2691 638 2721 v.
661 2690 720 2740 27
739 2692 752 2722 ε
773 2674 1061 2739 Operamim‘

62 2770 161 2801 non
188 2756 378 2816 cibum,
413 2758 498 2821 qui
520 2756 681 2822 perit,
724 2755 804 2803 sed
837 2757 923 2820 qui
947 2772 1060 2821 per-

64 2843 222 2882 manet
241 2837 295 2882 in
310 2838 457 2884 vitam
474 2846 698 2885 oeternam
711 2877 727 2896 ,
744 2853 881 2901 quem
894 2838 947 2883 F
943 2837 1061 2885 ilius

67 2915 277 2963 hominis
295 2915 426 2964 dabit
446 2919 604 2978 vobis3
631 2918 756 2966 hune
771 2921 899 2987 enim
914 2919 1063 2967 Pater

68 2998 281 3060 siqnavit
302 2996 455 3046 Deus.
482 2999 547 3046 Ex
564 3000 732 3065 quibus
747 3001 1057 3067 intelligimus,

68 3077 301 3126 Christum
320 3115 333 3137 ,
377 3089 548 3143 arrepta
586 3084 821 3130 occasione
856 3083 1063 3130 miraculi

70 3178 95 3208 a
128 3177 173 3208 se
205 3161 366 3223 patrati
396 3161 445 3207 in
485 3160 863 3225 multiplicatione
890 3180 1063 3227 panum

71 3241 329 3290 exhibuisse
366 3241 534 3289 Judaeis
570 3242 725 3290 cibum
756 3243 890 3308 longe
914 3246 1062 3294 excel-

72 3321 310 3371 lentiorem
326 3359 338 3381 ,
361 3338 528 3386 nempe
544 3322 895 3373 Eucharistiam.
906 3325 965 3374 Ut
982 3344 1065 3375 au-

74 3411 166 3451 tem
191 3404 449 3452 conciliaret
478 3403 615 3452 fidem
648 3404 734 3452 sibi
757 3405 884 3454 hunc
911 3406 1066 3456 cibum

77 3484 326 3548 pollicenti,
343 3485 550 3550 patefacit
565 3488 879 3535 necessitatem
894 3487 1000 3536 fidei
1017 3491 1067 3537 in

80 3580 207 3612 suam
236 3566 546 3628 divinitatem,
586 3585 730 3632 quum
753 3569 792 3616 is
820 3568 967 3629 soluS,
988 3572 1068 3635 qui

80 3641 200 3695 Deus
229 3649 314 3709 sit,
342 3650 484 3713 possit
519 3649 657 3699 talem
685 3649 841 3699 cibum
878 3653 1068 3716 promit-

1140 1137 1235 1176 tere
1271 1138 1315 1176 et
1347 1127 1564 1192 praebere.
1593 1126 1693 1192 Quo
1729 1128 1903 1192 expleto
1931 1163 1943 1187 ‚
1968 1146 2014 1177 v.
2058 1126 2143 1188 35,

1139 1210 1306 1257 iterum
1330 1210 1449 1257 redit
1470 1210 1526 1258 ad
1551 1210 1596 1257 id
1613 1245 1629 1270 ‚
1663 1211 1789 1276 quod
1809 1210 1867 1258 ab
1893 1212 2024 1258 initio
2050 1228 2145 1259 ser-

1140 1293 1288 1337 monis
1322 1297 1647 1355 proposuerat,
1681 1292 1821 1357 idque
1857 1295 2147 1358 prosequitur

1141 1389 1287 1436 usque
1308 1373 1367 1420 ad
1385 1372 1524 1420 finem
1552 1375 1728 1437 capitis.
1747 1372 1992 1439 Objectum
2011 1391 2145 1439 prop-

1143 1464 1261 1502 terea
1292 1456 1429 1501 totius
1462 1456 1649 1519 capitiS,
1684 1457 1720 1501 si
1756 1465 1928 1519 partem
1965 1455 2147 1504 histori-

1142 1553 1243 1583 cam
1274 1537 1503 1598 excipias,
1537 1544 1602 1582 est
1634 1536 1763 1599 panis
1792 1536 2146 1593 eucharisticus,

1143 1616 1202 1663 ad
1227 1632 1368 1680 quem
1393 1616 1528 1663 refert
1555 1615 1694 1663 fidem
1715 1652 1728 1676 ‚
1761 1632 1866 1680 quae
1899 1619 2148 1665 necessaria

1145 1707 1210 1744 est
1245 1698 1296 1743 in
1332 1699 1657 1761 semetipsum,
1695 1698 1779 1762 qui
1815 1697 1943 1745 hunc
1980 1715 2150 1762 panem

1143 1779 1404 1842 proposuit,
1445 1787 1491 1826 et
1528 1777 1744 1825 omnibus
1779 1777 1872 1826 fere
1907 1779 2056 1828 verbis
2090 1780 2150 1828 ad

1144 1859 1270 1907 hunc
1297 1877 1464 1924 panem
1493 1858 1657 1907 alludit
1683 1861 1875 1925 ejusque
1899 1863 2151 1927 proprieta-

1146 1952 1210 1990 tes
1241 1953 1283 1990 et
1308 1942 1514 1990 effectus.
1547 1943 1770 1990 Accurata
1796 1945 2036 2006 perpensio
2057 1943 2148 1992 hu-

1142 2026 1219 2089 jus
1259 2027 1479 2071 sermonis
1518 2024 1648 2071 facile
1686 2024 1734 2071 id
1771 2024 2007 2086 suadebit3
2040 2042 2150 2073 nam

1155 2113 1202 2152 1⁰
1221 2105 1427 2171 loquitur
1461 2103 1669 2153 Christus
1697 2107 1746 2152 in
1766 2115 1968 2168 tempore
1995 2106 2152 2154 futuro

1147 2204 1194 2234 v.
1231 2202 1291 2252 27
1323 2189 1390 2234 uti
1415 2197 1524 2234 etv.
1561 2184 1652 2248 523
1687 2194 1738 2233 2ο
1761 2204 1805 2235 v.
1844 2186 1906 2234 32
1927 2204 1974 2235 se
2000 2190 2152 2252 ipsum

1147 2277 1277 2315 vocat
1306 2284 1471 2331 panem
1515 2266 1572 2314 de
1609 2267 1721 2314 coelo
1757 2284 1917 2315 verum
1957 2283 1984 2314 a
2020 2269 2154 2317 Patre

1150 2347 1307 2395 datum
1325 2383 1339 2407 ,
1365 2365 1409 2394 v.
1454 2347 1516 2395 33
1545 2349 1625 2411 qui
1658 2347 1716 2394 de
1745 2348 1854 2395 coelo
1884 2348 2150 2409 descendit,

1151 2439 1195 2476 et
1214 2429 1341 2476 hunc
1357 2445 1519 2492 panem
1537 2431 1726 2493 opponit
1746 2446 1914 2477 manna
1932 2430 2039 2478 dato
2058 2430 2154 2480 He-

1149 2510 1285 2557 braeis
1314 2512 1363 2557 in
1400 2510 1572 2559 deserto
1591 2546 1602 2567 ,
1631 2519 1676 2558 et
1711 2528 1759 2558 v.
1787 2509 1852 2559 58
1882 2511 2001 2560 hanc
2028 2530 2153 2561 eam-

1152 2592 1258 2639 dem
1286 2591 1486 2655 phrasim
1525 2601 1568 2640 et
1601 2594 1988 2656 comparationem
2018 2612 2153 2642 usur-

1150 2683 1258 2737 pat3
1299 2672 1371 2733 3²³,
1407 2691 1453 2721 v.
1494 2671 1556 2722 35
1593 2673 1703 2720 dicit
1736 2691 1780 2721 se
1806 2675 1956 2738 ipsum
1974 2692 2155 2740 panem

1150 2756 1344 2823 vivum,
1380 2764 1425 2802 et
1459 2753 1548 2802 hoc
1585 2756 1736 2819 ipsum
1778 2758 1939 2821 repetit
1973 2775 2019 2805 v.
2054 2757 2110 2806 51
2138 2795 2152 2818 ,

1153 2853 1206 2884 ac
1234 2837 1292 2884 de
1316 2837 1404 2884 hoc
1426 2854 1544 2902 pane
1573 2838 1703 2898 vivo,
1725 2839 1805 2902 qui
1827 2839 1884 2885 de
1915 2839 2027 2886 coelo
2056 2839 2156 2887 des-

1153 2918 1326 2981 cendit,
1354 2920 1627 2983 pronunciat
1649 2934 1662 2964 :
1684 2915 1868 2983 Siquis
1892 2919 2157 2968 manduca-

1153 3002 1276 3048 verit
1306 3015 1363 3047 eoe
1399 2998 1483 3047 Ῐιοο
1508 3016 1670 3064 pane,
1710 3010 1799 3048 etc.
1824 3017 1839 3063 3
1870 2999 1942 3063 4⁰,
1971 3019 2019 3049 v.
2044 2999 2111 3067 49
2139 3019 2155 3050 τ

1157 3081 1329 3130 Patres
1343 3081 1514 3142 vestri,
1539 3083 1720 3146 inquit,
1747 3081 2161 3130 manducaverunt

1155 3179 1336 3211 manna
1371 3165 1427 3210 in
1460 3162 1635 3211 deserto
1658 3201 1671 3224 ,
1714 3173 1799 3211 etc.
1840 3164 2000 3212 eadem
2029 3167 2160 3230 inge-

1156 3247 1303 3294 minat
1319 3261 1367 3292 ν.
1388 3242 1471 3310 59.
1492 3245 1558 3293 Ex
1587 3245 1755 3311 quibus
1778 3245 1992 3294 omnibus
2023 3245 2161 3295 lucu-

1156 3327 1299 3375 lenter
1330 3337 1479 3392 patet,
1520 3327 1576 3374 de
1615 3327 1777 3376 eodem
1814 3327 1993 3392 objecto
2027 3326 2158 3393 loqui

1157 3407 1392 3456 Christum
1412 3411 1460 3455 in
1484 3410 1622 3474 priori
1638 3409 1777 3475 hujus
1794 3411 2015 3457 sermonis
2034 3418 2160 3473 parte

1157 3494 1278 3539 acin
1299 3492 1556 3556 posteriori,
1591 3492 1679 3538 nisi
1717 3490 1841 3556 quod
1881 3490 2159 3538 luculentius

1159 3589 1211 3621 ea
1228 3609 1242 3634 ,
1274 3589 1377 3639 quae
1395 3572 1674 3622 subobscure
1687 3571 1937 3637 protulerat
1955 3572 2005 3617 in
2020 3570 2160 3634 priori

1161 3664 1286 3718 parte
1311 3691 1326 3715 ,
1366 3653 1530 3705 evolvit
1571 3663 1614 3704 et
1652 3653 1895 3704 confirmat
1922 3653 1972 3702 in
2002 3650 2158 3702 altera.
