2502 4186
310 215 428 275 436

930 231 1247 270 TRACTATUS
1290 235 1357 270 DE
1401 234 1786 274 POENI'run'nA.

317 375 569 457 quadam
592 374 936 446 oeconomia,
968 384 1159 431 traria.
1178 374 1268 452 (l)
1291 399 1307 447 ς
1337 376 1417 434 ita
1435 387 1495 434 se
1511 376 1702 454 gessit,
1725 397 1793 434 eo
1814 376 1973 456 quod
1995 380 2431 449 existimaverit..

316 467 818 538 limitatamfuissc
842 466 1180 526 facultatem
1207 467 1319 527 sibi
1336 491 1367 528 a
1389 469 1619 529 Christo
1641 491 1969 530 concessam
1994 472 2068 530 ad
2084 475 2435 536 remittenda

309 575 543 644 peccata
564 608 582 636 ·›
619 576 746 644 neq.

1106 728 1516 784 PROPOSITIO
1556 733 1651 788 IV.

317 886 507 944 Recta
549 896 603 943 et
644 886 814 944 utilis
855 896 939 944 est
968 885 1359 965 peccatorum
1403 890 1741 946 venialium
1766 892 2082 970 frequens*
2107 891 2402 971 Confessio
2416 937 2438 966 ,

888 991 944 1038 et
966 985 1224 1060 piorum
1268 987 1414 1042 usui
1456 995 1869 1044 consentanea.

398 1196 534 1257 175.
579 1198 716 1264 Haec
753 1197 1074 1279 propositio
1124 1210 1213 1258 est
1255 1209 1412 1258 certa
1448 1198 1728 1259 adversus
1772 1187 2175 1276 Jansenistas.
2221 1203 2323 1285 qui
2366 1202 2441 1262 ad

308 1292 534 1352 facilius
565 1313 806 1367 omnem
847 1292 1271 1372 confessionem
1312 1293 1663 1354 abolendam
1710 1296 2156 1375 insurrexerunt
2191 1297 2254 1355 in
2284 1299 2442 1357 Con-

309 1388 620 1449 fessionem
654 1400 1027 1470 peccatorum
1083 1387 1427 1449 venialium.
1473 1391 1598 1450 Hac
1632 1392 1790 1451 enim
1826 1391 2051 1455 sublata
2075 1436 2093 1467 ,
2132 1391 2250 1452 sola
2279 1394 2444 1453 fieret

316 1483 616 1544 Confessio
641 1482 713 1543 de
743 1485 991 1566 peccatis
1023 1482 1343 1544 lethalibus
1368 1530 1384 1560 7
1430 1505 1558 1567 quae
1595 1498 1903 1569 propterea
1932 1487 2125 1570 palam
2163 1487 2440 1570 proderet

313 1748 421 1780 nem
439 1733 630 1795 gratiam
648 1733 960 1780 conversionis
977 1731 1192 1796 deneget;
1214 1732 1341 1798 quod

312 1813 545 1862 absonum
560 1816 755 1862 omnino
776 1823 843 1861 est
861 1823 906 1862 et
926 1811 1136 1862 alienum
1155 1832 1180 1862 a
1199 1829 1339 1863 sensu

319 1895 558 1943 catholicae
582 1894 813 1952 Ecclesiae,
834 1904 886 1941 ut
905 1894 1017 1942 alias
1037 1895 1338 1954 ostendimus3

312 1977 393 2025 sed
421 1994 474 2025 eo
502 1994 638 2026 sensu
655 2013 668 2035 ‚
703 1975 828 2041 quod
851 1976 1109 2024 istiusmodi
1127 1987 1340 2042 peccato-

314 2076 387 2108 res
415 2061 566 2124 gratiae
595 2057 681 2107 Dei
719 2060 948 2107 resistant.
1208 2051 1210 2053 ¹

381 2143 447 2206 (l)
485 2141 543 2188 In
564 2141 653 2190 hac
673 2143 935 2207 quaestione
959 2141 1120 2188 critica
1140 2176 1156 2198 ‚
1175 2144 1340 2188 utrum

315 2241 486 2288 nempe
540 2221 788 2270 nonnullis
835 2221 1152 2286 peccatoribus
1200 2223 1339 2269 etiam

318 2308 369 2352 in
403 2305 597 2357 articulo
633 2306 791 2365 mortis
827 2303 1032 2352 Ecclesia
1057 2301 1337 2351 reconcilia-

317 2389 490 2436 tionem
506 2405 586 2436 seu
599 2372 938 2435 absolutionem
952 2385 1243 2450 denegaverit
1256 2402 1342 2434 nec

318 2488 380 2518 ne
399 2506 413 2529 ,
448 2471 704 2534 gravissimi
721 2478 928 2516 auctores
942 2470 1062 2516 inter
1090 2485 1138 2516 se
1167 2468 1341 2516 dissen-

316 2554 462 2600 tiunt.
524 2550 772 2599 Affirmant
810 2552 931 2598 inter
979 2559 1151 2598 ceteros
1199 2548 1340 2597 Alba-

323 2636 521 2699 spinaeus
538 2669 551 2691 ‚
575 2632 848 2681 Observatt.
869 2631 950 2680 lib.
968 2648 1004 2678 11
1021 2667 1035 2691 ‚
1052 2648 1157 2696 cap.
1179 2649 1206 2698 7
1226 2667 1239 2690 ‚
1258 2635 1340 2696 qui

322 2718 462 2764 etiam
491 2715 624 2764 affert
658 2717 862 2763 rationes
886 2715 945 2762 de
970 2713 1083 2761 olim
1110 2713 1337 2779 denegata

321 2796 621 2845 absolutione
648 2798 698 2844 in
725 2796 919 2844 articulo
965 2797 1156 2858 mortis3
1197 2795 1334 2843 Gard.

321 2880 379 2927 de
407 2879 600 2944 Aguirre
624 2916 637 2938 ‚
662 2888 763 2926 tum
789 2878 901 2926 alibi
925 2915 938 2938 ,
973 2888 1071 2925 tum
1099 2880 1150 2925 iu
1193 2876 1335 2925 Com-

319 2969 470 3009 ment.
523 2964 580 3008 in
624 2976 736 3008 can.
778 2976 902 3009 xtvn
941 2959 1088 3008 Cone.
1120 2958 1336 3007 Illiberi-

323 3046 430 3092 tam’
451 3060 466 3107 3
504 3042 677 3091 Christ.
732 3042 889 3108 Lupus
934 3045 984 3090 in
1029 3043 1211 3091 dissert.
1254 3040 1337 3088 De

312 3134 621 3190 peccatorum
659 3141 717 3173 ac
747 3124 1139 3189 satisfactionum
1167 3121 1334 3170 indul-

313 3208 520 3270 9cntiis,
549 3217 664 3254 tom.
689 3223 756 3266 vi,
786 3223 897 3271 opp.
942 3202 1058 3254 edit.
1088 3205 1208 3254 Ven.
1236 3204 1334 3252 Sir-

323 3287 526 3336 mondus
557 3289 609 3336 in
643 3287 874 3337 Historia
916 3284 1218 3335 Poenitentioe
1240 3304 1338 3353 pu-

320 3369 482 3430 lalicoe,
509 3386 613 3434 cap.
638 3385 682 3430 ι,
699 3380 815 3418 tom.
835 3384 901 3429 tv,
921 3387 1040 3435 opp.
1060 3370 1171 3418 edit.
1191 3369 1335 3418 Paris.

319 3450 546 3511 petavius,
563 3450 631 3498 In
661 3451 717 3500 S.
734 3449 990 3515 Epiphan.
1010 3450 1263 3501 animadv.
1282 3452 1338 3499 ad

323 3534 487 3582 haeres.
507 3550 579 3582 ux
600 3570 614 3594 ‚
629 3532 879 3581 Novatian.
903 3550 1008 3598 pag.
1031 3549 1126 3599 227
1146 3542 1190 3581 et
1206 3550 1337 3600 seqq.

317 3614 396 3664 Sic
420 3617 561 3664 etiam
579 3607 761 3663 censuit
781 3614 977 3664 Marten.
1012 3631 1088 3680 op.
1123 3616 1203 3662 cit.
1223 3614 1338 3662 Edi-

317 3707 387 3747 tor
423 3696 575 3747 Maur.
600 3715 710 3764 opp.
748 3697 800 3747 S.
840 3696 1057 3746 Ambros.
1093 3699 1141 3746 in
1175 3697 1335 3747 admo·

1423 1735 1512 1782 nit.
1549 1732 1628 1781 De
1656 1733 1797 1800 lapsu
1818 1737 1945 1799 vir-9.
1988 1743 2292 1784 consecratae.
2313 1735 2441 1784 Con-

1425 1825 1490 1863 tra
1526 1832 1636 1864 vero
1666 1814 1875 1864 Morinus
1893 1852 1908 1875 ‚
1932 1815 2011 1863 De
2031 1815 2208 1864 Poenit.
2235 1817 2321 1865 lib.
2350 1834 2394 1865 ix
2423 1854 2439 1881 ‚

1423 1914 1526 1960 cap.
1556 1913 1640 1956 20,
1675 1895 1888 1945 Petavius
1915 1901 2025 1946 item
2058 1900 2108 1946 in
2139 1898 2338 1947 biatriba
2367 1897 2443 1949 De

1424 1979 1611 2025 Poenit.
1647 1986 1692 2024 et
1722 1978 2111 2026 reconciliatione
2131 2013 2146 2036 ‚
2171 1997 2310 2047 quam
2345 1981 2442 2028 edi-

1424 2058 1491 2106 dit
1504 2061 1553 2106 in
1569 2060 1771 2107 secunda
1790 2060 1900 2115 edit.
1914 2059 2123 2125 Synesii‚-
2134 2060 2277 2109 Paris.
2291 2059 2438 2122 1633,

1422 2140 1507 2189 ubi
1536 2140 1791 2200 emollivit,
1817 2148 1925 2206 ‘quae
1938 2144 2118 2207 scripsit
2133 2143 2183 2190 in
2205 2144 2439 2192 animadv.

1424 2224 1474 2269 in
1493 2220 1542 2270 S.
1564 2221 1879 2287 Epiphaniam
1905 2261 1917 2282 ‚
1948 2223 2051 2272 Nat.
2080 2223 2215 2273 Alex.
2237 2225 2346 2273 diss.
2375 2242 2441 2273 vu

1424 2305 1476 2352 in
1505 2321 1599 2353 sec.
1641 2303 1854 2353 Ecclesiae
1896 2319 1982 2364 111,
2029 2305 2269 2354 Maurinus
2294 2307 2443 2356 editor

1425 2403 1534 2457 opp.
1572 2384 1620 2434 S.
1645 2384 1897 2453 Cypriani,
1936 2405 2104 2452 nempe
2122 2387 2181 2437 D.
2198 2387 2249 2438 P.
2279 2387 2440 2437 Maran

1427 2485 1536 2515 cum
1563 2468 1665 2516 aliis
1690 2470 2002 2528 contendunt,
2033 2488 2274 2535 nunquam
2299 2505 2314 2528 ‚
2349 2468 2440 2518 sal-

1425 2559 1517 2599 tem
1550 2552 1601 2598 in
1629 2549 1834 2599 Ecclesia
1865 2552 2138 2610 universali,
2161 2551 2436 2616 denegatam

1425 2632 1565 2680 fuisse
1595 2633 1971 2682 sacramentalem
2006 2632 2345 2682 absolutionem
2382 2635 2433 2683 in

1423 2715 1582 2761 mortis
1613 2714 1824 2762 articulo.
1857 2712 2052 2778 Quaestio
2093 2714 2292 2762 difficilis
2325 2726 2430 2779 est3

1420 2795 1613 2859 longum
1643 2805 1758 2844 esset
1797 2799 2035 2861 utriusque
2081 2798 2317 2845 sententiae
2361 2815 2434 2846 ar-

1422 2887 1639 2941 gumenta
1670 2877 1945 2941 expendere.
1989 2877 2087 2926 Hoc
2110 2895 2256 2927 unum
2294 2879 2429 2939 dico,

1420 2957 1866 3023 hancxdisciplinam
1888 2996 1901 3019 ‚
1930 2962 1967 3007 si
1993 2959 2244 3026 aliquando
2265 2963 2431 3025 viguit,

1421 3039 1474 3088 ad
1514 3039 1652 3089 breve
1676 3044 1868 3089 omnino
1903 3052 2083 3107 tempus
2101 3045 2325 3107 viguisse,
2346 3044 2432 3092 ali-

1421 3128 1596 3188 quanto
1633 3124 1806 3172 scilicet
1830 3133 1935 3188 post
1962 3134 2158 3172 mortem
2188 3125 2433 3189 Apostolo-

1421 3223 1526 3252 rum
1550 3223 1698 3271 usque
1731 3206 1789 3254 ad
1830 3205 1878 3254 S.
1928 3206 2252 3271 Zephirinum3
2296 3225 2350 3256 ex
2378 3225 2431 3256 eo

1422 3288 1548 3336 enim
1590 3298 1794 3353 tempore
1832 3306 1858 3346 a
1890 3287 2066 3336 duriori
2096 3289 2173 3336 illa
2199 3291 2433 3337 severitate

1422 3373 1571 3434 magis
1604 3388 1660 3418 ac
1682 3372 1826 3434 magis
1859 3388 2089 3419 recessum
2109 3381 2194 3419 est.
2219 3371 2318 3419 Cfr.
2347 3388 2432 3419 au·

1423 3463 1568 3500 ctores
1582 3453 1681 3500 citt.
1698 3451 1824 3500 Patet
1838 3454 1978 3515 igitur
1995 3470 2047 3500 ex
2059 3453 2213 3512 dictis,
2227 3451 2431 3516 discipli·

1423 3551 1532 3581 nam
1564 3533 1723 3595 illam,
1751 3535 1801 3581 in
1833 3533 2075 3599 hypothesi
2097 3533 2222 3599 quod
2251 3535 2431 3597 uspiam

1424 3615 1710 3674 obtinuerit,
1743 3632 1839 3663 non
1869 3615 2136 3681 perdurasse
2154 3615 2271 3663 ultra
2286 3632 2431 3663 annos

1419 3698 1523 3762 plus
1552 3699 1708 3746 minus
1729 3694 1818 3760 4ο.
