2502 4186
653 249 773 289 cAP.
811 250 881 287 ιι.
927 251 995 286 ΒΕ
1037 249 1290 286 urnsmr
1327 247 1534 286 ronna.
2109 233 2181 292 17

139 417 142 419 ’
177 396 277 455 41.
327 396 492 455 Patet
516 395 585 452 20
609 414 680 453 ex
717 392 979 453 unanimi
1006 392 1243 449 Patrum
1282 410 1564 449 consensu
1585 433 1601 464 .‚
1636 391 1738 471 qui
1772 389 2018 470 docent,
2048 394 2185 454 nul-

96 489 219 548 lum
248 510 368 548 esse
407 488 695 569 baptisma
714 533 730 561 ,
774 484 926 566 quod
950 504 1071 541 non
1096 484 1417 542 constiterit
1443 484 1808 543 invocatione
1835 486 2015 545 trium
2044 489 2185 548 Per-
2228 556 2230 558 μ

98 604 370 643 sonarum
404 583 752 642 divinarum.
792 577 1175 636 Tertullianus
1203 622 1219 651 5
1259 576 1362 634 lib.
1403 580 1495 636 De
1516 579 1825 656 Baptismo
1847 602 1867 639 .·
1903 581 2023 639 Lea:
2061 587 2188 641 tin-

90 679 317 759 9uesndi
330 720 350 748 ,
384 677 612 750 scribit,
645 678 924 752 imposita
946 683 1062 743 est,
1088 682 1144 728 ec
1161 674 1366 749 forma
1387 677 1766 752 praescripta.
1794 675 1883 734 Ite
1903 720 1918 749 7
1945 681 2182 755 inquit,

95 775 278 831 docete
301 776 567 829 nationes
592 813 608 843 ‚
645 772 927 846 tz‘nyentes
955 787 1051 824 eas
1085 772 1154 823 in
1192 787 1403 824 nomen
1441 767 1652 825 Patris
1687 779 1742 825 ec
1778 770 1933 832 Filii
1963 782 2020 828 et
2047 775 2184 851 Spi-

96 869 252 925 ritus
264 868 320 923 S.
340 865 442 943 (l).
459 865 516 921 S.
538 863 877 943 Cyprianus7
891 860 951 919 E
944 881 1011 938 p.
1029 861 1326 931 LXXIII,
1345 856 1766 920 adJuhaz·an..·'
1789 863 2045 941 Quando
2060 871 2184 944 ipse

100 959 371 1018 Christus
389 1002 411 1030 ,
453 958 675 1037 inquit,
709 959 1011 1034 baptizari
1025 957 1249 1032 jubeat
1269 959 1336 1012 in
1363 957 1548 1033 plena
1578 965 1634 1013 et
1668 956 1942 1015 adunata
1980 959 2185 1019 Trini-

95 1064 208 1112 tate
232 1052 338 1131 (2).
367 1053 423 1111 S.
455 1050 813 1124 AmbrosiuS,
842 1047 945 1106 lib.
976 1049 1068 1107 De
1098 1050 1401 1127 Mysteriz's
1430 1049 1614 1109 :Nisi
1633 1051 1974 1128 baptizatus
1988 1057 2187 1131 fuerit

93 1147 598 1226 (Catechumenus
637 1143 660 1222 )
709 1147 778 1200 in
820 1147 1058 1200 nomine
1115 1144 1326 1202 Patris
1377 1153 1433 1201 et
1483 1144 1641 1203 Filii
1693 1155 1748 1202 et
1803 1146 2070 1224 Spiritus
2118 1150 2184 1210 S.

94 1246 495 1300 remissionem
519 1259 640 1297 non
668 1248 848 1316 potest
868 1242 1133 1317 accipere
1153 1249 1534 1317 peccatorum
1553 1239 1663 1319 (3).
1686 1241 1744 1299 S.
1778 1241 2013 1300 Basilius
2037 1288 2053 1317 ,
2079 1242 2183 1303 lib.

94 1338 187 1397 De
212 1337 452 1414 Spiritu
488 1333 546 1390 S.
595 1356 612 1389 .-
651 1333 823 1391 Siout
863 1338 1025 1391 em'm
1051 1334 1351 1391 eredimus
1383 1338 1453 1390 in
1479 1334 1728 1392 Patrem
1765 1345 1818 1392 et
1853 1337 2089 1407 Filium
2132 1348 2192 1396 et

95 1431 398 1508 Spiritum
433 1428 495 1485 S.
505 1468 526 1498 ,
552 1430 637 1484 sio
672 1436 726 1483 et
755 1428 1147 1505 baptizamur
1166 1432 1235 1485 in
1267 1422 1512 1485 nomine
1553 1428 1763 1485 Patris
1788 1471 1805 1502 7
1837 1439 1946 1488 etc.
1977 1430 2086 1511 (4).
2113 1433 2186 1491 Et

95 1522 156 1581 hi
180 1523 346 1605 pauci
375 1542 445 1579 ex
470 1519 669 1579 multis
702 1520 987 1579 sufficiant
1019 1520 1124 1600 (5).

174 1618 270 1675 42.
315 1617 478 1675 Patet
527 1615 592 1673 3⁰
652 1636 722 1674 ex
772 1627 1052 1697 perpetua
1115 1614 1520 1696 constantique
1573 1614 1874 1697 utriusque
1927 1616 2187 1678 Ecclesiae

93 1707 382 1771 orientalis
425 1721 494 1769 et'
517 1709 879 1770 occidentalis
917 1710 1116 1791 praxi,
1168 1709 1240 1768 de
1288 1732 1401 1791 qua
1437 1731 1559 1767 non
1603 1709 1792 1769 solum
1844 1723 2068 1771 constat
2112 1735 2186 1774 ex

95 1806 336 1886 Synodis
385 1806 705 1866 Arelatensi
747 1809 770 1862 Ι
810 1816 868 1864 et
907 1806 1137 1864 Nicaena
1193 1807 1254 1879 13
1300 1805 1404 1864 sed
1446 1816 1724 1887 praeterea
1770 1827 1841 1865 ex
1879 1807 2186 1889 multiplici

85 1911 436 1982 >argumento
460 1947 476 1977 .,
519 1901 676 1982 quod
719 1922 789 1960 ex
823 1900 1025 1959 eadem
1061 1901 1224 1982 praxi
1265 1902 1462 1960 Patres
1511 1911 1787 1960 eruerunt
1821 1901 1895 1960 ad
1930 1903 2183 1962 confun-

93 1995 314 2056 dendos
342 1995 695 2056 Sabellianos
722 2041 739 2072 a
782 1996 1021 2055 Arianos
1039 2041 1055 2070 .,
1089 1994 1529 2055 Macedonianos
1549 2039 1564 2070 ‚
1603 1996 1989 2055 Eunomianos
2019 1997 2186 2056 alios-

97 2108 209 2169 que
243 2092 539 2150 Trinitatis
574 2112 785 2150 osores,
824 2090 890 2149 Id
925 2091 1118 2171 ipsum
1155 2090 1454 2150 conficitur
1490 2110 1561 2148 ex
1589 2089 1857 2148 omnibus
1888 2092 2189 2173 utriusque

100 2182 358 2243 Ecclesiae
383 2185 726 2265 euchologiis
752 2196 811 2244 et
834 2184 1134 2245 ritualibus
1169 2183 1333 2244 libris
1354 2230 1369 2261 ‚
1405 2184 1643 2267 aliisque
1672 2186 2066 2247 monumentis
2095 2185 2183 2245 al-

99 2275 230 2335 latis
255 2299 286 2336 a
311 2278 592 2337 Martenio
616 2284 680 2337 ac
708 2279 1085 2339 RenaudotiO.
1124 2280 1286 2358 Ergo.

907 2455 1381 2499 DIFFICULTATES.

180 2595 275 2656 43.
320 2596 452 2675 Obj.
489 2597 545 2656 Si
572 2595 751 2658 verba
787 2596 998 2655 Christi
1036 2619 1048 2654 z
1082 2598 1465 2675 Baptz'zantes
1514 2601 1580 2655 in
1621 2600 1861 2656 nomine
1876 2640 1900 2669 ,
1954 2607 2062 2657 etc.
2095 2597 2191 2656 in-

103 2691 321 2750 ducunt
356 2692 755 2751 necessitatem
784 2713 848 2750 ea
885 2690 1214 2772 proferendi
1240 2692 1302 2749 in
1337 2690 1638 2750 collatione
1664 2691 1973 2772 Baptismi‚
2011 2691 2189 2751 etiam

103 2785 211 2844 alia
241 2785 417 2845 verba
459 2809 471 2844 :
509 2786 738 2846 Emetes
781 2788 1002 2857 docete,
1041 2785 1383 2845 inducerent
1417 2787 1817 2844 necessitatem
1855 2786 2191 2867 proferendi

102 2882 256 2937 inter
272 2879 631 2940 docendum:
658 2882 786 2960 Eyo
810 2903 903 2939 vos
925 2882 1122 2947 docem·
1152 2879 1308 2961 quod
1333 2901 1508 2939 nemo
1524 2880 1693 2939 dicet.
1720 2881 1787 2938 2⁰
1809 2880 1973 2939 Adde
1999 2926 2015 2953 .‚
2042 2879 2191 2939 illud

106 2978 174 3030 in
203 2979 436 3034 nomine
463 2974 650 3035 solum
688 2977 1002 3056 significare
1036 2981 1104 3034 in
1137 2980 1354 3034 virtute
1385 2986 1437 3033 et
1459 2976 1596 3053 fi'de.
1633 2975 1812 3048 Hine,
1846 2974 1912 3033 30
1949 2996 2082 3034 cum
2107 2972 2190 3033 di-

173 3188 236 3253 (l)
274 3189 386 3253 Cap.
421 3191 478 3238 13
498 3227 511 3250 ,
532 3191 642 3240 edit.
671 3191 835 3256 Rigalt.
1186 3216 1229 3241 κ.
1258 3215 1301 3240 τ.
1334 3205 1380 3240 λ.
1412 3190 1560 3256 Atque
1587 3191 1663 3238 hic
1697 3189 2187 3250 animadvertendum,

175 3270 233 3334 (2)
273 3270 398 3318 Edit.
421 3271 571 3319 Maur.
600 3273 658 3322 In
682 3291 821 3339 quem
838 3273 992 3322 locum
1019 3273 1103 3321 cfr.
1186 3273 1234 3322 S.
1254 3273 1474 3330 Basiliam·
1492 3273 1596 3319 data
1611 3289 1745 3335 opera
1761 3271 1964 3319 refellere
1979 3288 2055 3319 eos
2070 3306 2084 3333 ‚
2109 3271 2193 3336 qui

109 3361 205 3400 not.
234 3352 435 3401 Maurin.
471 3354 598 3401 editt.
1188 3354 1524 3403 contendebant
1552 3353 1700 3400 valere
1726 3352 1949 3416 baptisma
1972 3352 2191 3400 collatum

173 3433 238 3495 (3)
224 3435 382 3499 ).Cap
410 3432 457 3496 4.
833 3484 838 3492 ,
1187 3438 1237 3483 in
1255 3437 1442 3483 nomine
1472 3434 1610 3482 solius
1635 3433 1819 3482 Christi.

177 3514 242 3578 (4)
275 3514 390 3579 Cap.
428 3532 500 3563 12
523 3517 601 3568 Ως
633 3537 695 3574 γα
701 3514 903 3580 pono-rw
906 3537 1003 3578 ομεν
1042 3519 1100 3569 εἷς
1247 3517 1315 3580 (ὅ)
1345 3516 1537 3582 Reliqua
1565 3517 1820 3562 testimonia
1839 3514 1925 3562 cfr.
1957 3512 2079 3578 apud
2102 3510 2190 3559 Pa-

112 3614 225 3642 ποιτε
212 3593 283 3661 ἔρα
304 3617 379 3644 noae
413 3593 492 3645 οἷον
476 3619 594 3646 νκοιι
621 3593 744 3656 ἅγιον
774 3617 874 3644 meu
855 3601 976 3658 Upon,
1021 3618 1103 3646 υτω
1183 3599 1410 3658 melium,
1453 3596 1636 3646 Annot.
1671 3613 1721 3658 1,
1754 3597 1810 3645 in
1827 3594 1939 3643 lib·
2002 3593 2052 3643 T
2048 3590 2191 3642 θῆαι

111 3697 185 3724 mu
170 3673 398 3740 βαπτιζο
398 3683 528 3741 μεθῶ
543 3684 600 3733 εἷς
619 3703 668 3730 το
681 3702 740 3730 ονο
724 3702 812 3742 epm
829 3702 878 3728 το
883 3702 902 3728 υ
920 3698 1104 3746 mcv-1205,
1186 3679 1312 3730 liani
1336 3679 1394 3728 de
1419 3679 1686 3747 Baptissmo.

188 3771 252 3829 Τ.
301 3773 391 3833 VI.
1635 3795 1641 3802 ⁴
1913 3768 1956 3824 2
