2502 4186
306 230 420 290 118

872 249 1186 288 ‘rRAG‘rA'rUs
1230 250 1297 284 ΒΕ
1341 247 1802 289 CONFIRMATIONE.

302 404 548 487 proinde
584 403 763 480 magis
793 401 896 459 soli
926 401 1203 482 Episcopo
1234 403 1328 480 jus
1359 399 1564 460 tribuit
1589 399 2031 461 administrandi
2057 404 2388 464 Confirma-

302 500 540 557 tionem.
581 498 828 554 Demum
857 540 872 569 ,
914 495 1070 575 quod
1104 494 1205 555 ille
1235 507 1464 554 tantum
1500 495 1754 554 insinuat
1775 540 1791 570 ,
1844 496 2146 577 scriptores
2184 498 2390 580 reliqui

314 592 501 652 eidem
537 610 812 671 suppares
848 609 1122 670 expresse
1148 591 1489 650 docuerunt.
1851 583 1855 587 ⁴

387 685 484 744 58.
535 683 621 744 Ad
666 683 747 742 3¹¹¹
771 728 786 758 ,
834 684 992 742 Dist.
1052 686 1135 743 Ita
1185 696 1252 743 ut
1285 685 1599 743 sacerdotis
1638 684 1873 743 nomine
1927 682 2006 742 ibi
2047 685 2390 765 Episcopum

304 780 361 838 S.
394 777 725 838 Ambrosius
761 778 1038 857 significet
1062 823 1079 851 ,
1120 800 1307 846 conc.;
1331 777 1768 857 Presbyterum,
1806 799 1932 858 neq.
1967 778 2133 851 Quod
2165 799 2236 837 ex
2271 800 2394 836 ora·

300 873 649 933 tionisserie
678 873 905 956 patefit.
941 872 1117 932 Paulo
1156 885 1292 934 ante
1331 878 1455 952 jam
1486 883 1793 932 vocaverat
1833 873 2199 933 Sacerdotem
2221 893 2392 931 mm-

300 989 471 1027 mum
507 969 615 1048 (1).

380 1063 476 1122 59.
522 1063 610 1123 Ad
632 1062 737 1137 4¹¹¹,
763 1062 913 1142 Neq.
938 1062 1021 1121 Ad
1050 1063 1304 1143 priorem
1320 1073 1516 1122 autem
1541 1072 1766 1120 textum
1783 1062 1839 1120 S.
1865 1061 2206 1142 Hieronymi
2230 1063 2389 1121 Dist.

301 1158 406 1218 Ad
429 1158 705 1215 ‘honorem
736 1162 940 1234 potius
973 1157 1308 1215 Sacer-dolii
1326 1200 1348 1227 ,
1385 1166 1490 1215 etc.
1518 1166 1771 1236 spectata
1807 1155 2004 1215 divina
2047 1155 2257 1214 Christi
2280 1155 2392 1214 dis-

303 1251 588 1331 positione
616 1294 632 1323 ,
669 1261 882 1315 tram.;
905 1261 1161 1330 spectata
1197 1249 1571 1330 dispositione
1601 1249 1886 1323 Ecclesiae,
1914 1271 2045 1329 my.
2077 1250 2186 1328 (2).

384 1343 486 1402 60.
531 1343 619 1402 Ad
647 1342 894 1401 alterum
929 1364 1067 1404 vero
1087 1343 1328 1424 pariter,
1356 1345 1515 1402 Dist.
1551 1346 1886 1423 Quidfaoit
1909 1388 1924 1418 ,
1949 1355 2056 1403 etc.
2080 1346 2212 1421 jure
2244 1341 2393 1401 ordi-

304 1437 467 1502 nario
493 1436 594 1499 vel
618 1436 1074 1497 extraordinario
1095 1481 1111 1512 ,
1148 1458 1339 1503 cono.,·
1379 1437 1702 1515 ordinariO,
1734 1459 1864 1519 neq.

373 1642 439 1706 (Ι)
478 1641 591 1707 Cap.
612 1658 641 1690 2
664 1679 678 1702 ,
715 1659 762 1690 n.
786 1639 849 1702 6,
883 1639 965 1689 ubi
998 1640 1192 1690 scribit:
1224 1639 1314 1688 Vi·

300 1726 417 1774 disti
446 1723 548 1772 illio
584 1726 603 1784 (
629 1725 679 1771 in
705 1725 1052 1787 regenerationis
1081 1723 1311 1805 sacrario)

300 1807 525 1863 levitam,
576 1805 741 1852 vidisti
774 1803 1072 1851 Sacerdotem
1094 1839 1108 1866 ,
1146 1803 1333 1851 vidisti

301 1904 540 1936 summum
580 1883 914 1946 Sacerdotem,
950 1885 998 1932 fd
1035 1894 1138 1945 est,
1181 1884 1313 1949 Epis-

310 1986 510 2035 copum,
543 1985 683 2033 quem
714 1967 780 2014 ibi
813 1964 1024 2031 perhibet
1050 1968 1315 2014 ministrum

310 2050 536 2115 Baptismi
551 2048 846 2114 praesentibus
867 2046 1073 2106 testibus,
1101 2046 1314 2096 Diaconis

311 2149 479 2196 nempe
498 2141 543 2180 et
558 2132 748 2180 secundi
767 2130 938 2179 ordinis
956 2129 1279 2194 Sacerdotibus
1299 2144 1314 2191 3

310 2214 528 2262 eumdem
558 2231 691 2278 porro
722 2213 1030 2261 conferentem
1056 2209 1314 2258 Confirma-

314 2296 486 2343 ti'onem
517 2294 701 2342 exhibet
723 2312 825 2358 cap.
845 2291 891 2339 6.
915 2293 1008 2340 Cfr.
1031 2293 1141 2339 edit.
1161 2291 1310 2338 Maur.

379 2375 445 2438 (2)
481 2374 655 2423 Alludit
693 2374 745 2423 S.
783 2374 953 2422 Doctor
981 2411 996 2436 ,
1040 2376 1089 2420 in
1136 2373 1316 2438 objecto

312 2468 439 2507 textu
465 2495 477 2518 ,
514 2457 572 2506 ad
600 2474 735 2504 usum
765 2459 934 2521 passim
960 2459 1010 2504 in
1040 2455 1228 2503 Oriente
1251 2473 1316 2503 re·

314 2549 494 2604 ceptum
518 2576 531 2597 ,
579 2549 631 2586 ut
661 2534 925 2605 Presbyteri
946 2575 960 2597 ‚
1002 2555 1055 2586 ex
1101 2537 1314 2585 facultate

312 2620 399 2669 sibi
431 2620 703 2668 demandata
726 2657 739 2680 ,
774 2620 1032 2684 neophytos
1072 2620 1314 2681 consigna-

312 2711 430 2749 rent.
454 2701 540 2748 Hic
554 2711 706 2748 autem
731 2717 840 2748 usus
857 2736 870 2759 ,
899 2710 950 2747 ut
971 2699 1117 2747 obiter
1133 2699 1311 2758 dicam,

314 2784 366 2829 in
389 2779 696 2829 Orientalibus
719 2781 929 2829 Ecclesiis
957 2781 1058 2828 ideo
1082 2781 1282 2828 invaluit
1297 2816 1310 2839 ,

314 2863 438 2929 quod
481 2872 652 2910 retenta
692 2862 787 2909 illic
824 2864 961 2909 suerit
997 2864 1186 2925 antiqua
1221 2851 1312 2908 dis-

315 2944 485 3008 ciplina
510 2946 596 2991 tria
626 2943 762 2991 simul
782 2942 1131 2991 administrandi
1153 2942 1316 2990 Sacra-u

317 3036 472 3074 menta
492 3062 505 3083 ‚
549 3024 861 3089 Baptismum,
910 3024 1314 3072 confirmationem

314 3117 360 3155 et
388 3106 754 3170 Eucharistiam‚
793 3122 893 3171 quae
934 3106 1086 3153 adhuc
1121 3104 1312 3152 obtinet.

315 3187 556 3237 Crescente
582 3188 961 3252 baptizandorum
992 3187 1314 3247 multitudine,

316 3286 423 3318 cum
440 3286 534 3317 non
550 3279 730 3333 possent
760 3269 970 3333 Episcopi
992 3286 1070 3332 per
1095 3286 1141 3315 se
1157 3277 1315 3333 praesto

316 3366 411 3399 esse
431 3350 645 3398 omnibus
676 3351 940 3408 initiandis,
974 3351 1022 3396 in
1050 3351 1175 3413 pagis
1207 3366 1317 3412 prae-

315 3433 468 3479 sertim
488 3441 532 3478 et
553 3432 603 3477 in
629 3430 748 3478 villis
766 3468 778 3489 ‚
804 3431 1068 3478 facultatem
1093 3430 1317 3477 dederunt

314 3511 596 3578 Presbyteris
612 3510 1315 3560 administrandisaeramentum

313 3594 702 3642 Confirmationis.
727 3593 850 3641 Hinc
875 3601 1110 3658 receptum
1136 3601 1229 3652 est,
1263 3601 1312 3640 ut

311 3674 370 3722 ab
394 3673 708 3724 Orientalibus
724 3677 948 3724 universis
973 3676 1110 3722 unica
1137 3690 1315 3737 semper

1396 1641 1453 1688 ad
1483 1640 1580 1688 haec
1613 1647 1757 1705 usque
1795 1649 1998 1704 tempora
2034 1640 2189 1689 unctio
2230 1640 2358 1688 fieret
2377 1675 2391 1699 ,

1397 1738 1500 1786 quae
1536 1732 1601 1769 est
1638 1722 1991 1770 confirmatoria.
2039 1719 2158 1768 Cum
2200 1738 2308 1769 vero
2342 1723 2395 1768 in

1396 1801 1596 1850 Ecclesia
1635 1802 1915 1851 Occidentali
1953 1805 2119 1866 passim
2158 1802 2244 1850 sibi
2289 1802 2396 1850 solis

1395 1883 1650 1931 chrismatis
1694 1884 2134 1932 administrationem
2184 1883 2394 1947 Episcopi

1395 1967 1749 2024 reservaverint,
1782 1983 1840 2013 ne
1871 1965 2088 2029 baptizati
2118 1983 2145 2013 a
2169 1963 2392 2012 Sacerdo-

1396 2045 1518 2107 tibus
1546 2047 1644 2094 sine
1668 2046 1761 2094 ulla
1789 2045 1978 2094 omnino
1998 2048 2214 2094 unctione
2231 2062 2285 2092 ex
2309 2045 2396 2092 hac

1399 2128 1490 2174 vita
1509 2129 1782 2191 migrarent,
1811 2138 2045 2191 receptum
2073 2135 2173 2186 est,
2201 2136 2251 2173 ut
2270 2125 2399 2173 Pres-

1398 2206 1544 2271 byteri
1577 2210 1628 2255 in
1652 2211 1746 2272 ipsa
1764 2208 1985 2271 Baptismi
2016 2209 2191 2256 actione
2225 2209 2275 2254 in
2298 2224 2400 2255 ver-

1397 2289 1485 2335 tice
1511 2306 1536 2335 a
1556 2306 1604 2337 se
1622 2289 1876 2353 baptizatos
1902 2299 2155 2354 ungerent,
2183 2287 2396 2352 Episcopi

1398 2384 1506 2417 vero
1539 2365 1690 2435 postea
1724 2371 1922 2419 frontem
1949 2367 2137 2420 linirent
2168 2370 2395 2417 adminis-

1398 2452 1563 2500 trando
1608 2451 1955 2502 Sacramentum
2009 2451 2399 2500 Confirmationis.

1397 2531 1510 2581 Haec
1544 2533 1738 2597 duplicis
1780 2535 2010 2581 unctionis
2056 2533 2215 2580 divisio
2265 2532 2399 2595 vulgo

1395 2611 1445 2660 S.
1487 2612 1687 2661 Silvestri
1712 2613 1959 2674 ⁴Pontilicis
2005 2614 2284 2661 institutioni
2315 2613 2399 2660 ad-

1395 2694 1531 2741 scribi
1576 2693 1719 2756 solet3
1762 2704 1807 2741 at
1844 2711 1912 2741 res
1939 2703 2006 2741 est
2043 2695 2247 2754 incerta,
2293 2711 2400 2741 cum

1397 2777 1554 2823 tritum
1602 2777 1661 2822 sit
1702 2775 1826 2839 apud
1867 2775 2097 2834 eruditos,
2136 2776 2313 2822 decreta
2357 2784 2403 2822 et

1397 2867 1530 2915 acta,
1566 2872 1670 2921 quae
1714 2856 1801 2904 sub
1841 2854 2043 2904 Silvestri
2089 2859 2277 2904 nomine
2308 2858 2398 2903 cir-

1397 2937 1746 2998 cumferuntur,
1808 2941 2092 3002 supposititia
2136 2953 2271 2999 esse3
2316 2953 2403 2985 nec

1397 3018 1624 3067 Damasus
1648 3020 1779 3082 (alius
1793 3039 1817 3069 a
1831 3020 2026 3068 Damaso
2043 3029 2100 3079 1⁰,
2120 3018 2364 3083 Pontifice)
2384 3054 2399 3078 ,

1398 3103 1479 3166 qui
1511 3102 1559 3148 id
1589 3099 1821 3149 traditin
1856 3103 2112 3150 Pontificali
2135 3136 2150 3163 ,
2188 3116 2401 3164 maguam

1400 3182 1536 3230 fidem
1575 3194 1771 3231 meretur
1792 3219 1806 3242 ,
1855 3193 2011 3247 utpote
2046 3186 2126 3247 qui
2154 3181 2269 3229 forte
2303 3182 2397 3227 haec

1399 3265 1574 3327 scripsit
1590 3281 1697 3323 ⁴non
1726 3275 1831 3312 ante
1853 3282 2027 3312 annum
2050 3264 2144 3311 fere
2168 3263 2396 3325 octingen-

1398 3348 1632 3398 tesimum,
1661 3345 1786 3392 Illud
1802 3356 1976 3393 certum
1995 3354 2092 3401 est,
2117 3344 2394 3390 mentionem

1397 3428 1495 3475 fieri
1523 3428 1661 3491 hujus
1688 3426 1911 3474 verticalis
1941 3426 2169 3473 unctionis
2197 3422 2254 3469 ab
2284 3439 2395 3470 auc-

1398 3519 1493 3556 tore
1535 3508 1622 3555 lib.
1668 3506 1747 3554 De
1781 3503 2110 3556 Sacramentis
2131 3540 2145 3563 ,
2184 3503 2268 3550 lib.
2303 3519 2389 3561 111,

1397 3609 1500 3656 cap.
1539 3607 1565 3656 7
1588 3627 1601 3650 ‚
1632 3593 1741 3639 item
1771 3592 1902 3637 initio
1918 3598 1962 3636 et
1986 3588 2079 3635 fine
2104 3587 2189 3634 lib.
2216 3604 2262 3635 1v
2281 3622 2293 3646 ‚
2312 3587 2392 3650 qui

1397 3673 1481 3721 sub
1511 3675 1703 3722 nomine
1730 3672 1781 3721 S.
1815 3670 2045 3719 Ambrosii
2074 3671 2258 3717 citatur.
