2502 4186
648 254 771 292 CAP.
818 255 880 291 11.
925 252 993 291 DE
1037 247 1749 290 ramssunsuuru‘nonm
2141 223 2258 286 221

148 399 432 478 originem
470 398 710 457 traxisse
743 396 1067 456 doctrinam
1099 395 1171 454 de
1211 393 1589 453 conversione
1633 391 1798 472 panis
1836 391 1898 449 in
1937 391 2163 474 Corpus
2202 404 2262 453 et

149 494 274 554 vini
307 494 367 552 in
402 494 756 573 Sanguinem
800 491 1014 551 Christi
1055 492 1119 549 in
1163 489 1536 548 Eucharistia.
1577 484 1725 546 Cum
1771 485 1843 546 de
1884 509 1949 547 re
1988 499 2258 563 constat,

150 588 461 648 ridiculum
490 599 579 648 est
609 587 682 646 de
726 608 864 650 voce
892 586 1056 645 litem
1091 586 1405 643 intentare.
1444 584 1565 641 Hac
1613 583 1836 641 ratione
1883 583 2264 663 insurgebant

152 684 428 746 adversus
456 683 765 742 Ecclesiam
797 680 1146 754 Sabelliani,
1186 700 1253 738 eo
1292 676 1450 760 quod
1486 688 1688 736 contra
1731 698 1932 736 eorum
1974 679 2263 740 novitates

152 778 250 838 illa
298 778 664 858 adoptaverit
711 798 881 837 voces
929 796 1200 856 personoe
1242 785 1300 832 et
1348 784 1626 838 natu-roe,·
1687 772 1883 830 Ariani
1934 771 2009 830 ob
2062 796 2265 835 vocem

152 875 497 932 homousion
519 918 534 946 ,
577 872 908 931 Nestoriani
933 870 1008 931 ob
1033 868 1486 951 appellationem
1520 870 1808 946 Deiparoe
1828 912 1844 941 .,
1873 877 1931 926 et
1957 868 2036 926 ita
2065 892 2260 954 porro.

150 968 277 1027 Sola
299 969 517 1049 quippe
532 967 938 1027 haereticorum
957 965 1210 1024 vafrities
1228 963 1538 1023 Ecclesiam
1569 963 1774 1045 quovis
1794 974 2058 1045 tempore
2083 966 2267 1044 coegit

152 1062 227 1122 ad
258 1085 439 1124 novas
476 1063 751 1122 formulas
783 1060 1181 1121 adsciscendas
1210 1105 1225 1132 ,
1266 1070 1331 1116 ut
1359 1070 1620 1119 veterem
1646 1057 1974 1117 doctrinam
2000 1057 2072 1117 ab
2110 1059 2268 1140 ipso·-

150 1179 285 1216 rum
339 1158 519 1239 impio
563 1158 866 1217 molimine
902 1165 1183 1214 tueretur.
1233 1155 1499 1213 Haeretici
1543 1176 1574 1214 e
1618 1175 1899 1214 converso
1924 1199 1940 1228 ,
1986 1175 2121 1213 cum
2160 1154 2269 1214 hac

147 1254 380 1312 ratione
429 1253 686 1315 viderint
719 1272 848 1310 suas
890 1242 1357 1309 ‘machinationes
1399 1249 1653 1309 detectas
1697 1260 1757 1308 et
1797 1249 2112 1331 protrita3‚
2159 1249 2268 1309 sub

152 1350 293 1409 novi
323 1350 579 1408 nominis
612 1357 901 1430 praetextu
929 1346 1212 1407 doctrinae
1241 1347 1573 1407 novitatem
1605 1345 1983 1406 obtruserunt
2012 1347 2270 1428 (1).Fu-

150 1465 286 1502 cum
321 1444 566 1526 proinde
597 1443 881 1525 imperitis
914 1442 1134 1502 faciunt
1170 1444 1490 1502 Novatores
1527 1443 1745 1518 nostri,
1788 1441 1932 1501 dum
1975 1442 2267 1519 clamant,

153 1539 215 1597 in
273 1538 526 1598 Concilio
564 1537 939 1598 Lateranensi
989 1538 1060 1596 IV
1099 1538 1358 1617 primum
1406 1537 1700 1598 invectam
1755 1557 1878 1595 esse
1927 1537 2271 1597 catholicam

157 1637 856 1694 transsubstantiationis
893 1633 1253 1707 doctrinam,
1307 1654 1378 1692 ex
1425 1654 1492 1691 eo
1542 1632 1703 1714 quod
1753 1633 2081 1693 Concilium
2124 1634 2273 1694 illud

153 1729 434 1790 adversus
456 1730 905 1808 Berengarianos
919 1750 951 1787 a
969 1727 1321 1788 scholasticis
1332 1733 1456 1806 jam
1473 1728 1705 1810 pridem
1722 1728 2062 1811 adoptatam
2081 1741 2275 1790 trans-

151 1828 677 1886 substantiationis
705 1845 909 1883 vocem
934 1824 1279 1882 auctoritate
1307 1844 1408 1882 sua
1440 1825 1699 1883 sanxerit
1734 1836 1796 1883 et
1821 1826 2271 1887 confirmaverit.

239 1920 374 1980 148.
426 1919 557 1998 Obj.
601 1919 792 1979 tertia.
846 1920 910 1978 10
962 1921 1183 1999 Dogma
1226 1921 1933 1980 transsubstantiationis
1970 1942 2125 1980 sanae
2148 1921 2277 2003 phi-

157 2016 436 2099 Iosophiae
462 2016 804 2077 adversatur
823 2061 839 2090 5
861 2020 1029 2094 juxta
1058 2037 1232 2097 quam
1262 2014 1620 2097 impossibile
1641 2027 1729 2075 est
1749 2062 1764 2091 ⁷
1792 2038 1974 2075 unam
2000 2016 2277 2076 substan-

164 2113 309 2171 tiam
337 2113 403 2171 in
438 2111 680 2172 alteram
703 2112 999 2185 converti3
1033 2132 1164 2169 cum
1200 2112 1463 2171 essentiae
1504 2134 1702 2171 rerum
1741 2113 1858 2170 sint
1888 2135 2124 2195 prorsus
2164 2114 2272 2172 iun-

155 2206 486 2267 mutabileS.
525 2209 593 2265 20
629 2209 710 2266 Ex
757 2229 823 2266 eo
851 2218 1133 2288 praeterea
1174 2218 1550 2288 sequeretur,
1588 2206 1976 2268 substantiam
2005 2210 2277 2292 Corporis

158 2302 368 2362 Christi
416 2302 643 2361 corrodi
703 2302 1052 2384 quandoque
1095 2324 1126 2360 a
1181 2301 1477 2375 muribus,
1524 2302 1588 2361 30
1652 2305 1985 2384 putrefieri,
2044 2326 2276 2366 vermes

156 2397 513 2480 producere,
564 2396 790 2479 aliaque
827 2395 1114 2475 ejusmodi
1153 2418 1274 2455 non
1315 2397 1508 2456 minus
1547 2396 1833 2473 absurda,
1881 2421 2060 2481 quam
2107 2400 2275 2462 dictu

154 2493 352 2574 impia.
386 2493 550 2572 Erg0.

229 2688 295 2753 (l)
332 2688 549 2754 Apposite
580 2688 631 2738 S.
663 2688 942 2738 Athanasius
965 2727 977 2750 ,
1004 2689 1174 2756 Epist.

166 2769 222 2817 de
247 2769 442 2818 decretis
466 2770 578 2819 Nic.
605 2769 724 2836 Syn.
751 2789 801 2820 n.
828 2787 883 2819 21
909 2806 924 2832 ,
956 2775 1020 2820 sic
1046 2772 1177 2820 Aria-

162 2871 245 2903 nos
278 2855 609 2919 perstringebat
630 2893 643 2915 ‚
670 2858 751 2922 qui
787 2856 1064 2904 accusabant
1094 2855 1177 2903 Ni·-

162 2953 335 2984 caenam
362 2935 607 3002 Synodum
627 2973 640 2995 ‚
670 2955 723 2986 eo
740 2938 865 3003 quod
890 2955 1031 2986 novas
1048 2955 1179 2987 voces

162 3019 424 3067 induxisset
443 3035 457 3067 :
477 3019 534 3066 Si
556 3019 699 3067 verba
715 3022 809 3068 ista
825 3020 954 3068 velut
975 3037 1102 3069 nova
1124 3037 1181 3069 ac

152 3101 416 3166 pereqrina
440 3099 688 3148 admittere
709 3111 931 3150 recusant
958 3124 971 3149 .-
997 3111 1182 3151 senten-

161 3184 282 3230 tiam
304 3183 460 3246 ipsam
480 3182 737 3230 admittant
755 3217 771 3243 ,
787 3200 932 3247 quam
957 3181 1182 3248 Synodus

162 3263 239 3311 his
255 3262 475 3311 indicare
501 3263 652 3311 voluit
665 3284 684 3321 ;
701 3274 744 3312 et
757 3265 935 3328 quibus
957 3265 1043 3313 illa
1062 3283 1182 3314 ana-

161 3345 320 3394 thema
362 3346 493 3393 dixit
512 3380 528 3405 ,
580 3346 681 3410 ipsi
736 3345 964 3394 similiter
1014 3347 1183 3396 dicant

168 3427 454 3486 anathema,
493 3443 550 3474 ac
581 3426 638 3473 de
675 3435 854 3485 cetero,
883 3429 931 3476 si
959 3431 1178 3494 possint,

170 3509 309 3557 verba
324 3508 735 3574 reprehendant...
747 3544 760 3557 .
786 3505 880 3559 Sin
895 3517 1056 3557 autem
1070 3527 1181 3559 sen-

170 3592 367 3638 tentiam
394 3593 551 3656 ipsam
577 3590 724 3639 velint
741 3590 1023 3655 redarquere
1040 3629 1052 3651 ‚
1081 3609 1182 3639 om-

172 3670 316 3719 nibus
340 3674 555 3738 patebit,
591 3673 776 3737 frustra
815 3672 922 3721 illos
956 3672 1182 3739 nullaque

1258 2690 1356 2738 lum
1369 2692 1638 2738 occasiones
1657 2691 1920 2756 impietatis
1934 2692 2279 2755 confirmandae

1260 2772 1358 2820 sibi
1387 2763 1509 2838 ipsis
1527 2770 1745 2839 finyere.
1788 2772 1912 2821 Hoec
1944 2774 2102 2838 iqitur
2132 2791 2280 2822 causa

1254 2855 1359 2920 fuit
1375 2892 1388 2914 ,
1417 2871 1507 2902 cur
1531 2854 1812 2921 hujusmodi
1832 2872 1962 2904 voces
1978 2856 2170 2921 fuerint
2199 2859 2280 2905 in-

1261 2939 1455 2985 stitutae.
1498 2937 1639 3001 Quod
1664 2939 1710 2984 si
1729 2955 1901 2986 rursus
1936 2948 2238 2987 murmurent
2259 2975 2276 3000 ,

1260 3018 1386 3083 quod
1412 3018 1509 3066 illoe
1546 3021 1604 3067 in
1645 3019 1914 3085 Scripturis
1947 3036 2047 3068 non
2085 3028 2243 3068 cantent
2263 3058 2277 3079 ‚

1262 3100 1348 3148 hoc
1406 3101 1506 3166 ipso
1546 3110 1778 3165 tanquam
1822 3101 1989 3165 futiles
2035 3111 2080 3150 et
2129 3111 2281 3150 mente

1261 3199 1358 3231 non
1406 3185 1521 3231 sani
1584 3192 1695 3231 sunt
1746 3183 2018 3249 rejiciendi.
2085 3181 2281 3251 Seipsos

1253 3283 1400 3332 porro
1423 3265 1505 3314 hic
1534 3267 1679 3313 etiam
1693 3267 2002 3331 potissimum
2031 3276 2277 3327 accusent,

1262 3348 1390 3413 quod
1416 3350 1577 3414 primi
1613 3347 1728 3396 huic
1755 3350 1830 3396 rei
1858 3348 2014 3397 locum
2040 3349 2278 3405 dederint,

1262 3432 1350 3495 qui
1378 3432 1500 3496 ipsis
1528 3432 1803 3496 eoecoqitatis
1825 3432 2047 3487 vocibus,
2081 3448 2190 3496 quw
2223 3432 2281 3478 in

1262 3509 1536 3578 Scripturis
1557 3529 1658 3560 non
1686 3511 1945 3573 habentur,
1968 3511 2139 3560 bellum
2168 3510 2276 3560 Dec

1262 3596 1498 3660 caeperint
1508 3596 1704 3659 inferre.
1718 3595 1855 3644 Tom.
1873 3611 1909 3653 1,
1929 3604 2040 3659 part.
2059 3611 2091 3655 ι,
2113 3611 2163 3658 p.
2181 3592 2280 3642 226

1264 3686 1420 3743 etseq.
1442 3694 1549 3742 opp.
1574 3678 1686 3726 edit.
1706 3676 1855 3725 Maur.
1869 3676 1979 3725 Vid.
2002 3686 2151 3726 textus
2167 3690 2278 3740 grae-

177 3749 233 3798 de
258 3769 403 3803 causa
433 3755 575 3804 verba
601 3754 939 3821 reprehendere
959 3792 972 3818 ,
1001 3754 1084 3804 sed
1111 3771 1187 3805 so-
1270 3774 1351 3808 cus
1371 3759 1430 3808 ad
1451 3758 1624 3808 calcem
1647 3758 1914 3809 voluminis,
