2502 4186
755 250 879 287 car.
909 249 993 285 x11.
1039 249 1107 284 m:
1149 246 1402 284 BAP'r-ISMI
1443 244 1647 282 romu.
2180 224 2252 281 15

240 391 338 450 37.
368 389 457 450 Ad
474 390 579 464 5¹1¹,
598 391 754 449 Dist.
776 387 1074 448 Dubitavit
1091 386 1389 445 Cornelius
1406 385 1480 444 de
1499 384 1774 466 baptismi
1791 383 1997 442 effectu
2014 395 2256 468 propter

157 484 370 544 malam
400 485 705 544 Novatiani
740 480 1173 563 dispositionem
1194 525 1210 553 7
1258 502 1445 548 conc.,·
1490 479 1562 538 de
1593 477 1911 538 substantia
1944 478 2251 562 baptismi,

155 603 286 660 neq.
325 592 498 662 prout
533 585 657 658 jam
694 585 1001 636 notaverat
1046 574 1307 632 eruditus
1356 574 1613 633 Valesius
1656 574 1779 653 (l);
1832 574 1990 655 quod
2038 577 2257 657 pariter

156 675 229 734 de
250 675 518 734 omnibus
543 677 603 732 in
626 674 772 732 lecto
799 667 1277 729 decumbentibus
1297 713 1313 742 ,
1347 679 1406 727 et
1428 666 1788 749 baptismum
1808 669 2256 751 efflagitantibus
2319 736 2322 739 ,

157 769 232 828 ob
263 781 487 828 metum
518 767 720 825 mortis
754 763 1143 838 imminentis,
1190 762 1582 821 dubitandum
1623 784 1747 823 esse
1784 765 2106 843 generatim
2146 765 2256 825 ob-

157 863 410 923 servavit
446 861 709 942 Synodus
744 858 1207 921 Neocaesariensis
1246 858 1358 936 (2).
1391 858 1579 939 Atque
1613 856 1687 916 ob
1722 858 1873 917 hanc
1903 853 2255 940 prudentem

155 958 540 1038 suspicionem
582 957 798 1015 factum
852 964 939 1013 est
966 997 981 1026 ,
1033 963 1101 1010 ut
1152 951 1491 1032 irregulares
1543 950 1903 1012 haberentur
1941 953 2005 1011 in
2051 956 2258 1014 mortis

154 1053 393 1112 articulo
428 1052 718 1134 baptizati.
756 1048 927 1123 Quod
953 1049 1001 1107 si
1037 1049 1276 1127 Magnus
1308 1047 1598 1108 dubitavit
1637 1048 1710 1108 de
1751 1048 1948 1111 valore
1981 1048 2258 1131 baptismi

154 1168 260 1227 per
289 1148 636 1206 infusionem
675 1144 867 1203 collati
891 1190 906 1214 .,
944 1145 1068 1220 ejus
1114 1142 1360 1200 dubium
1398 1143 1645 1203 excussit
1677 1145 1734 1202 S.
1774 1144 2094 1225 Cyprianus
2125 1144 2251 1225 (3);

155 1242 273 1305 imo
309 1264 481 1300 omne
522 1238 763 1298 dubium
794 1237 1025 1296 sustulit
1060 1237 1306 1297 Ecclesia
1345 1238 1612 1298 universa
1633 1284 1648 1312 7
1668 1260 1816 1319 ›quae
1846 1261 2083 1322 semper
2115 1245 2257 1319 ejus-

156 1336 313 1394 modi
339 1335 622 1416 baptisma
657 1341 850 1391 ratum
884 1331 1087 1391 habuit
1109 1377 1126 1408 ,
1161 1343 1228 1390 ut
1259 1343 1486 1391 constat
1513 1355 1584 1391 ex
1620 1333 1784 1392 dictis
1815 1335 1928 1416 (4).

1015 1440 1255 1540 οΑΡΪΙΤ
1298 1481 1372 1538 11.

884 1613 953 1647 DE
994 1609 1251 1649 BAPTISMI
1294 1607 1503 1647 FORMA.

230 1727 328 1786 38.
379 1725 779 1805 Evangelicam
807 1724 1080 1806 baptismi
1121 1723 1368 1781 formam
1395 1723 1677 1782 vitiarunt
1707 1726 1999 1801 Gnostici,
2041 1727 2255 1788 Valen-

150 1822 354 1880 tiniani
371 1865 393 1893 ,
441 1822 807 1880 Montanistae
845 1819 1022 1900 aliqui
1052 1863 1068 1891 .,
1123 1817 1471 1891 Sabelliani,
1520 1819 1960 1879 Priscillianistae
1998 1821 2209 1904 aliique
2238 1870 2253 1898 .,

151 1917 223 1976 de
271 1916 477 1999 quibus
529 1914 971 1996 baeresiographi
1030 1913 1146 1972 late
1199 1913 1494 1971 disserunt
1533 1914 1641 1992 (5).
1684 1916 2023 1996 Zwingliani
2049 1964 2065 1992 7
2117 1918 2256 1977 Cal.

149 2013 406 2086 vinistae.
451 2012 738 2071 Sociniani
780 2011 1023 2069 formam
1061 2007 1298 2089 quidem
1340 2007 1635 2068 catholicae
1659 2010 1920 2071 Ecclesiae
1962 2014 2251 2089 retinent7

148 2107 229 2164 ita
273 2118 470 2166 tamen
497 2118 563 2165 ut
591 2129 720 2166 eam
756 2107 998 2164 minime
1023 2103 1406 2163 necessariam
1439 2117 1747 2178 censeant3
1787 2127 1921 2165 cum
1951 2129 2022 2167 ex
2052 2129 2253 2168 eorum

150 2211 458 2277 systemate
492 2200 767 2281 baptismi
796 2203 977 2261 virtus
1003 2245 1019 2273 7
1060 2197 1304 2280 perinde
1329 2219 1391 2257 ac
1432 2198 1676 2258 aliorum
1712 2203 2254 2283 Sacramentorum‚

149 2315 218 2352 ex
245 2293 362 2352 sola
393 2294 506 2352 fide
543 2294 796 2374 pendeat
830 2295 938 2372 (6).
973 2296 1055 2352 Ex
1087 2292 1393 2351 Catholicis
1422 2293 1580 2352 haud
1607 2297 1774 2376 pauci
1802 2296 2052 2376 theologi
2079 2310 2256 2379 atque

126 2435 129 2437 ’
214 2442 281 2503 (1)
320 2441 379 2488 In
416 2442 500 2491 lib.
532 2460 597 2490 v1.
642 2442 782 2491 Hist.
820 2441 929 2491 eccl.
958 2441 1163 2490 Eusehii

1239 2436 1391 2504 ipsum
1426 2442 1667 2490 confirmat
1695 2447 1961 2494 auctoritate
1997 2445 2254 2512 Scriptura-

144 2526 247 2574 cap.
279 2519 409 2557 nw-

1240 2539 1360 2570 rum.
1406 2521 1544 2570 Haud
1573 2526 1731 2588 ignoro
1753 2563 1766 2585 ,
1816 2544 1839 2573 a
1867 2528 2105 2576 nonnullis
2152 2538 2255 2577 tum

1239 2601 1362 2651 hanc
1401 2614 1500 2651 tum
1546 2605 1654 2653 alias
1698 2606 1923 2671 Epistolas
1951 2608 1999 2657 S.
2035 2608 2254 2675 Cypriani

1239 2686 1521 2749 interspatia
1541 2694 1622 2734 aut
1643 2688 1804 2737 saltem
1819 2689 1960 2738 dubia
1978 2693 2076 2756 ejus
2090 2694 2255 2757 scripta

217 2590 283 2653 (2)
321 2589 439 2639 Can.
458 2607 544 2641 ΧΠ.
570 2590 716 2657 Cujus
740 2592 838 2639 haec
856 2592 993 2641 verba
1015 2603 1123 2639 sunt
1142 2609 1155 2639 :

148 2671 207 2720 Si
239 2673 348 2736 quis
392 2681 623 2737 oeqrotam
660 2673 815 2737 fuerit
848 2674 1152 2739 baptizatus,

150 2770 246 2801 non
267 2761 422 2818 potest
445 2756 500 2802 in
521 2755 851 2820 presbyterum
886 2757 1038 2812 evehi.
1071 2757 1162 2803 Fi-

152 2833 231 2880 des
263 2836 394 2882 enim
437 2837 542 2899 ejus
578 2852 678 2884 non
710 2845 778 2884 est
817 2854 874 2884 ew
907 2839 1157 2902 instituto,

154 2914 234 2960 sed
261 2931 318 2962 ex
347 2919 635 2966 necessitate.
684 2918 801 2966 Nisi
821 2919 944 2982 sorte
967 2930 1162 2986 propter

155 3010 436 3059 consequens
484 3001 587 3064 ejus
624 3000 868 3048 studium·
892 3011 936 3049 et
980 3003 1125 3066 fidem
1139 3039 1154 3062 ,

158 3074 494 3142 hominumque
526 3083 791 3130 raritatem.
818 3083 917 3132 Cfr.
959 3087 1009 3132 in
1035 3085 1161 3133 hunc

157 3173 320 3204 canon.
349 3158 577 3224 Beveregii
608 3167 859 3212 annotatio.
891 3165 1000 3214 Vid.
1025 3170 1161 3215 etiam

158 3239 275 3285 circa
293 3239 380 3286 hoc
396 3239 660 3290 clinicorum
690 3244 920 3310 Baptisma
942 3247 993 3297 S.
1023 3249 1157 3298 Joan.

159 3318 526 3384 Chrysostomus,
541 3321 691 3374 Hom.
713 3343 790 3389 tx,
806 3328 871 3375 ad
886 3328 1158 3378 Catechum.

228 3399 294 3464 (3)
333 3400 496 3467 Epist.
541 3421 693 3452 Lxxvl.
741 3406 832 3456 Ubi
876 3428 970 3458 non
1014 3413 1165 3460 solum

161 3484 387 3546 ejusmodi
415 3484 697 3549 baptismum
723 3488 908 3552 plenum
937 3510 988 3541 ac
1018 3494 1166 3559 legiti-

163 3581 292 3610 mum
312 3582 406 3613 esse
434 3578 613 3628 censet,
638 3570 714 3616 sed
743 3578 958 3634 praeterea
976 3575 1166 3624 clinicos

162 3644 308 3691 nihilo
343 3647 697 3697 inferiores-esse
730 3653 790 3697 ait
828 3653 883 3698 iis
904 3686 920 3711 ‚
954 3657 1034 3718 qui
1067 3657 1169 3705 sani

163 3724 444 3791 baptismum
457 3731 507 3779 in
522 3729 723 3781 Ecclesia
742 3744 1055 3799 susceperunt.
1070 3736 1170 3789 Hoc

1239 2765 1371 2832 rejici
1389 2786 1404 2831 3
1440 2778 1484 2815 at
1497 2785 1734 2833 perperam
1758 2808 1772 2830 ‚
1790 2781 1840 2817 ut
1858 2782 2011 2835 postea
2027 2773 2253 2822 dicemus.

1241 2847 1432 2896 Interim
1461 2850 1544 2897 cfr.
1575 2853 1623 2898 in
1649 2852 1859 2900 eamdem
1889 2852 1979 2918 Ep.
2016 2865 2137 2902 notae
2156 2854 2257 2905 Ste-

1242 2930 1381 2994 phani
1405 2930 1599 2978 Baluzii.

1307 3013 1376 3075 (lb)
1417 3011 1515 3060 Cfr.
1533 3011 1577 3060 S.
1595 3012 1685 3061 Th.
1708 3032 1756 3078 p.
1788 3013 1817 3061 3
1837 3051 1849 3074 ,
1878 3034 1925 3081 q.
1960 3013 2053 3078 56,
2080 3027 2163 3065 art.
2196 3034 2247 3084 7.

1310 3093 1378 3155 (5)
1415 3093 1514 3142 Cfr.
1542 3093 1766 3158 Bingham
1786 3132 1798 3155 ,
1825 3096 1911 3145 lib.
1937 3115 1983 3144 x1
2002 3135 2015 3161 ‚
2040 3116 2140 3164 cap.
2169 3099 2216 3147 3.

1308 3174 1374 3235 (6)
1415 3173 1535 3223 Sane
1564 3176 1789 3224 Lutherus
1804 3178 1875 3226 his
1893 3181 2108 3228 omnibus
2124 3183 2252 3244 praei-

1245 3257 1337 3314 vit,
1383 3257 1583 3304 scribens
1616 3260 1666 3305 in
1695 3258 1776 3305 lib.
1823 3258 1901 3307 De
1931 3263 2104 3326 captiv.
2149 3262 2254 3320 Ba-

1244 3335 1402 3401 bylon.
1428 3337 1486 3385 de
1520 3338 1750 3402 baptismo
1784 3357 1797 3388 :
1830 3339 2140 3407 Baptismum
2160 3359 2256 3391 esse

1245 3427 1403 3465 ratum
1432 3419 1809 3484 quibuscumque
1834 3422 1989 3470 verbis
2014 3423 2254 3484 collatum,

1247 3499 1383 3547 modo
1413 3517 1511 3547 non
1542 3503 1595 3548 in
1617 3504 1810 3549 nomine
1843 3503 2075 3566 hominis,
2100 3504 2182 3551 sed
2205 3504 2259 3552 in

1246 3583 1438 3629 nomine
1476 3580 1675 3630 Domini
1716 3584 1872 3633 detur.
1902 3585 2000 3634 Cfr.
2039 3586 2257 3636 Bellarm.

1249 3662 1333 3718 lib.
1373 3660 1445 3712 De
1485 3665 1635 3729 Bapt.
1667 3681 1769 3730 cap.
1799 3666 1828 3716 3
1853 3703 1868 3728 ‚
1899 3685 1950 3717 n.
1985 3683 2028 3732 7.
