2502 4186
309 190 388 251 34

981 200 1305 245 TRAGTATUS
1347 201 1414 235 DE
1456 200 1742 239 BAP'rlsuo.

388 358 488 418 81.
538 356 803 416 Erasmus
848 346 1149 408 contendit
1173 389 1190 419 ,
1227 339 1665 419 interrogandos
1709 362 1832 400 esse
1870 364 2112 423 puerOS,
2163 366 2294 404 cum
2331 345 2405 404 ad

293 473 531 515 “annum
571 443 928 508 discretionis
963 437 1374 523 pervenerint,
1414 446 1621 493 ratum
1659 455 1732 492 ne
1759 435 2018 495 habeant
2035 482 2056 510 ,
2090 443 2250 518 quod
2274 462 2404 499 sug-

302 560 553 628 ceptores
580 544 824 601 illorum
845 541 1088 596 nomine
1106 535 1365 614 polliciti
1395 541 1539 589 sunt
1576 534 1645 587 in
1682 530 1992 608 Baptismo
2019 556 2035 589 .·
2074 537 2128 590 si
2162 555 2404 612 respon-

309 645 523 710 deant,
556 658 613 696 se
650 645 856 694 ratum
904 631 1116 689 hahere
1130 672 1151 700 ,
1191 637 1336 685 tunc
1361 626 1606 704 publice
1645 635 1957 682 renovetur
1987 647 2054 683 ea
2077 631 2362 705 professio
2386 653 2404 695 ,-

314 735 467 817 quod
513 733 559 807 si
593 738 846 808 negent,
884 722 1152 784 omnibus
1191 719 1394 779 mediis
1433 719 1643 776 frustra
1689 717 1996 794 adhibitis,
2046 721 2337 780 concludit
2384 744 2398 779 :

302 829 598 908 Empediet
631 826 761 883 illos
798 841 920 879 non
951 823 1082 898 coqi
1093 859 1114 887 ,
1141 817 1243 874 secl
1262 835 1367 873 suo
1402 815 1673 890 relinqui
1694 819 1899 872 animo
1913 858 1936 886 ,
1965 817 2145 875 donee
2170 821 2407 896 resipis-

304 935 448 984 cant
461 946 480 989 ;
501 941 605 980 nec
624 920 710 978 ad
731 919 921 976 aliam
948 916 1195 971 interim
1219 913 1423 967 vocari
1430 928 1677 986 poenam
1692 950 1713 979 ,
1741 912 1868 965 nisi
1880 919 1951 966 ut
1967 912 2045 968 ab
2067 913 2128 970 E
2131 913 2408 971 acharis-

308 1023 398 1076 tia
433 1014 724 1076 sumenda
754 1011 1111 1087 reliquisque
1148 1000 1554 1062 Sacramentis
1581 999 1910 1059 arceantur
1933 1004 2041 1083 (l).
2086 1007 2208 1065 Hoc
2232 1028 2404 1088 para-

304 1111 525 1171 doxum
576 1103 878 1187 adoptavit
919 1099 1242 1170 LutheruS‚
1287 1107 1345 1155 et
1386 1097 1781 1155 protestantes
1829 1117 2029 1155 omnes
2067 1099 2129 1156 in
2175 1103 2402 1181 praxim

291 1204 712 1272 deduxerunt3
753 1215 998 1276 eamque
1044 1190 1433 1251 ceremoniam
1472 1200 1682 1250 vocant
1731 1191 2238 1268 confirmationem
2283 1196 2396 1275 (2)

295 1301 451 1359 'Sunt
495 1306 772 1378 praeterea
807 1291 908 1370 qui
952 1285 1213 1358 addunt,
1253 1284 1715 1364 permittendum
1761 1284 1966 1343 saltem
2007 1308 2131 1346 esse
2168 1291 2359 1369 pueris
2384 1335 2400 1364 ‚

298 1415 432 1454 cum
467 1386 828 1451 adoleverint
848 1427 864 1457 ,
902 1379 1038 1440 fidei
1075 1399 1319 1439 examen
1349 1422 1364 1451 ,
1404 1396 1480 1435 ne
1518 1398 1588 1435 eoe
1617 1379 2018 1439 enthusiasmo
2038 1427 2059 1455 .,
2100 1393 2164 1441 ut
2197 1384 2361 1443 aiunt
2385 1429 2401 1457 ,

292 1508 401 1548 seu
422 1486 757 1564 fanatismo
793 1474 1028 1536 credere
1062 1470 1341 1541 censendi
1368 1470 1504 1528 sint.

379 1581 476 1639 82.
522 1578 851 1654 Utrumque
879 1589 1136 1629 errorem
1163 1565 1490 1627 convellere
1517 1565 1581 1624 in
1613 1567 1815 1647 primis
1837 1581 2162 1651 satagemus
2179 1619 2195 1647 7
2229 1585 2403 1655 atque

289 1698 370 1738 ex
395 1671 687 1757 principiis
714 1665 1004 1728 catholicis
1026 1665 1135 1723 rite
1167 1661 1492 1722 constitutis
1526 1705 1543 1737 ,
1579 1661 1760 1722 veluti
1789 1664 2034 1725 totidem
2066 1669 2360 1728 corollaria
2381 1715 2397 1745 a

300 1770 572 1833 veritates
604 1775 840 1836 ceteraS,
873 1780 1001 1842 quae
1022 1758 1136 1816 huc
1159 1756 1492 1816 referuntur
1518 1801 1535 1830 ‚
1560 1778 1817 1840 quasque
1845 1762 2037 1820 sanxit
2064 1763 2400 1823 'tridentina

289 1862 560 1947 ‘Synodus
582 1906 598 1937 ‚
633 1858 918 1921 adversus
952 1862 1261 1914 novatores
1290 1850 1664 1911 deducemus

363 2109 435 2173 (l)
463 2108 517 2156 ln
525 2106 715 2174 proefat.
730 2105 980 2168 conscripta
994 2118 1116 2150 anno
1147 2098 1272 2149 1552
1298 2132 1312 2161 ‚

297 2190 368 2238 In
395 2188 720 2254 Evanqelium
762 2183 995 2233 Matthaei
1017 2181 1308 2248 paraphras.

287 2289 408 2336 opp.
463 2271 577 2319 edit.
634 2267 849 2333 Lugduni
911 2265 1067 2313 Batav.
1130 2258 1257 2326 1706
1295 2296 1309 2320 ,

289 2362 413 2401 stom.
456 2367 542 2400 vn.

368 2434 435 2498 (2)
458 2433 524 2481 lta
542 2432 708 2498 passim
722 2429 1025 2478 Protestantes
1040 2443 1093 2474 ac
1114 2424 1313 2491 pseudo-

299 2516 555 2563 -reformati.
568 2511 977 2577 Supervacaneum
999 2510 1124 2556 estin
1140 2524 1187 2555 re
1203 2507 1314 2555 adeo

301 2607 412 2646 nota
456 2595 683 2644 adducere
710 2592 966 2658 peculiares
994 2599 1124 2639 testes
1144 2589 1201 2636 ad
1226 2588 1316 2635 hoc

298 2677 612 2744 probandum.
640 2671 764 2721 Satis
799 2681 1034 2737 propterea
1061 2673 1119 2718 sit
1162 2688 1214 2718 ex
1245 2685 1315 2717 re-

291 2756 587 2807 centioribus
626 2752 851 2801 nonnulla
892 2751 1053 2800 afferre
1082 2786 1097 2810 ,
1147 2748 1316 2815 quibus

292 2844 514 2897 constet,
541 2844 783 2884 novatores
817 2833 904 2880 hac
928 2835 979 2880 in
1008 2826 1131 2896 parte
1157 2849 1183 2879 a
1224 2849 1319 2880 ma·

302 2923 457 2987 joram
488 2926 678 2966 s'uorum
711 2916 937 2963 institutis
959 2914 1153 2961 minime
1173 2930 1317 2962 reces-

307 3004 433 3051 sisse.
483 2998 561 3048 Sic
608 3000 747 3062 igitur
787 2995 945 3044 scribit
994 2993 1317 3060 Wegscheider

306 3084 357 3130 in
383 3083 476 3129 suis
504 3076 903 3127 [institutionibus
937 3075 1181 3141 theoloqioe
1192 3075 1319 3124 chri-

305 3164 479 3210 stianae
504 3160 781 3224 doqmatieae
805 3157 863 3224 ‚§
887 3173 975 3224 172
1013 3174 1027 3206 ε
1051 3156 1191 3206 Addi
1206 3158 1319 3205 huic

309 3242 555 3307 infantum
580 3239 823 3306 Baptismo
845 3276 858 3298 ‚
891 3247 1125 3303 tanquam
1144 3240 1319 3287 initia-

307 3324 459 3372 tionis
489 3323 614 3370 ritui
633 3322 883 3368 iteratione
908 3336 1006 3368 non
1025 3322 1181 3385 eqenti
1194 3358 1207 3381 ‚
1235 3336 1320 3368 suo

308 3413 515 3470 tempore
554 3403 966 3466 confirmationem
986 3438 1000 3462 ‚
1045 3417 1191 3466 quam
1239 3401 1317 3448 di-

307 3495 421 3535 cunt
435 3501 623 3533 summa
641 3500 751 3531 cum
762 3484 996 3547 qravitate
1017 3490 1062 3530 et
1078 3484 1323 3531 severitate

304 3564 753 3615 administrandam
771 3601 784 3620 ‚
816 3580 1050 3629 perquam
1080 3563 1193 3612 utile
1217 3573 1314 3627 est,

295 3647 404 3695 ,imo
442 3648 794 3706 necessarium,
833 3646 1051 3710 primum
1087 3654 1142 3694 ut
1178 3646 1313 3696 homo

1392 2098 1663 2148 adolescens
1692 2102 1908 2167 perfecta
1959 2103 2205 2169 reliqionis
2238 2106 2395 2154 chris-

1391 2182 1536 2230 tianoe
1569 2186 1839 2247 coqnitione
1884 2186 2147 2233 instructus
2181 2190 2399 2254 semetip-

1391 2280 1498 2311 sum
1527 2264 1731 2329 exploret
1750 2302 1762 2324 ‚
1797 2274 1935 2330 atque
1952 2266 2203 2330 decernat,
2234 2277 2398 2318 utrum

1400 2343 1791 2393 Christianorum
1819 2349 2035 2396 societati
2055 2387 2068 2409 ,
2103 2352 2186 2397 cui
2210 2349 2398 2415 Baptis-

1393 2435 1516 2474 mate
1539 2427 1809 2493 adscriptus
1824 2438 1893 2476 est
1908 2466 1922 2490 ,
1949 2429 2134 2478 diutius
2146 2433 2211 2479 sit
2226 2449 2398 2480 nomen

1394 2506 1596 2555 daturus
1613 2545 1626 2568 ,
1672 2525 1737 2556 an
1764 2509 1830 2556 ad
1853 2509 1997 2557 aliam
2035 2513 2292 2576 quamdam
2324 2531 2397 2562 ac·

1394 2604 1609 2635 cessurus
1625 2609 1645 2647 ;
1671 2588 1843 2637 deinde
1872 2600 1926 2638 ut
1947 2591 2215 2640 solemniter
2247 2597 2398 2642 susci-

1387 2670 1499 2733 piat
1522 2671 1707 2735 etjam
1732 2679 1777 2717 et
1819 2671 2016 2736 officia,'
2037 2690 2142 2737 quoe
2170 2692 2278 2722 cum
2313 2676 2398 2724 illa

1387 2751 1678 2815 professione
1707 2755 1963 2818 conjuncta
1987 2763 2116 2802 sunt.
2153 2753 2229 2804 Sic
2257 2760 2396 2805 etiam

1395 2849 1494 2880 rem
1514 2833 1635 2881 hanc
1648 2845 1887 2897 exponunt
1901 2834 2180 2901 Stephanus,
2209 2837 2290 2885 W
2290 2839 2402 2886 inke

1395 2930 1490 2961 zur
1508 2912 1564 2960 V
1561 2914 1988 2981 ervollkommnnng
2001 2917 2086 2964 der
2104 2918 2406 2981 Confirman-

1397 2994 1490 3042 den
1504 3033 1516 3054 ,
1535 3013 1614 3043 seu
1628 2995 1684 3044 N
1683 3005 1791 3044 utus
1804 2997 1870 3043 ad
1882 2998 2208 3064 perfectiorem
2222 3003 2406 3049 instru-

1396 3077 1598 3125 ctionem
1621 3079 2055 3141 eonfirmandornm
2070 3116 2085 3140 ‚
2118 3081 2213 3130 Erl.
2250 3079 2402 3143 18103

1400 3157 1462 3206 H.
1497 3157 1577 3207 W.
1626 3159 1834 3208 Rudeker
1872 3198 1885 3220 ‚
1939 3161 2093 3210 Ueber
2144 3162 2406 3225 Confirma-

1400 3240 1531 3296 tion‚
1563 3245 1654 3289 etc.
1681 3240 1761 3288 De
1789 3240 2150 3297 confirmatione
2167 3251 2211 3290 et
2234 3243 2404 3306 confir-

1403 3322 1685 3370 mandorum
1736 3325 2049 3373 instructione
2081 3362 2094 3385 ‚
2151 3324 2404 3389 Specimen

1401 3402 1927 3470 historico-practicam,
1945 3406 2072 3458 Gott.
2095 3403 2218 3453 1823
2236 3422 2249 3468 3
2268 3405 2400 3454 Bret-

1402 3485 1644 3534 schneider
1684 3525 1696 3547 ‚
1748 3487 1974 3553 Doqmat.
2016 3486 2045 3534 3
2101 3494 2233 3535 tract.
2277 3486 2400 3551 Lips.

1409 3564 1534 3616 1828
1560 3605 1572 3629 ,
1594 3579 1704 3618 tom.
1724 3585 1757 3617 11
1782 3607 1795 3630 ‚
1827 3588 1928 3636 pag.
1959 3566 2054 3634 667
2085 3579 2128 3618 et
2159 3585 2288 3634 seqq.
