2502 4186
2067 279 2196 338 295

548 302 669 338 CAP.
719 302 781 340 Ι..
810 301 878 337 DE
921 299 1195 338 VERITATE
1239 296 1567 351 SACRIFICH,
1613 299 1734 336 ETC.

878 452 1360 503 DIFFICULTATES.

150 591 290 650 292.
336 589 464 669 Obj.
506 592 571 650 1ο
607 591 851 650 Mosaica
892 591 1017 671 lege
1058 589 1344 659 sancitum
1377 600 1468 648 est
1497 634 1514 663 ,
1554 600 1620 646 ut
1656 589 1718 646 in
1749 591 2022 669 sacrificio
2048 615 2189 674 pro-

71 686 362 767 pitiatorio
402 696 523 744 tota
559 686 794 747 victima
831 685 1305 759 combureretur,
1346 706 1462 766 quo
1503 683 1722 742 factum
1758 697 1877 762 est,
1917 698 1984 745 ut
2019 688 2189 747 holo·

73 783 251 839 causti
291 802 510 839 nomen
553 782 855 863 acceperit.
889 783 961 841 At
992 779 1258 840 Sacrificii
1296 778 1660 838 eucharistici
1691 768 2003 862 participes
2036 784 2188 842 fiunt

72 899 193 936 non
217 876 401 935 solum
419 876 753 936 Sacerdotes
769 923 784 953 .,
810 876 910 938 sed
930 886 1213 959 quotquot
1239 874 1316 934 ad
1335 896 1557 937 sacram
1579 897 1846 939 mensam
1877 879 2184 939 accedunt.

71 973 143 1030 20
186 973 356 1032 Certa
396 983 674 1053 praeterea
713 983 800 1031 est
829 970 1086 1055 Apostoli
1123 970 1412 1037 sententia
1459 968 1640 1030 Hebr.
1697 973 1810 1046 IX,
1858 972 1941 1028 22
1986 994 2000 1029 :
2047 975 2190 1032 Sine

71 1070 393 1146 sanquinis
432 1068 711 1146 effusione
733 1088 854 1126 non
889 1069 961 1146 fit
985 1066 1251 1125 remissio
1284 1066 1408 1145 (l)3
1464 1064 1627 1124 nulla
1655 1077 1854 1125 autem
1899 1065 1963 1124 in
2001 1068 2188 1128 Missae

72 1161 357 1220 Sacrificio
395 1162 687 1241 sanguinis
736 1160 936 1220 effusio
982 1162 1069 1219 fit.
1116 1160 1173 1219 3⁰
1219 1159 1471 1240 Intelligi
1505 1161 1740 1242 nequit,
1798 1182 1912 1242 qua
1951 1161 2177 1227 ratione

69 1255 260 1314 Missae
296 1256 644 1315 Sacrificium
691 1255 873 1336 possit
908 1276 1031 1321 esse
1077 1241 1588 1338 propitiatorium3
1641 1255 1864 1322 etenim
1906 1256 2022 1324 tale
2061 1277 2187 1316 esse

68 1350 275 1431 nequit
310 1372 381 1409 ex
419 1371 515 1424 se,
571 1343 829 1436 alioquin
870 1340 1249 1412 evacuaretur
1286 1349 1643 1409 Sacrificium
1677 1350 1897 1425 crucis3
1940 1350 2045 1418 sed
2086 1373 2192 1411 nec

66 1444 534 1525 propitiatorium
583 1437 719 1504 esse*
753 1455 947 1526 potest
993 1444 1212 1506 virtute
1263 1444 1536 1510 Sacrificii
1585 1444 1647 1507 in
1689 1442 1856 1508 cruce
1902 1447 2123 1534 peracti
2163 1491 2179 1530 7

72 1541 205 1621 quia
237 1553 578 1623 sequeretur
597 1586 612 1616 ‚
638 1541 994 1600 insufficiens
1023 1540 1182 1600 istud
1210 1562 1332 1600 esse
1357 1539 1432 1599 ad
1453 1543 1642 1605 Deum
1664 1539 1834 1599 nobis
1861 1542 2189 1624 propitian-

68 1634 232 1694 dum.
273 1637 339 1695 4⁰
373 1638 748 1720 Exploratum
789 1637 1029 1697 demum
1066 1648 1182 1712 est,
1226 1636 1423 1695 omnia
1459 1657 1697 1717 prorsus
1738 1629 1978 1721 peccata
2012 1637 2181 1696 nobis

69 1731 301 1790 dimissa
328 1754 450 1792 esse
479 1732 760 1792 beneficio
796 1733 980 1799 crucis
1012 1731 1246 1790 Christi.
1277 1732 1444 1810 Ergo.

145 1825 286 1885 293.
335 1827 506 1909 Resp.
540 1826 635 1888 Ad
660 1828 771 1903 1¹1¹,
810 1829 964 1886 Dist.
997 1824 1326 1908 Aliquando
1351 1826 1493 1885 etin
1516 1825 1817 1885 nonnullis
1845 1827 2132 1886 sacrificiis
2153 1873 2170 1903 ,

69 1940 258 1994 eone.,·
285 1941 516 2003 semper
547 1933 606 1981 et
633 1922 694 1980 in
718 1920 989 2012 omnibus
1009 1965 1028 1996 ,
1060 1943 1187 2002 neq.
1217 1921 1319 1981 Uti
1355 1932 1586 1980 constat
1611 1943 1683 1981 ex
1707 1922 1890 1992 Levit.
1921 1943 2091 2004 capp.
2112 1924 2186 1982 IV

69 2140 490 2209 consumptionem,
508 2143 564 2192 ut
580 2137 631 2185 fit
649 2154 674 2185 a
689 2135 929 2184 Sacerdote
945 2138 1077 2193 sacri÷

70 2219 268 2279 ficante‚
300 2236 396 2268 esse
430 2228 605 2283 partem
641 2217 960 2271 essentialem,
1000 2216 1078 2264 sed

39 2314 166 2348 *non
198 2306 348 2348 totam
382 2302 623 2348 essentiam
651 2298 897 2346 sacrificii.
933 2296 1078 2363 Cujus

69 2384 325 2430 assertionis
355 2382 478 2437 hanc
508 2380 644 2429 affert
672 2382 927 2438 rationem,
967 2382 1078 2445 quia

69 2465 120 2511 in
153 2463 281 2511 nulla
313 2464 400 2511 alia
432 2462 583 2511 Missae
617 2463 797 2516 actione
836 2472 901 2509 est
936 2459 1080 2508 realis

9 2551 12 2554 ⁴
70 2544 323 2593 destructio
350 2547 549 2594 vietimae
580 2553 896 2609 praeterquam
913 2545 961 2590 in
977 2544 1078 2591 ista.

69 2625 129 2674 At
159 2627 261 2675 haec
290 2629 404 2675 ratio
432 2645 486 2675 ex
516 2627 691 2690 duplici
724 2627 871 2689 capite
909 2633 1070 2688 nutat3

73 2724 127 2756 ac
151 2711 300 2772 primo
326 2708 516 2775 quidem
534 2743 547 2766 ‚
584 2710 692 2772 quia
710 2724 789 2771 per
806 2707 951 2754 solam
967 2722 1079 2753 con-

73 2791 379 2853 sumptionem
404 2799 508 2838 ante
530 2790 871 2852 corruptionem
906 2788 1080 2852 specie-

74 2886 178 2916 rum
201 2887 298 2925 non
318 2870 486 2926 desinit
503 2888 597 2919 esse
613 2869 789 2934 Corpus
803 2868 975 2916 Christi
992 2867 1084 2922 sub-

76 2950 315 3014 speciebus
334 2966 350 3014 3
380 2969 522 3017 quare
537 2954 690 3016 potius
717 2953 768 2999 in
789 2953 1080 3015 corruptione

86 3034 339 3096 specierum
365 3049 505 3097 quam
535 3035 585 3080 in
603 3033 962 3087 manducatione
979 3050 1082 3096 pars

77 3113 326 3161 essentialis
336 3111 554 3167 Sacrificii
568 3115 852 3173 consisteret,
871 3111 1082 3179 adeoque

85 3204 349 3258 sequeretur
363 3204 538 3258 partem
559 3194 845 3251 essentialem
863 3194 1083 3248 sacrificii

74 3293 170 3323 non
198 3277 248 3323 in
277 3275 406 3323 altari
434 3275 534 3323 fieri
565 3293 592 3329 a
616 3274 860 3329 Sacerdote
881 3311 895 3336 ‚
923 3276 1004 3327 sed
1033 3278 1089 3324 in.

76 3357 333 3416 stomacho,
358 3356 546 3422 quando
562 3358 612 3410 in
626 3373 678 3404 eo
693 3358 862 3420 species
876 3373 1084 3409 corrum-,

76 3450 252 3504 puntur
265 3473 281 3499 ‚
301 3437 427 3504 quod
441 3438 618 3486 videtur
632 3437 899 3485 absurdum.
914 3436 1085 3486 Secun-

77 3521 137 3569 do
164 3530 328 3580 nutat,
362 3522 472 3585 quia
500 3522 599 3584 ipsa
629 3520 766 3572 etiam
791 3510 1085 3584 corruptione

80 3605 333 3666 specierum
361 3604 410 3649 in
436 3603 532 3665 ipso
551 3598 732 3648 Christo
749 3637 763 3659 ‚
795 3603 876 3666 qui
896 3601 1088 3650 offertur

79 3670 130 3730 in
147 3681 460 3743 Sacrificium,
490 3680 623 3730 nulla
637 3683 689 3730 fit
705 3684 896 3731 mutatio
923 3699 1087 3732 secun-

80 3758 322 3826 dum-esse,
337 3766 414 3813 sed
427 3774 606 3813 tantum
621 3764 876 3813 secundum
891 3764 1083 3813 modum

1165 2134 1397 2183 existendi
1428 2136 1516 2193 sub
1549 2135 1789 2201 speciebus
1810 2171 1824 2196 ,
1857 2153 1911 2191 eo
1943 2138 2069 2203 quod
2099 2139 2198 2187 sub»

1165 2216 1258 2263 illis
1285 2215 1452 2264 desinit
1479 2203 1606 2281 esse'3
1640 2234 1745 2283 quae
1771 2219 1963 2283 quidem
1990 2224 2184 2269 mutatio

1165 2307 1268 2361 apta
1303 2315 1400 2345 non
1446 2309 1515 2346 est
1564 2298 1624 2346 ad
1668 2302 1911 2347 essentiam
1959 2300 2184 2350 Sacrificii

1162 2379 1553 2428 constituendam.
1586 2378 1810 2447 Alioquin
1841 2382 2182 2449 quodcumque

1163 2460 1289 2507 aliud
1315 2477 1458 2525 genus
1471 2465 1836 2527 consumptionis
1859 2464 2001 2529 hujus
2017 2462 2180 2514 Sacra.-

1162 2544 1307 2589 menti
1338 2578 1352 2601 ‚
1399 2542 1538 2608 quale
1576 2554 1692 2592 esset
1730 2562 1812 2609 per
1859 2547 2011 2610 ignem
2041 2583 2055 2607 ‚
2102 2557 2184 2596 aut

1164 2624 1359 2688 quodvis
1385 2624 1512 2672 aliud
1531 2661 1546 2684 ‚
1573 2642 1657 2690 per
1681 2626 1809 2691 quod
1829 2625 2041 2676 Christus
2070 2629 2184 2677 desi-

1163 2717 1291 2756 neret
1316 2723 1412 2755 esse
1442 2709 1492 2754 in
1520 2707 1611 2755 hoe
1630 2706 1956 2771 Sacramento‚
1985 2712 2023 2757 si
2051 2709 2182 2759 fieret

1164 2807 1218 2837 ex
1255 2788 1423 2838 affectu
1458 2790 1642 2838 colendi
1669 2789 1823 2838 Deum
1843 2828 1856 2851 ,
1883 2802 2034 2856 posset
2065 2809 2179 2840 con-

1164 2873 1349 2919 stituere
1383 2881 1557 2935 partem
1595 2872 1883 2920 essentialem
1919 2869 2175 2934 Sacrificii;

1165 2953 1291 3018 quod
1321 2954 1491 3016 pariter
1519 2952 1700 3003 videtur
1729 2953 2001 3003 absurdum.
2037 2958 2181 3004 Acce-

1165 3034 1264 3094 dit,
1285 3033 1463 3082 nullam
1491 3051 1587 3082 esse
1614 3034 1894 3099 peculiarem
1923 3038 2178 3098 rationem,

1166 3134 1306 3182 quare
1340 3118 1634 3180 consumptio
1673 3133 1731 3164 ex
1767 3127 1893 3181 parte
1923 3116 2207 3179 Sacerdotis¹

1166 3208 1338 3262 spectet
1355 3198 1412 3245 ad
1428 3199 1672 3245 essentiam
1691 3235 1705 3259 ‚
1727 3200 1920 3248 minime
1942 3217 2052 3248 vero
2074 3219 2185 3267 qua·

1167 3290 1299 3328 tenus
1321 3280 1374 3327 fit
1392 3297 1445 3327 ex
1465 3290 1589 3343 parte
1613 3280 1789 3344 populi.
1808 3279 1909 3329 Hoc
1927 3284 2153 3348 principio
2167 3319 2181 3342 ,

1168 3370 1220 3409 ut
1258 3361 1553 3420 videbimus,
1591 3362 1725 3409 abusi
1763 3372 1872 3411 sunt
1910 3380 2008 3411 non
2046 3366 2183 3428 pauci

1167 3443 1419 3502 neoterici,
1446 3452 1500 3489 ut
1515 3444 1862 3505 constituerent,
1889 3447 2185 3492 communio·

1170 3540 1279 3573 nem
1313 3524 1473 3588 populi
1515 3533 1723 3590 spectare
1763 3525 1823 3574 ad
1859 3523 2080 3574 Sacrificii
2111 3543 2184 3574 es-

1171 3607 1386 3653 sentiam.

1241 3686 1305 3751 (l)
1342 3683 1476 3753 Xcopis
1511 3689 1632 3750 αἱμα
1656 3684 1903 3749 razna-las
1934 3689 1981 3736 ου’
2010 3684 2186 3747 γίνεται

1165 3763 1353 3834 ἔφεσις.
