2502 4186
282 261 394 321 136

824 529 1830 670 TRACTATUS

342 867 493 954 DE
587 823 1456 954 AUGUSTISSIMO'
1516 863 2329 955 EocHAfflsnAE

932 1012 1736 1102 sAcRAMENTO.

367 1331 422 1389 1.
468 1312 885 1388 Eucliaristiam
925 1329 1432 1387 Sacramentorum
1459 1328 1722 1387 omnium
1737 1329 2098 1410 praecipuum
2123 1349 2187 1387 ae
2212 1327 2383 1387 nobi-

277 1424 565 1484 lissimum
596 1469 613 1499 ‚
669 1423 788 1481 imo
832 1432 892 1481 et
941 1422 1115 1481 totius
1165 1421 1476 1502 Religionis
1535 1423 1864 1482 christianae
1927 1423 2381 1505 compendium,

281 1518 522 1578 summis
550 1516 818 1577 laudibus
835 1527 1058 1580 veteres
1091 1519 1287 1576 Patres
1317 1516 1803 1577 commendarunt
1824 1529 1998 1599 atque
2024 1517 2378 1577 extulerunt.

279 1612 595 1692 ,Christiani
634 1612 855 1671 omnes
881 1611 1256 1672 veneratione
1298 1623 1356 1671 et
1408 1614 1558 1694 grati
1604 1612 1783 1670 animi
1833 1633 2006 1671 sensu
2047 1633 2387 1693 supremum

282 1708 394 1767 hoc
437 1706 732 1771 charitatis
782 1703 1123 1765 miraculum
1174 1707 1380 1787 quovis
1431 1719 1693 1788 tempore
1735 1707 2027 1788 prosecuti
2082 1717 2238 1765 sunt.
2285 1708 2388 1765 In-

283 1802 536 1877 creduli.,
578 1801 928 1861 recentiores
966 1800 1165 1860 biblici
1200 1822 1264 1860 ac
1305 1802 1673 1861 rationalistae
1716 1793 1750 1860 e
1789 1822 2104 1875 converSO,
2154 1801 2390 1860 furiosos

285 1907 598 1958 novatores
635 1897 742 1957 aevi
770 1897 953 1955 nostri
983 1896 1226 1974 imitati,
1270 1895 1383 1955 tela
1421 1898 1615 1955 omnia
1650 1896 1762 1955 huc
1794 1896 2144 1973 conjiciunt,
2178 1907 2243 1953 ut
2279 1896 2391 1954 sci-

282 1990 418 2052 licet
478 1990 883 2054 suavissimum
935 1989 1044 2050 hoc
1092 1992 1571 2072 peregrinationis
1632 2001 1841 2049 nostrae
1900 1990 2159 2049 solamen
2220 1987 2389 2051 nobis

285 2087 570 2168 eripiant3
614 2097 672 2146 et
693 2107 713 2161 ‚²
748 2087 848 2168 qui
876 2085 1292 2145 Incarnationis
1317 2107 1382 2165 ac
1403 2085 1838 2167 Redemptionis
1866 2085 2206 2162 mysterium
2227 2105 2391 2145 ever-

283 2192 407 2242 tere
452 2181 644 2240 conati
691 2193 865 2252 sunt
919 2180 1370 2253 Eucharistiam
1416 2201 1544 2262 quae
1585 2180 1748 2240 velut
1783 2178 2202 2236 Incarnationis
2247 2199 2388 2237 con-

283 2276 534 2334 tinuatio
562 2285 619 2334 et
649 2276 907 2334 extensio
937 2287 1059 2349 est,
1099 2297 1163 2333 ac
1193 2274 1514 2333 uberrimos
1549 2259 1968 2369 redemptionis
1997 2273 2258 2332 fructus
2242 2296 2303 2332 in
2328 2295 2390 2333 se

285 2368 546 2445 continet
573 2367 857 2451 nobisque
897 2372 1321 2444 communicat
1361 2392 1392 2429 e
1415 2371 1605 2430 medio
1629 2370 1846 2452 pariter
1870 2367 2072 2428 tollere
2094 2381 2381 2448 satagunt.

285 2466 388 2529 Ast
420 2464 585 2523 irrito
614 2476 860 2538 conatu·
916 2467 1067 2524 Deus
1100 2466 1257 2524 enim
1281 2465 1538 2525 Ecclesiae
1573 2487 1689 2524 suae
1718 2474 1930 2547 praesto
1965 2475 2071 2523 est.
2105 2463 2308 2523 Nulli
2291 2485 2386 2521 111-

283 2569 440 2619 terea
463 2571 522 2618 et
546 2581 651 2618 nos
678 2560 976 2619 industriae
1009 2582 1244 2642 parcere
1277 2560 1554 2620 debemus
1573 2606 1589 2636 7
1623 2572 1689 2618 ut
1715 2560 2021 2621 veritatem
2051 2579 2386 2639 propugne-

281 2675 413 2713 mus
448 2654 755 2714 ineffabilis
788 2655 960 2732 liujus
1003 2656 1286 2735 mysterii,
1334 2658 1398 2714 in
1439 2677 1554 2736 quo
1596 2658 1746 2714 Deus
1788 2653 2014 2712 divitias
2050 2653 2259 2710 amoris
2297 2653 2384 2711 sui

285 2769 418 2828 erga
446 2771 552 2808 nos
578 2749 721 2808 adeo
745 2748 1062 2830 liberaliter
1089 2751 1368 2831 profudit.

361 2844 420 2901 2.
469 2843 664 2903 Multis
689 2843 1124 2927 splendidisque
1146 2844 1479 2904 nominibus
1501 2846 1901 2906 Eucharistia
1921 2890 1935 2919 7
1965 2865 2091 2926 quae
2115 2854 2381 2902 tantum—

283 2938 419 2997 dem
461 2938 741 3017 significat
776 2960 840 2997 ac
875 2941 1030 2999 hona
1056 2946 1263 3020 qratia
1304 2962 1403 2999 seu
1419 2946 1765 3021 qratiarum
1789 2944 1942 2998 actio
1962 2986 1977 3015 7
2023 2962 2055 2999 a
2085 2939 2380 3020 Scriptura

283 3044 343 3091 et
379 3032 643 3092 Patribus
673 3045 1006 3093 exornatur.
1051 3036 1280 3095 Etenim
1313 3037 1375 3094 10
1411 3057 1442 3093 a
1482 3046 1745 3116 tempore
1786 3035 2164 3094 institutionis
2200 3036 2380 3093 Coena

281 3139 694 3210 nuncupatum
728 3130 795 3186 2⁰
820 3128 896 3203 ab
933 3151 1000 3188 eo
1037 3130 1196 3211 quod
1240 3130 1498 3189 continet
1527 3176 1542 3200 2
1591 3136 1815 3211 Corpus
1838 3175 1854 3203 ,
1897 3135 2078 3201 Caro,
2115 3131 2379 3207 Sanguis

287 3224 537 3294 Christi,
582 3225 724 3283 item
762 3226 985 3284 Sancta
1030 3225 1092 3283 in
1138 3226 1382 3304 liturgiis
1429 3227 1618 3305 graecis
1647 3272 1663 3300 ,
1714 3228 1934 3285 Sancta
1990 3235 2373 3294 sanctorum,

280 3315 572 3376 Sanctum
608 3321 865 3377 Domini
889 3344 907 3385 ;
957 3319 1022 3378 30
1070 3342 1101 3379 a
1148 3322 1388 3379 materia
1420 3366 1437 3396 ,
1494 3343 1563 3379 ex
1611 3343 1723 3403 qua
1773 3321 2113 3392 conficitur⁷
2179 3318 2373 3376 Panis

281 3411 518 3487 dicitur,
545 3414 741 3471 Panis
760 3416 1384 3492 supersubstantialis,
1407 3417 1602 3474 Panis
1615 3418 1978 3496 Anyelorum
1991 3440 2016 3487 ,-
2043 3413 2108 3470 40
2130 3434 2160 3471 a
2186 3413 2370 3471 forma

279 3508 717 3565 consecrationis
745 3509 1007 3588 Euloyia
1042 3530 1144 3567 seu
1182 3511 1521 3570 Benedictio
1548 3522 1606 3570 et
1647 3513 2046 3575 consecratam
2084 3508 2147 3565 50
2185 3507 2257 3565 ab
2284 3508 2370 3565 ef-

278 3602 520 3662 fectibus
545 3614 782 3665 vocatur
816 3605 953 3665 Vita
970 3650 985 3679 ,
1013 3604 1363 3664 Communio
1379 3650 1400 3678 ,
1437 3608 1910 3666 Communicatio
1935 3616 1994 3665 et
2031 3606 2368 3667 watinum,-

283 3697 349 3755 60
369 3697 610 3759 demum
640 3720 673 3758 a
701 3698 825 3759 loco
844 3745 860 3775 .,
884 3700 946 3759 in
969 3721 1083 3782 quo
1105 3701 1403 3763 conficitur
1420 3747 1437 3779 ,
1468 3703 1928 3764 Sacramentum
1949 3703 2163 3761 altaris
2178 3743 2202 3774 ,
2224 3699 2365 3758 item
