2502 4186
725 265 848 303 cu».
896 264 962 301 11.
1010 264 1080 300 nn
1121 262 1282 299 mssa
1324 257 1581 301 milvum.
2090 237 2213 296 299

108 405 395 481 ministro,
418 429 539 465 non
554 429 660 488 pro
689 427 749 466 se
776 415 1042 479 tantum7
1074 404 1175 464 sed
1202 425 1309 485 pro
1338 401 1607 464 omnibus
1634 398 1904 459 fidelibus
1933 400 2205 474 offertore,

105 524 240 560 usus
282 514 482 562 tamen
523 501 805 576 invaluit,
850 511 917 559 ut
953 500 1074 560 aliae
1116 500 1303 559 Missae
1338 503 1599 577 privatae
1621 538 1642 568 ,
1689 495 1812 555 aliae
1843 499 2112 576 publices
2149 508 2210 556 et

104 600 382 658 solemnes
417 608 718 658 vocentur.
763 598 1023 656 Privata
1055 606 1251 654 autem
1291 592 1532 668 dicitur,
1573 591 1668 652 vel
1704 593 1837 674 quia
1878 594 1941 653 in
1974 594 2210 674 privato

101 690 226 751 loco
246 738 261 767 ,
301 693 392 753 vel
422 693 555 773 quia
582 714 702 750 non
734 690 826 751 die
852 693 997 750 festo
1018 736 1034 765 ‚
1069 688 1163 751 vel
1196 689 1329 770 quia
1355 710 1475 749 non
1510 687 1585 747 ad
1609 709 1769 746 aram
1797 688 2002 770 templi
2033 689 2208 771 prin-

95 787 281 867 cipem
316 787 673 861 celebratur,
718 808 825 846 nec
856 782 1195 868 parochialis
1241 793 1363 857 est,
1408 794 1476 842 ut
1503 781 1864 864 loquuntur,
1909 804 2013 843 seu
2055 804 2198 843 con-

97 880 413 955 ventualis,
440 882 529 944 vel
557 882 689 962 quia
712 882 964 963 denique
980 901 1152 945 nemo
1174 880 1253 938 ex‘
1269 877 1669 944 assistentibus
1697 877 2197 938 sacramentaliter

99 975 305 1034 saltem
346 978 740 1037 communicat
764 975 874 1063 (1).

175 1071 314 1130 299.
358 1072 644 1132 Lutherus
683 1094 752 1131 ex
787 1081 1187 1152 praeconcepto
1228 1090 1422 1129 errore
1457 1090 1600 1144 suo,
1638 1067 1797 1151 quod
1839 1068 2199 1128 Eucharistia

93 1187 215 1224 non
239 1165 452 1226 habeat
478 1169 763 1230 rationem
805 1165 1076 1230 Sacrificii
1097 1209 1114 1241 ,
1157 1165 1259 1224 sed
1289 1164 1479 1232 solum
1507 1165 1861 1224 Sacramenti
1885 1209 1902 1241 ,
1943 1164 2009 1223 in
2050 1162 2202 1223 libro

91 1262 182 1320 De
205 1263 558 1342 ahroyanda
587 1264 776 1323 ffIissa
808 1264 1057 1340 privata
1093 1259 1269 1320 stulte
1305 1258 1696 1319 debacchatur
1729 1260 1792 1318 in
1819 1281 1913 1319 eas
1953 1260 2155 1319 Missas
2180 1303 2197 1334 ,

92 1355 156 1412 in
179 1357 388 1437 quibus
413 1358 565 1417 solus
587 1355 861 1416 Sacerdos
887 1355 1195 1437 participat
1211 1401 1227 1430 ,
1249 1377 1458 1437 easque
1480 1357 1783 1415 solitarias
1799 1402 1814 1431 ‚
1833 1358 2200 1436 sinyulares,

92 1455 414 1531 anqulares
448 1451 704 1535 appellat
735 1451 975 1532 aliisque
1012 1450 1439 1511 contumeliosis
1475 1450 1811 1511 nominibus
1842 1448 2018 1510 afficit
2045 1450 2151 1531 (2).

173 1546 310 1608 300.
362 1548 508 1608 Huic
553 1546 1017 1606 Lutheranorum
1065 1547 1242 1606 errori
1280 1545 1440 1605 haud
1485 1568 1696 1627 parum
1739 1547 1899 1607 favet
1942 1546 2200 1627 synodus

91 1641 451 1702 Pistoriensis
473 1688 488 1717 ,
532 1664 659 1723 quae
678 1687 696 1719 ‚
736 1663 869 1701 cum
900 1642 1195 1700 statuisset
1237 1645 1496 1700 victimae
1521 1646 2063 1721 participationem
2084 1662 2200 1700 esse

77 1748 315 1815 partem
330 1739 637 1816 Sacrificio
658 1739 1022 1804 essentialem
1045 1781 1061 1810 ,
1091 1735 1388 1816 subjungit
1410 1758 1422 1794 :
1451 1737 1582 1796 Non
1605 1747 1806 1796 tamen
1821 1758 1878 1796 se
1900 1738 2200 1796 damnare

86 1843 158 1890 ut
187 1835 428 1891 illicitas
472 1834 694 1892 Missas
737 1834 910 1904 illas,
958 1835 1027 1890 in
1069 1833 1292 1911 quihus
1334 1833 1636 1892 adstantes
1680 1833 2204 1892 sacramentaliter

84 1949 204 1986 non
228 1934 714 2000 communicant,
741 1930 869 1988 ideo
902 1934 1051 2007 quia
1073 1933 1182 1988 isti
1200 1928 1623 2009 participant,
1663 1932 1797 1990 licet
1824 1934 2032 1989 minus
2050 1951 2199 2009 per-

81 2027 229 2101 fecte·
247 2068 263 2098 ‚
291 2026 360 2082 de
382 2031 516 2103 ipsa
539 2028 781 2082 victima
798 2067 821 2095 ,
847 2028 1072 2102 spiritu
1093 2027 1266 2082 illam
1297 2028 1655 2104 recipiendo.
1685 2028 1828 2101 Quae
1855 2028 2195 2108 propositiO,

82 2130 377 2196 quatenus
408 2124 711 2191 insinuat,
750 2121 835 2176 ad
855 2121 1160 2197 Sacrificii
1188 2125 1501 2179 essentiam
1541 2122 1726 2180 deesse
1767 2124 2013 2201 aliquid
2041 2127 2111 2180 in
2136 2144 2197 2182 eo

84 2214 394 2290 Sacrificio
408 2257 431 2285 ,
467 2215 627 2292 quod
649 2225 992 2294 perayatur
1029 2220 1148 2272 sive
1183 2216 1349 2279 nullo
1385 2217 1697 2289 adstante,
1741 2221 1861 2275 sive
1898 2219 2223 2275 adstanti-'

81 2309 231 2382 hus,
275 2314 387 2388 qui
431 2331 537 2367 nec
581 2311 1098 2367 sacramentaliter
1133 2330 1236 2367 nee
1265 2313 1630 2388 spiritaliter
1668 2313 1738 2369 de
1779 2304 2025 2370 victima
2042 2334 2199 2391 par-

81 2409 338 2482 ticipant
356 2449 379 2476 ,
423 2417 477 2464 et
511 2411 698 2484 quasi
733 2406 1101 2464 damnandae
1139 2417 1326 2464 essent
1351 2417 1421 2465 ut
1455 2409 1682 2468 illicitae
1713 2410 1917 2469 Missoe
1939 2411 2089 2481 illoe,
2126 2414 2196 2468 in

77 2502 301 2577 quibus
325 2545 339 2574 ‚
380 2504 495 2559 solo
520 2489 826 2559 Sacerdote
859 2504 1365 2573 communicante,
1403 2524 1572 2565 nemo
1604 2506 1789 2577 adsit,
1814 2509 1926 2583 qui
1949 2510 2068 2564 sive
2094 2528 2196 2565 sa-

78 2598 526 2654 cramentaliter
555 2600 673 2654 sive
713 2599 1072 2675 spiritaliter
1098 2603 1526 2673 communicet,
1561 2620 1592 2657 a
1618 2600 1716 2658 Pio
1743 2601 1823 2659 Vl
1853 2601 1914 2658 in
1942 2602 2190 2661 Constit.

81 2691 393 2749 Auctorem
423 2693 567 2770 fidei
593 2693 916 2773 proscripta
949 2704 1035 2751 est
1067 2703 1132 2750 ut
1149 2695 1348 2770 falsa⁷
1392 2715 1675 2766 erronea,
1712 2697 1782 2758 de
1821 2697 2037 2756 koeresi
2070 2719 2195 2756 sus-

68 2795 283 2861 pecta,
308 2808 550 2867 eamque
587 2794 827 2866 sapiens
851 2787 964 2866 (3)

161 2877 298 2937 301.
335 2881 566 2960 Synodo
587 2884 921 2941 Pistoriensi
958 2887 1082 2961 jam
1119 2884 1430 2965 praeiverat
1467 2887 1878 2950 Nannaronius
1928 2888 2063 2970 (qui
2100 2899 2193 2947 ta-

79 2994 217 3032 men
267 2973 496 3056 publice
545 2999 767 3037 errores
823 2999 953 3040 suos
1009 2980 1257 3058 ejuravit
1308 2979 1457 3059 (4)),
1521 2982 1622 3063 qui
1682 3003 1834 3062 pene
1878 2985 2130 3065 sopitam
2158 3005 2193 3042 a

144 3165 207 3226 (l)
231 3164 399 3213 Praeter
412 3165 681 3234 Bellarmin.
701 3167 1077 3230 οἰκίζει-4130113,
1164 3174 1341 3236 privata
1365 3172 1522 3227 altaria
1551 3174 1600 3221 in
1631 3172 1830 3237 anqulis
1859 3173 2193 3234 ecclesiarum,

74 3246 253 3294 Rerum
279 3246 490 3312 liturqic.
522 3248 602 3296 lib.
637 3266 682 3309 1,
705 3268 805 3314 cap.
847 3250 934 3311 13,
974 3269 1082 3309 cum
1163 3256 1349 3302 nemine
1392 3264 1554 3318 praeter
1598 3254 1890 3306 Sacerdotem
1931 3269 2185 3322 praesente,

75 3339 300 3376 annotatt.
351 3328 539 3404 Robxerti
596 3329 698 3378 Sala
730 3367 744 3391 ‚
799 3331 910 3387 edit.
958 3332 1081 3382 Tau·
1164 3336 1607 3385 demurmurantur.

73 3412 165 3459 rin.
204 3409 351 3474 1753.
1236 3418 1305 3483 (3)
1347 3419 1480 3484 Prop.
1523 3437 1683 3470 xxvm.

141 3491 203 3553 (Ξ)
242 3492 301 3540 Ut
336 3493 453 3540 nihil
485 3493 601 3540 desit
631 3495 847 3542 conviciis
867 3528 880 3554 ‚
918 3495 1089 3571 quibus
1241 3491 1305 3565 (li)
1343 3500 1430 3549 Hic
1449 3501 1577 3566 plura
1598 3501 1818 3567 opuscula
1836 3501 2040 3551 ediderat
2066 3503 2186 3554 circa

75 3572 378 3624 Protestantes
392 3578 670 3623 insectantur
683 3575 843 3624 Missas
860 3579 1083 3641 privatas,
1170 3583 1409 3647 publicum
1444 3587 1523 3648 jus
1555 3585 1768 3632 divinum
1799 3583 1856 3631 ad
1887 3584 2186 3631 communio-

84 3651 309 3717 Gerhanl,
332 3658 425 3707 loc.
454 3674 484 3704 x
498 3693 515 3720 ‚
539 3677 640 3723 pag.
672 3657 769 3724 295
789 3665 835 3707 et
856 3676 952 3726 seq.
969 3663 1083 3709 scri·
1165 3681 1276 3712 nem
1325 3663 1672 3715 eucharisticam
1721 3669 1769 3712 in
1814 3666 1910 3728 ipsa
1958 3663 2183 3717 Sacrificii

80 3732 148 3781 bit
173 3772 186 3797 ‚
217 3737 383 3788 'Missas
410 3743 606 3805 privatas
633 3758 707 3790 eas
746 3758 842 3791 esse
859 3778 872 3803 ,
895 3760 994 3809 quae
1023 3744 1080 3793 ad
1165 3748 1343 3795 actione
1360 3782 1373 3806 ,
1399 3761 1502 3812 quae
1528 3749 1578 3794 in
1602 3746 1802 3796 indicem
1821 3745 2044 3795 librorum
2075 3762 2183 3811 pro-
