2502 4186
75 386 77 388 -
94 375 126 400 ›1⁶-

270 225 318 283 ’4
1018 245 1212 284 mmor.
1260 244 1329 281 m:
1371 243 1655 282 ΒΑΜ-18110.

364 386 418 446 6.
465 386 634 461 Quod
687 395 909 468 spectat
955 383 1030 442 ad
1084 383 1326 442 modum
1382 382 1898 442 administrationis
1945 386 2221 466 baptismi
2264 389 2384 450 sive

279 479 627 555 ablutionis,
683 479 866 539 Graeci
902 499 1054 559 saepe
1090 478 1295 559 saepius
1349 478 1579 537 crimini
1628 477 1898 537 Ecclesiae
1940 481 2212 542 Romanae
2249 504 2385 544 ver-

276 587 483 637 terunt
501 621 516 649 .,
546 573 704 654 quod
727 572 1016 654 baptisma
1045 594 1151 654 per
1178 574 1571 655 aspersionem
1602 584 1702 637 aut
1729 573 2080 633 infusionem
2105 575 2382 651 conferat3

267 687 389 731 ‘nec
435 661 605 730 veriti
651 667 920 727 nonnulli
962 689 1038 727 ex
1074 667 1187 726 illis
1232 679 1371 727 sunt
1406 667 1676 726 Latinam
1723 668 2038 727 Ecclesiam
2089 669 2384 743 incusare,

261 764 440 846 quod
482 785 682 824 verum
723 784 845 821 non
880 760 1095 822 habeat
1132 761 1451 845 baptisma3
1498 761 1742 843 ideoque
1783 762 2223 846 rebaptizandos
2265 784 2390 823 esse

280 881 386 942 per
418 857 602 918 solam
642 857 1036 939 aspersionem
1072 868 1172 916 aut
1209 857 1557 917 infusionem
1608 855 1859 916 ablutOS.
1901 860 2027 916 Duo
2062 858 2256 939 itaque
2296 857 2388 917 hic

221 1015 242 1029 ᾖ
279 954 562 1014 conficere
612 952 929 1029 debemus7
992 964 1120 1011 tum
1170 951 1383 1012 scilicet
1433 973 1638 1013 verum
1695 950 1982 1034 baptisma
2032 974 2137 1034 per
2179 974 2388 1034 aquam

278 1050 463 1126 tueri,
502 1060 630 1109 tum
664 1048 920 1109 Ecclesiae
957 1050 1232 1108 Romanae
1261 1048 1588 1108 doctrinam
1623 1060 1681 1108 et
1717 1050 1945 1131 praxim
1987 1048 2280 1110 vindicare
2316 1048 2388 1107 ab

279 1145 482 1206 insana
517 1146 847 1205 Graecorum
886 1144 1309 1232 criminatione.

1104 1328 1514 1388 PROPOSITIO
1554 1337 1594 1386 Ι.

489 1491 672 1571 Aqua
702 1511 842 1549 vera
868 1501 924 1548 et
965 1491 1271 1549 naturalis
1306 1501 1389 1550 est
1417 1491 1488 1548 de
1521 1488 1857 1550 necessitate
1886 1492 2188 1572 baptismi.

359 1681 432 1741 ’7.
480 1679 718 1740 Esthaec
734 1671 1051 1767 propositio
1074 1679 1146 1739 de
1175 1679 1291 1739 fide
1312 1725 1327 1753 7
1361 1679 1450 1738 his
1480 1679 1672 1741 verbis
1698 1682 2042 1763 proposita-a
2059 1679 2396 1742 Tridentina

274 1775 514 1858 Synodo
547 1822 563 1851 a
603 1797 742 1835 sess.
797 1776 926 1851 Vll,
957 1795 1085 1833 can.
1133 1776 1208 1833 21
1243 1776 1353 1833 :Si
1382 1778 1518 1854 qais
1553 1777 1810 1847 dia-erit,
1847 1799 2073 1855 aquam
2107 1798 2311 1836 veram
2346 1788 2402 1835 et

283 1874 625 1931 naturalem
671 1893 791 1930 non
827 1892 942 1929 esse
976 1872 1045 1928 de
1087 1875 1421 1929 necessitate
1451 1871 1801 1950 ,Baptismiss
1842 1883 2016 1950 atque
2055 1873 2183 1930 ideo
2214 1873 2395 1931 verba

284 1970 393 2026 illa
435 1969 518 2027 D.
562 1964 645 2025 N.
679 1967 742 2025 J.
788 1966 849 2025 C.
883 1989 902 2023 .·
930 1964 1079 2025 Nisi
1112 1970 1248 2045 quis
1279 1976 1527 2024 renatus
1552 1970 1751 2044 fuerit
1781 1988 1855 2024 ea·
1889 1989 2051 2045 aqua
2080 1978 2135 2025 et
2155 1967 2398 2046 Spiritu

277 2065 501 2123 'Sancto
529 2108 546 2139 ‚
585 2064 672 2121 ad
699 2063 1102 2140 metaphoram
1130 2064 1406 2141 aliquam
1449 2063 1787 2134 detorserit,
1819 2063 2142 2121 anathema
2175 2066 2272 2127 sit.

371 2159 430 2216 8.
481 2160 804 2241 Operosum
829 2179 1002 2239 porro
1038 2180 1161 2216 non
1190 2169 1277 2217 est
1302 2203 1318 2233 7
1343 2157 1515 2235 hujus
1543 2157 1679 2217 fidei
1703 2158 1928 2218 articuli
1949 2158 2258 2219 veritatem
2279 2156 2397 2226 ‘ad—

289 2265 530 2313 struere.
570 2252 727 2312 Adeo
765 2252 926 2311 enim
966 2251 1262 2312 luculenta
1306 2264 1444 2311 sunt
1486 2252 1916 2333 Scripturarum
1967 2252 2399 2334 constantisque

289 2349 591 2429 utriusque
638 2348 896 2406 Ecclesiae
937 2349 1131 2427 praxis
1178 2347 1566 2420 documenta,
1622 2357 1691 2403 ut
1733 2345 1965 2404 nullum
2002 2346 2180 2428 possit
2221 2345 2294 2404 de
2333 2365 2400 2403 ea

291 2464 589 2525 superesse
616 2442 882 2520 dubium.
932 2443 1158 2501 Etenim
1189 2441 1487 2517 ChristuS,
1531 2443 1700 2523 Joan.
1746 2442 1822 2499 ΙΙΙ
1845 2486 1860 2514 ,
1913 2440 1984 2515 5,
2019 2439 2401 2499 Nicodemum

293 2538 633 2620 alloquenS,
669 2538 747 2594 ait
784 2559 801 2594 t
850 2537 1003 2597 Nisi
1038 2541 1176 2615 quis
1223 2539 1698 2620 renatusfuerit
1744 2556 1815 2592 em
1847 2556 2012 2614 aqua
2059 2544 2115 2592 et
2158 2535 2400 2613 Spiritu

281 2633 510 2714 ‚Sancto
531 2678 547 2707 ,
579 2654 701 2691 non
729 2643 920 2712 potest
953 2635 1206 2691 introire
1241 2636 1310 2689 in
1342 2652 1597 2710 regnum
1629 2634 1757 2689 Dei.
1798 2629 2017 2703 Quibus
2051 2627 2241 2688 verbis
2271 2641 2401 2688 tum

295 2739 537 2794 externa
560 2727 813 2808 corporis
835 2748 942 2808 per
971 2747 1183 2807 aquam
1206 2724 1424 2784 ablutio
1460 2736 1590 2783 tum
1614 2725 1842 2784 interna
1881 2726 2089 2784 animae
2127 2725 2400 2786 nativitas

297 2842 404 2904 per
440 2822 721 2903 Spiritum
743 2823 799 2898 S.
837 2821 1252 2901 significantur.
1286 2820 1431 2892 Sed,
1461 2820 1665 2879 ceteris
1692 2819 1916 2879 omissis
1938 2864 1954 2892 ‚
1992 2840 2066 2878 ne
2092 2819 2154 2878 in
2189 2840 2252 2877 re
2281 2830 2403 2878 tam

300 2929 499 3000 aperta
526 2908 694 2976 nimii
732 2918 941 2993 simUS,
985 2937 1329 2998 germanum
1359 2914 1571 2975 Christi
1612 2916 1924 2978 verborum
1957 2936 2192 2975 sensum
2217 2926 2406 2975 osten-

299 3011 493 3071 dimus
529 3033 600 3071 ex
633 3013 699 3071 iis
720 3058 739 3086 2
770 3031 898 3095 quae
933 3001 1258 3086 habentur,
1297 3013 1418 3071 Act.
1455 3011 1584 3070 VIII
1608 3054 1626 3085 .,
1673 3009 1750 3069 36
1782 3021 1842 3069 et
1876 3031 2035 3092 seqq.
2087 3009 2222 3086 ubi,
2273 3031 2407 3069 cum

302 3231 518 3279 scientim
548 3230 683 3296 apud
708 3229 873 3280 Deum
897 3247 989 3298 per
1017 3232 1321 3279 resurrectio·
1409 3239 1561 3277 torum
1606 3232 1835 3279 sententia
1871 3230 2152 3294 baptismum
2187 3245 2282 3277 non
2316 3243 2410 3277 esse

298 3327 415 3359 ,nem
444 3309 571 3359 Jesu
609 3308 831 3376 Christi,
876 3321 921 3360 et
949 3311 1035 3360 hoc
1065 3312 1322 3378 Baptisma
1403 3313 1491 3360 nisi
1516 3312 1664 3360 solam
1698 3312 1849 3360 cordis
1890 3312 2175 3360 ablutionem
2204 3345 2219 3369 ‚
2267 3326 2406 3357 mun-

307 3399 378 3439 est
397 3392 520 3456 quid
548 3401 771 3441 sanctum
795 3402 840 3441 et
866 3391 1120 3458 spirituale
1141 3431 1155 3453 ‚
1184 3391 1322 3451 ,soili—
1404 3394 1566 3442 ditiem
1593 3393 1649 3442 ab
1669 3396 1798 3443 omni
1829 3396 2178 3459 inquinamento
2207 3407 2260 3439 ac
2282 3409 2410 3440 novae

305 3481 378 3522 cet
389 3473 647 3539 Baptisma
661 3477 863 3541 spiritus
879 3482 922 3523 et
935 3477 1087 3539 iquias,
1098 3474 1325 3541 perquod
1405 3478 1510 3524 vitae
1537 3477 1833 3540 principium.
1861 3473 2095 3539 Barclajus
2123 3490 2281 3522 omnes
2305 3489 2410 3537 pro-

308 3554 573 3621 consepulti
602 3573 769 3605 santus
809 3555 999 3606 Christo
1016 3594 1031 3614 ,
1073 3565 1129 3604 ut
1155 3573 1184 3603 a
1206 3573 1321 3622 pee-
1405 3557 1615 3606 bationes
1643 3576 1747 3607 suas
1779 3576 1832 3607 ex
1861 3557 2026 3605 Fausto
2050 3551 2216 3603 Socino
2244 3554 2413 3618 depro-

304 3637 431 3683 catis
459 3636 612 3686 abluti
644 3646 688 3685 et
710 3640 920 3704 purqati
933 3674 950 3700 ‚
982 3654 1152 3693 novam
1172 3639 1321 3687 vitam
1408 3642 1511 3688 mit.
1541 3639 1640 3690 Cfr.
1677 3639 1888 3690 Moehler
1908 3675 1921 3700 ‚
1963 3633 2172 3700 Symbol.
2200 3644 2317 3686 tom.
2347 3651 2411 3699 Π,

303 3716 622 3769 ambulemus.
664 3718 730 3768 Ex
767 3720 936 3786 quibus
970 3731 1130 3786 patet,
1171 3739 1223 3770 ex
1263 3723 1324 3769 is·
1411 3719 1436 3787 ὃ
1466 3735 1642 3773 txvnn'
