2502 4186
278 234 392 305 132

845 250 1170 291 ‘TRAGTATUS
1215 250 1284 286 ΒΕ
1324 249 1792 290 ΟΟΝΕΙΠΜΔΤῙΟΝΕ.

353 400 448 459 89.
497 400 574 457 Ac
599 398 660 454 1Ο
682 395 919 477 quidem
958 394 1104 452 circa
1135 394 1565 452 institutionem
1588 394 1748 454 velut
1785 404 2010 454 certum
2042 397 2366 457 tenendum

268 505 359 556 est
392 492 664 553 adversus
698 487 1012 548 nonnullos
1051 498 1274 549 veteres
1317 486 1680 546 scholasticos
1705 533 1720 560 7
1766 489 1821 546 S.
1849 490 2318 552 Bonaventuram
2346 539 2361 567 7

274 586 441 648 Card.
468 583 750 644 Jacobum
787 582 860 642 de
891 583 1172 648 Vitriaco.
1210 584 1449 641 Petrum
1485 582 1798 657 Aureolum
1831 582 2117 663 aliosque7
2155 585 2272 644 imo
2309 598 2368 646 et

273 679 580 760 Synodum·
611 681 1086 738 B'eneventanam
1119 683 1278 735 anno
1313 675 1467 734 1374
1505 675 1852 735 celebratam
1872 720 1887 750 7
1932 677 2370 738 Sacramentum

277 772 746 837 Confirmationis
781 772 954 830 fuisse
999 770 1332 829 immediate
1367 792 1397 828 a
1433 769 1661 828 Christo
1712 771 1959 829 Domino
1999 772 2330 832 institutum
2353 818 2371 848 7

274 890 396 928 non
440 879 636 927 autem
666 866 916 926 media-te
949 876 1218 939 tantum7
1271 875 1336 922 ut
1377 864 1487 922 illis
1529 863 1744 945 placuit
1780 863 2001 943 (1).1d
2044 866 2202 924 enim
2238 868 2372 926 satis

273 975 472 1046 aperte
501 962 668 1022 docet
691 960 1029 1019 Tridentina
1059 959 1321 1040 Synodus
1351 959 1685 1018 definiendo
1706 1004 1721 1033 7
1749 959 1943 1020 omnia
1980 962 2051 1019 N.
2082 963 2145 1019 L.
2178 963 2371 1021 Sacra-

274 1069 476 1118 menta
506 1058 679 1116 fuisse
707 1078 740 1115 a
772 1055 1002 1114 Christo
1039 1057 1286 1113 Domino
1322 1054 1580 1112 instituta
1638 1054 1716 1132 2).
1752 1055 1879 1126 Quo
1908 1075 2050 1113 vero
2078 1067 2370 1138 tempore,

274 1165 377 1213 aut
424 1154 485 1210 in
538 1151 749 1232 quibus
806 1172 1003 1210 rerum
1055 1149 1339 1226 adjunctis
1383 1148 1529 1207 illud
1570 1148 1830 1207 Christus
1875 1149 2188 1209 instituerit
2222 1197 2238 1225 7
2282 1174 2373 1212 res

274 1247 512 1306 omnino
541 1246 776 1303 incerta*
798 1255 920 1316 est3
958 1264 1066 1302 nec
1090 1243 1210 1301 ulla
1245 1254 1567 1324 suppetunt
1592 1255 1747 1302 certa
1784 1243 2130 1303 documenta
2146 1246 2275 1311 =sive
2302 1269 2374 1306 ex

274 1343 566 1422 Scriptura
612 1340 734 1400 sive
769 1360 840 1397 ex
865 1338 1197 1396 Traditione
1217 1384 1232 1410 7
1271 1349 1339 1395 ut
1366 1337 1739 1398 determinari
1770 1338 1834 1397 id
1875 1341 2056 1420 possit
2086 1339 2194 1418 (3).

356 1437 454 1496 90.
503 1435 572 1493 20
601 1432 937 1512 SubJectum
979 1432 1451 1491 Confirmationis
1492 1455 1613 1490 non
1647 1444 1840 1514 potest
1880 1455 2001 1493 esse
2038 1435 2150 1492 nisi
2196 1434 2382 1495 fidelis

271 1530 595 1612 baptizatus
614 1574 630 1603 7
671 1549 806 1587 cum
827 1527 1119 1608 Baptisma
1144 1526 1408 1591 omnium
1435 1528 1937 1587 Sacramentorum
1969 1530 2227 1608 primum
2269 1531 2374 1606 sit7

275 1646 340 1684 ac
384 1623 567 1685 veluti
600 1628 813 1700 janua,
852 1643 966 1702 qua
997 1622 1059 1678 in
1099 1621 1423 1679 christianae
1461 1623 1591 1681 vitae
1627 1623 1959 1681 societatem
1993 1625 2370 1704 ingredimur.

275 1721 352 1778 At
385 1720 531 1778 circa
560 1728 787 1776 aetatem
821 1737 885 1774 ac
914 1727 1146 1796 tempus
1185 1714 1345 1773 illam
1386 1714 1835 1775 administrandi
1873 1716 2099 1778 diversa
2136 1719 2378 1780 diversis

276 1812 637 1896 temporibus
660 1824 717 1871 et
742 1813 805 1869 in
829 1809 1068 1871 diversis
1093 1809 1353 1885 Ecclesiis
1379 1810 1557 1888 viguit
1581 1821 1639 1868 et
1668 1810 1856 1869 adhuc
1881 1812 2034 1890 viget
2057 1812 2376 1894 disciplina.

281 1909 512 1968 Etenim
566 1908 628 1965 in
690 1904 936 1964 Ecclesia
986 1903 1164 1962 latina
1220 1902 1359 1963 olim
1420 1904 1933 1964 administrabatur
1995 1908 2191 1965 statim
2251 1914 2381 1988 post

289 2002 606 2083 Baptisma,
629 2013 696 2058 ut
720 1999 1042 2076 innumeris
1062 2018 1245 2079 prope
1267 1998 1631 2057 documentis
1655 1999 1910 2057 ostendit
1927 2001 2247 2059 Martenius
2264 2002 2377 2081 (4);

275 2099 379 2177 qui
400 2118 525 2154 mos
553 2093 953 2177 perseveravit
974 2113 1079 2175 per
1098 2092 1405 2152 duodecim
1430 2093 1549 2151 fere
1578 2094 1801 2167 secula3
1830 2094 2113 2174 siquidem
2140 2097 2381 2156 ineunte

271 2213 392 2252 sec.
436 2194 568 2250 XIII
600 2190 982 2272 jampassim
1021 2187 1421 2264 obsoleverat7
1469 2200 1530 2246 ut
1572 2210 1692 2247 non
1740 2189 1980 2250 obscure
2021 2191 2225 2250 innuit'
2255 2194 2373 2251 MS.

336 2427 418 2492 ‘'(1)
453 2426 547 2475 Cfr.
567 2425 824 2475 ⁴Trombelli
848 2462 861 2486 7
892 2442 969 2489 op.
998 2427 1075 2472 cit.
1108 2424 1228 2489 disp.
1269 2440 1287 2470 1
1373 2424 1443 2472 dri
1471 2425 1528 2474 de
1561 2423 1667 2475 Ales
1696 2427 1805 2475 alias
1837 2427 2154 2478 disseruimus.
2196 2429 2383 2478 Falsum

281 2519 328 2559 et
352 2524 408 2558 11.

349 2590 411 2654 (2)
447 2589 545 2638 Cfr.
581 2606 683 2655 quae
712 2589 914 2637 diximus
950 2591 1001 2636 in
1043 2597 1177 2636 tract.
1217 2586 1294 2635 De

279 2668 499 2720 Sacram.
525 2672 581 2718 in
606 2687 779 2734 yenere
798 2705 815 2731 ,
854 2688 908 2718 n.
933 2667 1024 2718 15.

348 2751 422 2816 (3)
455 2751 552 2799 Cfr.
575 2750 626 2800 S.
654 2751 747 2799 Th.
777 2760 896 2814 part.
922 2750 951 2797 3
972 2787 985 2810 7
1015 2759 1172 2815 quaest.
1202 2766 1293 2816 72,

283 2842 352 2881 art
373 2849 417 2892 1,
443 2833 501 2880 ad
526 2849 543 2879 1
567 2849 583 2896 ;
603 2834 712 2880 item
726 2831 876 2879 Estius
890 2833 956 2879 In
970 2847 1014 2880 iv
1035 2831 1167 2879 Sent.
1187 2831 1293 2879 dist.

284 2930 348 2962 vn
368 2950 381 2973 ,
419 2912 446 2978 §
469 2929 542 2975 1v3
576 2913 893 2972 D-muvenius,
923 2909 993 2959 De
1019 2928 1069 2959 re
1090 2928 1305 2965 sacram.

283 2994 366 3042 lib.
395 3010 479 3050 111,
519 3011 622 3059 cap.
643 3010 703 3054 2,
734 3011 786 3059 q.
812 3009 889 3055 v13
917 2996 998 3058 qui
1029 3003 1294 3058 exponunt,

287 3094 488 3142 quanam
507 3079 681 3126 ratione
710 3076 1032 3141 accipiendum
1050 3080 1107 3124 sit
1122 3077 1295 3126 dictum

287 3156 460 3207 S.·Th.
488 3159 580 3208 loc.
607 3161 693 3208 cit.
728 3175 742 3206 t
777 3155 918 3222 Quod
948 3154 1170 3206 Christus
1191 3159 1296 3205 ins-

280 3239 415 3287 tituit
430 3238 516 3287 hoc
534 3237 906 3288 Sacramentum
922 3256 1020 3288 non
1037 3239 1296 3287 exhibendo

282 3320 364 3366 secl
384 3320 794 3385 promittenda....
834 3329 877 3368 et
901 3320 985 3368 hoc
1015 3321 1119 3368 ideo
1139 3357 1151 3380 7
1179 3322 1294 3385 quia

285 3401 343 3446 in
390 3400 475 3448 hoc
518 3402 822 3449 Sacramento
868 3401 1011 3448 datur
1046 3401 1295 3466 plenitudo

284 3477 502 3546 Spiritus
534 3479 734 3543 Sancti,
759 3499 863 3546 quoe
891 3498 992 3529 non
1010 3491 1111 3530 erat
1135 3482 1296 3532 danda

291 3572 402 3611 ante
429 3562 613 3612 Christi
643 3564 1035 3612 resurrectionem
1065 3572 1109 3612 et
1127 3581 1288 3614 ascen-

284 3645 482 3695 sionem.
512 3645 582 3699 De
604 3646 820 3712 singulari
841 3649 1059 3712 opinione
1085 3645 1253 3697 Alexan
1264 3675 1286 3685 -·

1372 2523 1509 2569 porro
1551 2517 1647 2567 est,
1705 2508 1831 2574 quod
1883 2511 2132 2574 generatim
2184 2510 2383 2559 affirmat

1374 2586 1648 2637 Sambovius
1672 2592 1722 2638 in
1741 2600 1874 2638 tract.
1893 2591 1950 2638 de
1975 2586 2118 2639 Sacr.
2144 2590 2374 2655 Confirm,

1373 2669 1502 2734 disp.
1544 2687 1562 2717 1
1584 2707 1597 2730 7
1629 2681 1716 2719 art.
1753 2687 1781 2717 2
1802 2708 1814 2729 7
1855 2671 1936 2718 ubi
1971 2672 2109 2719 refert
2140 2673 2376 2722 scholasti·
2414 2702 2418 2707 ³

1369 2766 1533 2798 corum
1557 2751 1723 2816 placita
1741 2789 1754 2811 7
1787 2751 1837 2800 S.
1856 2752 2228 2802 Bonaventuram
2244 2751 2312 2801 In
2330 2772 2374 2803 iv

1374 2828 1512 2881 Sent.
1544 2833 1593 2881 d.
1627 2849 1689 2897 77
1728 2852 1777 2899 q.
1821 2850 1837 2880 1
1876 2844 1920 2882 et
1950 2851 1998 2882 2.
2039 2836 2252 2900 amplecti
2290 2837 2374 2885 do-

1375 2917 1568 2961 ctrinam
1583 2917 1782 2979 magistri
1796 2918 1885 2978 sui,
1902 2934 2068 2981 nempe
2082 2916 2209 2966 Alex.
2232 2917 2372 2967 Alen-

1374 2995 1581 3043 sis.Nihil
1595 2999 1718 3044 enim
1738 2998 1848 3045 dicit
1865 2999 1922 3046 de
1938 3000 2017 3064 huj
2026 3017 2075 3046 us
2091 2998 2371 3048 Sacramenti

1374 3079 1660 3126 institutione
1677 3082 1726 3126 in
1752 3079 1896 3129 Conc.
1927 3080 2149 3130 Meldensi
2164 3119 2178 3143 ,
2201 3083 2278 3130 sed
2298 3100 2372 3132 so-

1373 3157 1472 3206 lum
1509 3162 1663 3208 asserit
1695 3161 1891 3209 formam
1924 3172 1968 3210 et
2003 3166 2236 3212 materiam
2281 3165 2373 3212 ele-

1374 3251 1624 3290 mentarem
1660 3244 1795 3291 fuisse
1834 3245 1889 3291 ab
1925 3243 2200 3293 immediatis
2230 3244 2372 3309 Apos-

1375 3322 1572 3371 tolorum
1586 3326 1919 3374 successoribus
1934 3328 2188 3374 institutam
2204 3325 2373 3391 Spiritu

1376 3404 1540 3454 Sancto
1576 3407 1788 3456 dictante.
1826 3407 1945 3455 Eum
1985 3407 2116 3455 adisis
2156 3405 2248 3456 loc.
2283 3411 2364 3458 cit.

1376 3487 1494 3553 Opp.
1521 3489 1595 3537 ed.
1627 3488 1761 3537 Rom.
1795 3486 1951 3555 1596,
1984 3498 2098 3538 tom.
2127 3507 2170 3538 v.

1444 3569 1509 3633 (lt)
1545 3569 1654 3619 Loc.
1684 3573 1760 3619 cit.
1794 3580 1875 3619 art.
1908 3585 1955 3619 2.
