2502 4186
654 276 770 319 cAP.
814 277 901 316 111.
947 279 1015 315 :on
1058 276 1316 316 mulsum
1356 273 1633 312 numism.
2108 248 2187 308 25

884 446 1277 501 PROPOSITIO
1314 448 1386 499 ΙΙ.

98 592 451 654 Necessitate
492 602 719 672 coqente
733 635 756 663 ,
798 613 838 650 a
875 609 1278 669 quocumque,
1320 592 1441 646 sive
1468 587 1729 645 masculo
1763 589 1882 644 sive
1901 589 2140 665 femina
2162 629 2187 657 ,

178 692 297 745 imo
338 697 390 744 et
430 688 508 743 ab
549 687 816 743 lzoeretico
873 694 930 742 et
981 683 1212 761 infideli
1262 682 1619 760 Baptismus
1659 681 1851 738 valide
1906 702 1979 740 ac
2033 682 2188 739 licite

177 782 609 840 administrari
635 788 839 857 potest.

179 942 276 1001 59.
321 943 551 1023 Spectat
600 942 719 1000 haec
759 938 1070 1023 propositio
1110 937 1184 996 ad
1210 937 1386 997 fidem
1408 984 1424 1012 .,
1459 949 1527 997 ut
1562 948 1788 997 constat
1825 958 1897 997 ex
1938 934 2191 996 Concilio

99 1037 478 1098 Lateranensi
518 1038 590 1095 IV
605 1082 637 1113 ⁴,
670 1058 794 1122 cap.
838 1034 1134 1092 Firmiter
1157 1079 1173 1107 ,
1206 1033 1305 1092 ubi
1340 1034 1465 1093 haec
1501 1034 1716 1092 sancita
1752 1043 1888 1090 sunt
1920 1055 1933 1089 ε
1975 1033 2191 1089 Sacra-

97 1142 364 1189 mentum
398 1133 704 1210 Baptismi
721 1173 736 1202 ,
781 1129 942 1206 quod
969 1129 1054 1186 ad
1086 1132 1517 1186 invocationem
1545 1118 1884 1186 individuae
1924 1127 2193 1185 Trinita-

98 1227 239 1287 tis...
293 1235 668 1284 consecratur
722 1226 998 1301 in‘aqua
1023 1267 1039 1297 ,
1088 1233 1214 1280 tam
1258 1225 1541 1301 parvulis
1604 1244 1789 1302 quam
1843 1222 2067 1280 adultis
2123 1224 2194 1278 in

89 1322 297 1397 forma
332 1321 607 1380 Ecclesiae
641 1339 679 1375 a
716 1337 1085 1396 quocumque
1127 1322 1240 1375 rite
1278 1319 1595 1391 collatum,
1625 1318 1864 1395 proficit
1901 1317 1987 1374 ad
2027 1316 2195 1374 salu-

98 1423 212 1470 tem
261 1414 369 1491 (l).
421 1410 638 1469 Clarius
687 1411 861 1486 etiam
910 1411 974 1469 id
1010 1412 1201 1491 ipsum
1244 1411 1541 1469 decretum
1588 1411 1677 1470 'est
1718 1410 1791 1469 ab
1830 1411 2080 1490 Eugenio
2118 1409 2191 1469 IV

95 1506 159 1564 in
190 1508 472 1582 Instruct.
505 1506 912 1564 Armenorum
949 1526 970 1564 .·
1012 1505 1092 1564 In
1129 1526 1271 1563 casu
1305 1515 1507 1564 autem
1538 1510 1925 1571 necessitatis,
1967 1504 2190 1584 inquit,

97 1621 218 1658 non
253 1606 440 1658 solum
469 1600 752 1658 Sacerdos
763 1619 791 1671 ,’
814 1602 900 1657 vel
920 1601 1229 1658 Diaconus
1243 1642 1267 1671 ,
1301 1588 1402 1657 sed
1421 1604 1599 1657 etiam
1624 1601 1816 1656 laicus
1835 1600 1922 1656 vel
1941 1602 2193 1673 mulier,

93 1697 275 1752 immo
313 1698 491 1751 etiam
511 1715 792 1773 payanus
826 1705 878 1752 et
909 1695 1218 1754 haereticus
1254 1695 1563 1773 baptizare
1587 1703 1776 1773 potest
1818 1693 1928 1771 (2).

177 1787 274 1846 60.
308 1789 472 1846 Sane
513 1787 669 1869 quod
720 1787 794 1846 ad
835 1787 1006 1846 laicos
1052 1788 1299 1863 attinet,
1349 1787 1540 1848 valide
1586 1809 1650 1846 ac
1699 1787 1853 1845 licite
1897 1808 1991 1846 eos
2028 1808 2196 1869 posse

94 1893 336 1960 urgente
369 1883 710 1941 necessitate
736 1881 1094 1964 baptismum
1117 1882 1377 1941 conferre
1397 1927 1413 1957 ,
1442 1894 1604 1964 patet
1634 1903 1704 1941 ex
1735 1881 2090 1941 Tertulliano
2118 1882 2197 1940 ita

95 1975 379 2034 scribente
412 1999 425 2034 :
461 1978 752 2054 Alioquin
783 1988 837 2034 et
858 1979 1031 2034 laicis
1050 1981 1165 2055 jus
1193 1988 1275 2034 est
1294 1976 1382 2056 (3)
1405 2023 1420 2052 ,
1452 1998 1666 2057 nempe
1695 1976 2026 2035 conferendi
2055 1978 2197 2057 Bap-

97 2070 334 2127 tismum
358 2115 374 2144 ‚
413 2069 485 2129 de
516 2092 630 2151 quo
662 2070 754 2128 hic
792 2070 1084 2150 loquitur3
1123 2082 1248 2128 tum
1269 2091 1339 2129 ex
1360 2072 1419 2129 S.
1455 2072 1809 2151 Hieronymo
1830 2116 1846 2145 a
1881 2071 1979 2152 qui
2007 2070 2068 2129 id
2093 2091 2198 2151 pro

104 2175 259 2222 certo
294 2165 503 2238 sumit,
530 2164 725 2223 dicens
759 2187 773 2221 ε
814 2167 1170 2244 Baptizare,
1198 2171 1256 2224 si
1289 2177 1487 2224 tamen
1519 2172 1831 2224 necessitas
1860 2170 2046 2246 ccqi't,
2079 2170 2199 2223 sci-

101 2278 238 2314 mus
271 2263 452 2314 etiam
493 2259 663 2323 licere
691 2263 862 2316 laicis
898 2258 1027 2338 (4):,
1067 2280 1295 2318 necnon
1334 2281 1405 2318 ex
1436 2262 1492 2318 S.
1530 2261 1882 2339 Augustino,
1932 2260 2031 2340 qui
2074 2259 2202 2318 dis-

100 2371 295 2408 serens
346 2351 417 2410 de
463 2350 752 2430 baptismo
806 2373 839 2409 a
888 2351 1042 2409 laicis
1099 2352 1305 2411 collato
1353 2375 1367 2410 2
1423 2354 1656 2425 Nulla,
1706 2355 1933 2434 inquit,
1976 2364 2203 2432 coqente

99 2451 430 2503 necessitate
458 2450 514 2503 si
528 2448 670 2522 flat,
702 2450 892 2504 alieni
914 2451 1184 2504 muneris
1210 2452 1518 2524 usurpatio
1547 2458 1628 2505 est
1642 2471 1662 2513 ,·
1692 2453 1751 2505 si
1783 2458 1980 2506 autem
2009 2468 2201 2506 neces-

99 2544 245 2598 sitas
280 2551 516 2619 urgeat,
543 2550 652 2597 aut
689 2542 921 2598 nullum
958 2552 1067 2597 aut
1095 2543 1316 2598 veniale
1345 2543 1624 2599 delictum
1653 2552 1733 2598 est
1760 2542 1867 2619 (5).
1904 2545 2154 2600 Demum
2180 2584 2198 2615 ,

102 2635 304 2692 ceteris
347 2634 602 2708 omissiS‚
640 2633 700 2691 id
741 2634 931 2713 ipsum
961 2645 1184 2692 constat
1221 2656 1291 2692 ex
1329 2635 1580 2694 Concilio
1609 2634 2000 2709 IlliberitanO,
2047 2634 2204 2715 quod

99 2730 220 2806 jam
245 2739 523 2787 statuerat
543 2773 558 2803 7
588 2750 756 2809 posse
792 2729 1021 2787 fidelem
1045 2774 1060 2803 a
1092 2730 1139 2787 si
1176 2729 1418 2788 Ecclesia
1455 2731 1515 2787 in
1545 2731 1806 2811 proximo
1840 2752 1961 2788 non
1990 2730 2162 2788 fuerit
2182 2775 2199 2805 ,

103 2823 566 2901 peregrinantem
606 2822 1086 2882 catechumenum
1110 2825 1170 2881 in
1195 2824 1535 2883 necessitate
1573 2825 1925 2882 infirmitatis
1953 2825 2203 2905 positum

103 2912 392 2994 baptizare
427 2916 535 2996 (6).
579 2919 695 2976 Nec
725 2916 986 2998 pluribus
1025 2940 1167 2998 opus
1188 2929 1275 2976 est
1305 2917 1667 2976 documentis
1694 2963 1709 2991 ‚
1745 2939 1876 2976 cum
1905 2918 1966 2975 id
2003 2928 2206 2999 aperte

107 3017 404 3088 receptum
437 3011 604 3069 fuisse
634 3011 715 3071 ad,
748 3012 885 3092 ipsis
919 3011 1176 3070 Ecclesiae
1215 3011 1580 3070 incunabulis
1621 3013 1870 3070 fateatur
1915 3013 2038 3092 ipse
2073 3010 2205 3070 Cal-

108 3101 277 3162 vinus
307 3101 556 3162 scribens
587 3127 601 3164 z
649 3093 822 3181 Quod
843 3117 1042 3164 autem
1079 3108 1286 3164 multis
1317 3108 1540 3164 abhinc
1562 3109 1774 3172 seculis
1793 3151 1808 3180 ‚
1843 3107 2098 3184 adeoque
2119 3106 2197 3163 ab

107 3199 234 3274 ipso
282 3200 408 3274 fere
442 3198 716 3260 Ecclesiae
753 3202 990 3260 exordio
1026 3223 1142 3260 usu
1179 3212 1476 3281 receptum
1510 3204 1643 3279 fuit
1659 3244 1681 3273 ,
1719 3211 1791 3260 ut
1825 3206 1894 3259 in
1926 3201 2203 3280 periculo

172 3398 239 3461 (1)
276 3398 412 3464 Apud
428 3399 570 3449 Hard.
586 3399 711 3450 Acta
730 3394 874 3453 Conc.
891 3414 1006 3456 tom.
1021 3421 1111 3467 vn,
1197 3404 1391 3454 Vallars.
1407 3414 1521 3452 tom.
1538 3421 1574 3451 11
1593 3441 1606 3464 ‚
1635 3404 1724 3452 col.
1752 3401 1867 3452 282.

110 3479 198 3528 col.
234 3496 309 3546 ¹7·
1266 3485 1336 3552 (5)
1380 3486 1561 3534 Contra
1586 3487 1724 3551 epist.
1761 3482 1989 3534 Parmen.
2016 3484 2102 3532 lib.
2132 3499 2166 3531 11
2190 3519 2206 3544 ‚

179 3562 251 3626 (2)
289 3561 409 3610 Ibid.
437 3563 528 3611 loc.
554 3581 656 3627 sup.
689 3565 766 3611 cit.
1198 3585 1300 3632 cap.
1335 3566 1415 3629 13,
1443 3585 1494 3615 n.
1525 3582 1607 3632 29.

181 3641 247 3706 (3)
275 3643 380 3693 Lib.
409 3640 488 3692 De
509 3644 764 3709 Baptismo
781 3682 794 3705 ‚
811 3662 913 3710 cap.
954 3662 1030 3713 17.
1267 3648 1342 3713 (6)
1378 3649 1492 3697 Can.
1529 3664 1705 3697 xxxvm
1724 3685 1738 3709 ,
1768 3665 1910 3714 quem
1927 3646 2114 3696 inferius
2138 3647 2212 3694 in-

184 3724 250 3788 (4)
286 3724 341 3773 ln
369 3725 508 3775 Dial.
532 3735 657 3775 cont.
678 3727 840 3791 Lucis.
862 3746 912 3776 n.
936 3742 988 3793 9,
1007 3727 1116 3778 edit.
1198 3739 1376 3794 tegrum
1411 3729 1673 3780 afferemus.
