2502 4186
2027 205 2147 265 307

660 228 780 265 cAl’.
825 228 889 264 11.
937 227 1005 265 DE
1048 225 1210 264 MISSA
1254 225 1523 266 PRIVATA.

39 391 208 430 mana
228 415 245 444 7
281 369 347 427 in
365 390 480 450 qua
504 367 717 447 legitur
748 391 762 426 ε
800 368 877 429 Ut
895 377 1171 447 quotquot
1188 389 1259 427 ea‘
1279 368 1392 427 hac
1415 367 1634 426 altaris
1645 371 2146 447 participatione,

35 477 145 526 etc.
187 466 335 523 Hinc
369 463 645 522 Sacerdos
680 462 975 523 interdum
1017 462 1191 521 etiam
1227 481 1473 520 numero
1516 459 1774 541 loquitur
1810 463 2090 542 singulari
2129 486 2144 523 ε

36 562 257 620 Libera
288 581 380 618 me
397 580 514 638 per
537 560 641 617 hoc
663 568 1105 619 sacrosanctum
1151 557 1374 640 Corpus
1410 566 1465 614 et
1499 557 1868 636 Sanquinem
1899 571 2147 619 tuum...

45 655 274 734 Corpus
306 656 385 714 D.
433 653 520 712 N.
566 653 631 712 J.
686 654 748 712 C.
781 654 1075 711 custodiat
1103 656 1380 709 animam
1421 671 1615 708 meam
1653 655 1721 709 in
1770 656 1955 711 vitam
1985 666 2155 713 oeter-

41 772 185 808 nam
211 792 233 821 ,
264 770 460 807 amen.
490 750 625 806 Post
648 748 770 806 haec
799 747 1073 806 admonet
1095 744 1323 804 rubrica
1358 767 1371 803 ε
1408 746 1481 803 δι’
1511 750 1623 823 qui
1651 750 1776 803 sint
1812 754 2155 807 communi-

39 845 259 914 candi,
303 864 390 901 eos
440 846 880 913 communicet,
927 852 1248 919 antequam
1302 861 1359 898 se
1399 841 1705 919 purificet.
1758 842 2155 926 Supponendo

40 959 177 998 vero
199 936 419 1020 aliquos
442 938 642 998 adesse
659 984 674 1014 a
702 936 898 997 subdit
924 934 1196 995 Sacerdos
1225 957 1238 993 ε
1263 935 1438 1014 Quod
1457 955 1554 992 ore
1583 941 1987 1014 sumpsimus,
2029 941 2159 996 Do-

40 1037 234 1104 mine,
250 1055 421 1112 pura
450 1044 638 1092 mente
662 1039 1019 1113 capz'anzu3,·
1048 1029 1259 1112 quibus
1279 1027 1559 1088 alluditur
1583 1029 1658 1089 ad
1682 1033 2160 1092 communionem

40 1149 139 1186 seu
178 1150 209 1186 a
254 1127 374 1186 solo
408 1128 710 1188 Sacerdote
752 1148 853 1186 seu
890 1128 1068 1186 etiam
1113 1148 1145 1184 a
1183 1125 1401 1208 populo
1450 1125 1663 1184 factam
1720 1127 1832 1205 (l).
1883 1127 2158 1203 Accedit,

40 1222 236 1305 plures
282 1244 404 1282 esse
440 1245 671 1297 causaS,
719 1243 821 1281 cur
860 1232 1073 1304 praeter
1118 1221 1597 1280 communionem
1653 1220 1867 1302 plurali
1912 1223 2153 1281 nomine

42 1340 136 1377 eas
165 1319 451 1377 orationes
476 1317 671 1376 fundit
694 1316 968 1376 Sacerdos
991 1362 1006 1391 a
1045 1338 1187 1399 quas
1218 1314 1456 1396 quidem
1486 1336 1682 1374 causas
1714 1329 1976 1378 recenset
2003 1319 2161 1377 Con-

42 1413 238 1472 cilium
269 1413 676 1471 Tridentinum
711 1411 904 1473 verbis
934 1412 1198 1494 superius
1226 1410 1505 1469 recitatis.

126 1508 261 1566 314.
290 1507 379 1566 Ad
403 1509 506 1584 7¹¹¹,
531 1508 679 1588 Ney.
702 1510 778 1566 Ut
796 1509 954 1567 enim
973 1506 1231 1565 ostendit
1248 1507 1371 1589 ipse
1393 1508 1429 1564 J
1433 1527 1565 1564 oan.
1588 1507 1879 1566 Gerardus
1901 1509 2157 1583 VossiuS,

42 1625 162 1664 non
196 1603 542 1684 praecipiunt
595 1615 833 1666 veteres¹
876 1622 1160 1675 canoneS‚
1204 1611 1272 1657 ut
1321 1600 1618 1683 quisquis,
1676 1603 1902 1682 quoties
1950 1603 2115 1662 adest
2146 1650 2163 1680 ,

44 1697 462 1770 communicet,
503 1696 608 1756 sed
643 1718 720 1755 ne
767 1697 895 1781 quis
932 1694 1204 1757 nondum
1246 1706 1480 1775 peraeta
1522 1697 1936 1757 communione
1982 1697 2170 1758 disce-

44 1793 146 1852 dat
173 1794 286 1873 (2).

125 1887 263 1947 315.
333 1886 423 1946 Ad
476 1886 597 1961 8¹1¹,
645 1887 801 1967 Ney.
857 1886 1081 1948 Missas
1132 1886 1354 1964 absque
1399 1889 1996 1947 communicantibus
2046 1911 2170 1949 non

44 1986 335 2043 celebrare
359 1983 670 2064 (Graecos)
695 1985 931 2062 falsum
961 1992 1048 2040 est
1061 2024 1083 2053 ,

106 2227 170 2293 (1)
187 2227 401 2279 Ceterum
420 2266 432 2289 ,
456 2228 798 2288 Renaudotius‚
833 2228 1062 2293 Liturqia

40 2309 346 2376 AEtlziopica‚
374 2311 604 2361 observat.
619 2327 670 2367 n,
685 2312 896 2371 adnotat,
915 2311 1058 2376 quod,

41 2408 149 2440 cum
170 2395 369 2459 antiquae
389 2393 580 2457 liturgiae
597 2395 864 2458 praecipiunt
878 2410 954 2441 eos
968 2394 1063 2441 exi·
1106 2388 1108 2390 ’

43 2489 111 2533 re,
129 2476 209 2540 qui
229 2491 324 2521 non
347 2475 776 2533 communicabant,
801 2492 896 2522 non
921 2477 1062 2538 respi-

45 2558 164 2603 ciant
191 2556 294 2604 illos
318 2559 397 2621 qui
418 2574 470 2604 ea
490 2557 564 2604 die
584 2566 821 2604 nouerant
848 2573 1059 2604 commu·

47 2637 233 2684 nionem
253 2640 506 2702 percepturi
527 2675 540 2698 ‚
560 2637 640 2685 sed
655 2655 730 2686 eos
750 2675 762 2696 ‚
790 2640 869 2703 qui
886 2637 943 2684 ad
961 2654 1061 2684 eam

51 2719 383 2781 suscipiendam
398 2718 474 2786 jus
501 2736 596 2767 non
614 2719 871 2775 habebant,
908 2729 957 2766 ut
978 2737 1062 2767 au-

52 2800 227 2848 dientes
259 2810 303 2849 et
331 2802 690 2862 catechumeni,
722 2802 796 2850 vel
822 2805 903 2868 qui
942 2801 1062 2849 illud

52 2884 323 2944 amiserant,
352 2894 402 2935 ut
427 2888 719 2950 poenitentes,
739 2885 839 2938 Csr.
868 2885 1060 2949 Liturq.

59 2963 250 3013 Orient.
278 2975 391 3015 tom.
425 2983 473 3027 1,
501 2983 590 3033 pag
625 2966 745 3018 533.

125 3046 191 3108 (2)
231 3045 443 3112 Loquens
477 3051 601 3095 enim
642 3049 699 3096 de
733 3066 838 3101 can.
876 3066 908 3097 x
945 3052 1065 3098 inter

56 3127 322 3190 apostolicos
337 3165 350 3187 ‚
378 3146 470 3194 quo
485 3132 719 3193 privantur
741 3115 1067 3182 communione

58 3207 231 3268 fideles,
250 3211 329 3274 qui
356 3210 672 3273 ingrediuntur
688 3210 954 3271 Ecclesiam,
985 3229 1070 3261 nec

58 3306 247 3337 sacram
267 3290 311 3337 E
313 3290 433 3338 ucho
439 3292 625 3338 rictiam
629 3294 927 3357 percipt‘unt,
939 3308 1074 3358 prout

59 3371 292 3436 legebatur
313 3374 363 3419 in
380 3375 518 3421 veteri
539 3372 853 3421 Conciliorum
877 3375 1076 3425 editione

62 3451 181 3502 Petri
211 3453 401 3501 Crabbii
421 3490 435 3513 ,
464 3454 584 3519 disp.
625 3471 730 3514 xxi,
768 3454 892 3504 theS.
930 3473 990 3516 2,
1025 3459 1077 3506 in

63 3537 222 3597 primis
249 3535 434 3583 exhibet
463 3553 614 3584 veram
658 3538 911 3584 versionem
938 3538 1077 3605 hujus

67 3619 250 3664 canonis
266 3653 280 3680 ,
312 3633 413 3683 quae
433 3619 495 3665 ita
515 3635 559 3665 se
580 3617 720 3665 habet
739 3635 752 3665 ε
775 3617 1079 3686 Quicumque

63 3693 221 3756 fideles
245 3697 509 3746 Ecclesiam
526 3699 917 3763 i‘nyrediunturet
928 3702 1079 3768 scrip-

1125 1979 1324 2039 scribit
1355 1979 1622 2042 Allatius.
1653 1983 1779 2062 Qui
1802 2005 1923 2042 non
1947 1986 2166 2060 credit,

1142 2236 1278 2279 taras
1305 2227 1519 2280 audiunt
1535 2264 1548 2287 ‚
1591 2244 1752 2292 neque*
1779 2228 1914 2295 apud
1937 2247 2104 2296 preces
2128 2240 2174 2281 et

1140 2317 1356 2358 sanctam
1374 2312 1756 2359 communionem
1765 2322 2055 2376 permanent
2073 2331 2169 2376 eos,

1140 2399 1368 2457 tanquam
1414 2393 1506 2458 qui
1548 2392 1734 2439 ordinis
1757 2394 2170 2458 perturba-tionem

1140 2476 1190 2519 in
1197 2473 1395 2534 ducant,
1409 2491 1438 2522 a
1453 2475 1787 2522 communione
1801 2477 1961 2523 arceri
1973 2486 2167 2545 oportet.

1139 2554 1321 2604 Deinde
1346 2556 1583 2603 concludit
1611 2555 1816 2620 :Itaque
1829 2560 2064 2606 sententia
2081 2576 2165 2607 ca-

1139 2638 1283 2683 nonis
1319 2638 1410 2684 erit
1429 2674 1441 2697 ‚
1483 2653 1581 2684 non
1621 2646 1675 2684 ut
1715 2639 1914 2702 quisque
1934 2677 1946 2699 ‚
1986 2644 2169 2704 quoties

1138 2719 1297 2779 adest,
1334 2720 1647 2767 communicet
1665 2756 1679 2776 ,
1717 2705 1799 2767 sed
1829 2737 1922 2781 ne,
1963 2722 2171 2771 necdum

1131 2810 1330 2867 peracta
1344 2805 1680 2853 communione
1693 2842 1706 2864 ‚
1724 2804 1958 2855 discedat.
1976 2806 2166 2872 Nempe
2187 2825 2189 2828 ·

1139 2886 1286 2932 etiam
1305 2883 1412 2942 illi,
1436 2887 1524 2949 qui
1539 2901 1638 2935 non
1665 2888 2048 2945 communicant,
2065 2889 2166 2953 ipsi

1141 2983 1384 3016 remanere
1384 2967 1643 3032 jubentur,
1660 2985 1807 3035 usque
1822 2968 1937 3018 dum
1948 2968 2053 3031 alii,
2067 2986 2167 3018 non

1143 3048 1310 3096 clerici
1339 3044 1560 3109 tantumj
1582 3049 1666 3096 sed
1688 3051 1833 3100 etiam
1860 3049 1979 3098 laici
1998 3067 2166 3117 perce-

1137 3135 1304 3200 perint
1332 3149 1512 3197 panem
1557 3141 1794 3182 sanctum.
1836 3133 1975 3181 Hunc
2016 3137 2168 3201 ipsum

1149 3214 1348 3262 ostendit
1368 3232 1461 3262 esse
1475 3231 1661 3262 sensum
1680 3214 1874 3263 Concilii
1892 3215 2170 3264 Antiocheni

1151 3313 1254 3344 can.
1273 3313 1320 3343 2.
1343 3295 1594 3343 Cotelerius
1608 3306 1760 3344 autem
1775 3297 2004 3360 observat,
2026 3314 2169 3345 cano-

1151 3394 1261 3426 nem
1291 3397 1318 3426 x
1340 3380 1459 3440 (seu
1490 3392 1556 3426 vu
1582 3380 1633 3426 in
1664 3396 1746 3427 sua
1783 3378 1929 3440 edit.)
1954 3379 2170 3444 apostoli-

1153 3477 1261 3508 cum
1305 3477 1401 3508 esse
1442 3462 1595 3524 ipsum
1634 3478 1862 3509 canonem
1911 3460 2170 3508 secundum

1156 3539 1336 3607 Synodi
1354 3540 1652 3591 Antiochenae
1674 3580 1686 3601 ‚
1720 3544 1771 3589 in
1789 3559 1925 3607 quem
1942 3542 2083 3589 iidem
2101 3558 2171 3589 cr-

1159 3640 1279 3672 rores
1295 3626 1571 3688 irrepserant
1587 3661 1600 3684 ‚
1621 3626 1701 3689 qui
1715 3626 2079 3687 reperiuntunin
2093 3641 2172 3672 an-

1162 3706 1290 3771 tiqua
1319 3705 1489 3754 horum
1522 3721 1752 3754 canonum
1790 3704 2074 3754 collectione.

1799 3798 1901 3857 20.
