2502 4186
299 270 377 330 88
875 287 1192 327 'raam-uus
1236 285 1304 323 nn
1343 284 1810 326 conrmmumuz.

293 451 408 511 quo
439 432 758 510 baptizatis
795 434 1003 508 qratia
1043 429 1430 508 'sanctificans
1476 439 1733 507 augetur
1743 470 1766 500 ,
1818 439 1871 488 et
1905 430 2157 490 additur
2196 432 2386 490 robur

296 526 567 604 Spiritus
612 525 854 594 Sancti,
904 532 1037 581 tum
1074 524 1160 581 ad
1188 524 1446 602 firmiter
1485 524 1842 581 credendum
1859 565 1881 595 ,
1926 533 2056 582 tum
2098 526 2184 583 ad
2202 527 2381 603 fidem

301 622 499 696 ipsam
530 626 769 675 strenue
797 617 1214 696 profitendam.

374 710 435 770 3.
488 710 824 770 Doctrinam
859 710 1029 789 hujus
1068 712 1420 771 Sacramenti
1456 711 1646 770 sanxit
1695 711 2035 772 Tridentina
2077 712 2380 792 SynoduS,

291 824 433 864 sess·
474 805 577 864 VII
602 849 618 880 ‚
655 804 745 864 his
781 804 967 864 tribus
997 805 1332 866 canonibus,
1370 808 1510 865 Can.
1544 809 1568 864 I
1607 828 1621 863 t
1666 808 1736 865 Si
1760 810 1896 886 quis
1931 809 2190 879 dia-erit,
2234 812 2385 866 Con-

288 900 694 978 firmationem
717 901 1179 978 ‚baptizatorum
1229 906 1470 960 otiosam
1520 906 1911 960 ceremoniam
1964 923 2115 973 esse,
2162 912 2218 959 et
2264 922 2384 959 non

279 997 490 1074 potius
516 1014 724 1053 verum
752 1005 807 1052 et
826 1000 1157 1074 proprium
1183 997 1671 1069 Sacramentum,
1708 1006 1821 1054 aut
1848 998 1989 1054 olim
2023 997 2183 1054 nihil
2211 995 2392 1054 aliud

283 1091 479 1167 fuisse
521 1110 708 1168 quam
735 1091 1079 1149 ‘catechesim
1109 1092 1440 1170 quamdam
1461 1133 1485 1163 ,
1520 1112 1644 1170 qua
1682 1092 2079 1151 adolescentiae
2113 1092 2386 1170 proximi

288 1184 433 1264 fidei
465 1204 589 1242 succ
624 1188 918 1243 rationem
949 1205 1148 1244 coram
1180 1186 1448 1245 Ecclesia
1489 1187 1883 1264 exponebant,
1929 1182 2247 1244 anathema
2282 1190 2377 1244 sit.

293 1277 438 1339 Can.
481 1278 531 1335 11
574 1298 588 1335 :
628 1278 702 1335 Si
730 1281 868 1356 quis
911 1281 1172 1351 dixerit,
1227 1283 1490 1357 im’urios
1535 1301 1649 1339 esse
1689 1281 1961 1360 Spiritui
1999 1281 2213 1338 Sancto
2259 1301 2348 1338 eos
2361 1321 2384 1351 ,

290 1375 407 1450 qui
423 1391 591 1429 sacro
615 1371 1100 1450 Confirmationis
1126 1373 1446 1431 chrismati
1464 1378 1747 1432 virtutem
1774 1377 2047 1454 aliquam
2070 1375 2386 1444 tribuant,

291 1466 609 1525 anatliema
637 1471 735 1526 sil.
768 1469 907 1528 Can.
938 1468 1018 1526 ΙΙΙ
1045 1490 1058 1526 :
1096 1469 1168 1526 Si
1195 1473 1330 1548 quis
1363 1470 1588 1526 dicerit
1601 1511 1623 1541 ,
1657 1481 1876 1528 sanctae
1904 1471 2390 1549 Confirmationis

290 1562 681 1621 ordinarium
717 1567 1073 1622 ministrum
1108 1585 1224 1623 non
1259 1585 1372 1622 esse
1405 1565 1594 1622 solum
1621 1564 1990 1643 Episcopum
2009 1608 2025 1640 7
2064 1566 2166 1624 sed
2195 1584 2391 1643 quem-

293 1659 385 1715 vis
410 1659 742 1736 simplicem
780 1659 1182 1729 Sacerdotem,
1218 1659 1539 1717 anath-ema
1571 1661 1666 1717 sit.

378 1750 436 1808 4.
483 1751 562 1809 Ex
588 1751 695 1810 hac
728 1773 904 1834 porro
941 1751 1204 1811 doctrina
1243 1774 1364 1811 non
1406 1751 1579 1811 modo
1607 1752 1854 1835 oppositi
1886 1751 2237 1832 deteguntur
2274 1772 2390 1809 no-

295 1854 565 1904 vatorum
598 1866 821 1906 errores
845 1891 860 1922 ‚
897 1846 999 1906 sed
1023 1847 1116 1908 via
1147 1845 1313 1905 nobis
1352 1858 1631 1928 praeterea
1665 1848 1943 1907 sternitur
1978 1847 2053 1906 ad
2087 1847 2242 1906 hunc
2271 1856 2394 1904 tra-

295 1947 516 1997 ctatum
549 1941 612 1998 in
647 1942 757 2000 tria
799 1943 985 2023 capita
1020 1941 1467 2023 dispescendum
1517 1964 1531 1999 :
1575 1964 1825 2023 quorum
1846 1947 2131 2022 primum
2171 1941 2283 2000 erit
2319 1938 2393 1998 de

295 2035 472 2112 hujus
502 2037 857 2096 Sacramenti
899 2037 1176 2113 veritate3
1220 2038 1479 2095 alterum
1525 2035 1598 2096 de
1640 2042 1759 2115 ejus
1799 2037 2103 2109 ministr03
2148 2038 2392 2093 tertium

295 2130 371 2189 de
402 2133 641 2190 materia
663 2175 680 2206 7
718 2132 902 2190 forma
932 2143 993 2191 et
1024 2129 1345 2190 effectibus,
1383 2131 1487 2189 His
1518 2152 1677 2190 more
1700 2142 1900 2190 nostro
1928 2141 2218 2209 quartum
2254 2127 2394 2205 adji-

295 2225 510 2284 ciemus
547 2225 623 2284 ad
658 2226 1095 2307 complectenda
1129 2225 1414 2284 nonnulla
1445 2225 1690 2302 scholia,
1732 2224 1938 2306 quibus
1974 2223 2164 2288 lucem
2205 2221 2397 2282 effun-

299 2319 507 2378 damus
537 2320 604 2378 iis
621 2364 637 2393 ,
664 2341 791 2401 quae
817 2321 966 2379 dicta
989 2330 1156 2396 sunt,
1182 2331 1281 2378 aut
1303 2319 1544 2380 dicenda
1567 2329 1914 2400 supererunt
1931 2362 1950 2395 ,
1975 2317 2048 2377 ad
2077 2316 2396 2400 pleniorem

297 2400 382 2473 rei
403 2458 419 2489 ‚
464 2413 536 2473 de
565 2435 678 2496 qua
707 2415 925 2494 agimus
944 2459 959 2489 ‚
989 2415 1396 2494 cognitionem.

1170 2590 1407 2651 CAPUT
1448 2591 1494 2649 1.

675 2747 745 2784 DE
786 2746 1062 2786 VERITATE
1105 2745 1457 2786 SACRAMENTI
1498 2746 1987 2785 CONFIRMATIOMS.

379 2898 435 2958 5.
483 2899 759 2973 Quamvis
787 2910 1009 2961 veteres
1035 2899 1292 2959 haeretici
1315 2910 1414 2958 aut
1434 2899 1799 2979 neglexerint
1833 2899 2003 2976 hujus
2039 2898 2393 2958 Sacramenti

295 2994 722 3076 susceptionem
745 3039 763 3070 a
795 3005 859 3053 ut
874 2994 947 3054 de
963 2995 1298 3056 Novatianis
1321 2995 1499 3055 refert
1528 2993 1919 3055 Theodoretus
1935 2993 2022 3075 (1)
2045 3040 2059 3069 7
2079 3005 2178 3052 aut
2200 2995 2391 3077 ipsum

296 3143 420 3191 leant
449 3143 507 3192 ab
548 3143 777 3205 Ecclesia,
822 3163 846 3193 a
883 3163 974 3211 qua
1017 3146 1294 3207 discedunt,
1384 3142 1632 3214 βιβςιίωα-ις
1660 3150 1739 3199 τῆς
1769 3143 2044 3209 δμολογιόιςς
2080 3162 2157 3193 seu
2181 3162 2196 3192 ε
2228 3143 2391 3191 Chris·

294 3241 450 3272 secum
469 3226 602 3274 ferre.
631 3225 728 3275 Cfr.
754 3226 788 3273 F
792 3228 1089 3275 euardentius
1109 3229 1159 3274 in
1172 3228 1299 3276 hunc
1378 3245 1458 3275 ma
1522 3227 1838 3289 Confirmatio
1904 3237 1971 3274 est
2038 3226 2345 3290 confessionis
2370 3260 2387 3288 ,

294 3303 456 3353 Irenaei
483 3306 654 3356 locum.
691 3306 769 3355 Sic
798 3311 968 3372 pariter
992 3308 1159 3356 falsum
1193 3315 1293 3370 est,
1378 3326 1549 3374 nempe
1593 3309 1813 3373 Baptismi
1838 3346 1851 3367 ,
1890 3309 1947 3356 de
1984 3325 2075 3374 quo
2107 3309 2253 3370 agitur
2288 3324 2388 3370 cap.

291 3387 418 3452 quod
466 3387 588 3435 idem
643 3387 856 3437 Snicerus
897 3389 1091 3438 affirmat
1113 3427 1125 3449 ,
1175 3390 1296 3455 apud
1378 3407 1517 3455 praec.
1553 3389 1650 3438 Cfr.
1688 3391 1811 3454 apud
1837 3388 2148 3447 Cotelerium‚
2178 3383 2382 3435 Patrum

289 3484 460 3533 graecos
483 3473 719 3534 scriptores
748 3488 833 3519 nec
869 3474 1066 3520 inveniri
1095 3489 1251 3520 vocem
1275 3509 1288 3531 ‚
1374 3471 1614 3537 apostolic.
1640 3472 1734 3520 vol.
1764 3489 1780 3518 1
1799 3509 1812 3531 ‚
1850 3489 1952 3536 pag.

291 3567 391 3615 quae
423 3550 774 3600 Confirmationi
808 3554 1108 3617 respondeat3
1143 3555 1290 3619 siqui·
1441 3552 1512 3619 (l)
1549 3553 1736 3601 Hoeret.
1758 3551 1914 3617 fabul.
1948 3549 2030 3598 lib.
2060 3564 2142 3610 ιιι,
2174 3566 2275 3614 cap.
2311 3546 2342 3595 5
2365 3585 2378 3608 ,

289 3630 463 3679 demin
480 3631 917 3683 Constitutionibus
930 3632 1193 3701 Apost.lib.
1214 3649 1288 3694 111,
1373 3637 1451 3700 qui
1496 3637 1560 3683 sic
1601 3636 1659 3683 de
1703 3634 1966 3683 Novatianis
2013 3630 2168 3679 scribit
2198 3647 2229 3677 vz
2279 3629 2379 3680 Τοῖς

290 3726 391 3776 cap·
442 3730 499 3780 17
520 3751 535 3776 ,
586 3726 739 3781 aperte
783 3715 948 3765 dicitur
986 3732 1001 3764 τ
1039 3711 1102 3765 To*
1130 3711 1288 3782 μεῗρον,
1372 3712 1455 3764 ν’πδ
1485 3721 1603 3778 ooo»
1634 3711 1979 3779 βαπτιζομένης
2006 3709 2057 3764 vi
2082 3711 2298 3774 πωνςέγιον
2337 3711 2384 3758 ου’
