2502 4186
188 297 197 308 .
296 247 376 308 26
971 271 1299 312 rnAc‘rArus
1345 270 1416 308 nn
1458 272 1751 312 armeno,

298 414 507 470 mortis
545 412 692 469 laici
726 403 1136 489 baptizarent,
1176 414 1232 470 si
1268 417 1548 472 minister
1583 416 1649 471 in
1684 424 1935 492 tempore
1966 438 2087 476 non
2129 419 2349 477 adesset
2369 465 2384 493 7

297 526 420 565 non
462 506 626 563 video
642 548 666 576 ,
698 526 820 582 qua
853 505 1038 582 firma
1069 511 1298 566 ratione
1323 509 1568 586 defendi
1594 519 1773 587 queat
1804 509 1913 588 (1).
1943 510 2045 568 Ast
2065 511 2395 571 defenditur

298 609 578 681 perpetuo
606 598 728 677 ipso
759 598 1020 658 Ecclesiae
1056 621 1185 660 usu.

380 694 478 752 61.
529 692 724 751 Valide
761 696 1036 773 praeterea
1075 715 1140 754 ac
1179 695 1333 755 licite
1367 706 1492 754 tum
1521 694 1594 753 ab
1623 694 1902 756 haereticis
1931 708 2059 755 tum
2085 695 2158 756 ab
2188 697 2396 757 infide-

296 786 447 845 libus
470 785 758 869 baptisma
778 832 795 861 7
828 789 1030 847 mortis
1058 789 1312 871 periculo
1332 789 1748 870 impendente,
1778 790 2168 851 administrari
2193 813 2358 872 posse
2376 837 2394 865 7

297 881 370 941 ab
394 883 573 963 iisque
594 883 714 963 peti
738 903 803 941 ac
826 884 1058 964 suscipi7
1092 905 1162 943 ex
1186 885 1351 942 dictis
1375 883 1562 963 colligi
1583 883 1745 942 facile
1763 896 1970 964 potest.
2003 889 2086 944 De
2114 885 2395 945 haereticis

291 967 414 1056 jam
466 976 696 1036 nullum
748 975 991 1036 dubium
1046 989 1308 1060 superest
1335 1023 1351 1054 ‚
1398 989 1455 1037 et
1495 977 1567 1036 ab
1614 976 1955 1037 adversariis
1993 980 2131 1060 ipsis
2182 979 2397 1038 admit-

297 1069 440 1130 titur
466 1068 574 1151 (2).
607 1073 776 1131 Enim
814 1093 952 1132 vero
973 1121 989 1146 7
1025 1083 1094 1130 ut
1125 1072 1263 1132 alias
1295 1071 1654 1131 ostendimus
1673 1115 1689 1144 7
1716 1071 1974 1131 validum
2002 1085 2087 1131 est
2110 1072 2396 1154 baptisma

297 1164 371 1225 ab
395 1166 533 1247 ipsis
553 1167 662 1225 rite
687 1165 960 1226 collatum
981 1191 996 1240 ς
1025 1166 1276 1246 legitime
1298 1168 1471 1247 igitur
1489 1166 1551 1224 in
1573 1167 1923 1225 necessitatis
1943 1187 2074 1226 casu
2100 1167 2172 1226 ab
2192 1167 2397 1227 iisdem

300 1260 698 1320 administrari
732 1273 926 1344 potest
946 1307 961 1335 7
999 1283 1063 1320 ac
1101 1261 1355 1341 legitime
1384 1283 1489 1341 per
1513 1283 1715 1320 eorum
1741 1262 2130 1321 ministerium
2151 1263 2395 1344 suscipi3

295 1376 428 1414 cum
449 1352 789 1436 impellente
813 1356 1153 1427 necessitate
1178 1356 1418 1436 quisque
1454 1356 1634 1437 possit
1658 1377 1721 1414 ac
1747 1355 1955 1415 debeat
1983 1357 2205 1438 optima
2229 1401 2245 1431 7
2283 1377 2396 1439 qua

294 1450 416 1508 fieri
439 1461 632 1531 potest
650 1496 664 1525 7
690 1450 911 1509 ratione
934 1450 1184 1532 propriae
1211 1449 1380 1509 saluti
1398 1451 1744 1532 prospicere.

377 1544 475 1603 62.
524 1545 685 1604 Circa
714 1544 973 1606 valorem
1008 1545 1285 1628 baptismi
1326 1545 1400 1605 ab
1435 1543 1769 1605 infidelibus
1800 1544 1993 1605 collati
2021 1546 2153 1606 licet
2187 1566 2398 1627 anceps

295 1636 605 1721 aliquando
641 1639 871 1700 haeserit
913 1642 971 1700 S.
1019 1642 1370 1720 Augustinus
1398 1686 1415 1717 ,
1465 1640 1765 1703 inclinavit
1811 1652 2007 1700 tamen
2056 1641 2118 1699 in
2170 1652 2399 1722 partem

295 1734 723 1793 affirmativam.
766 1735 997 1795 Etenim
1025 1781 1041 1807 7
1074 1735 1175 1794 lib.
1212 1737 1263 1794 II
1306 1735 1522 1795 Contra
1554 1742 1720 1814 epist.
1762 1737 2213 1813 Parmenianiq
2257 1735 2406 1793 Hoec

295 1831 567 1908 quidem,
598 1831 825 1911 inquit7
875 1833 1002 1889 alia
1034 1835 1276 1909 quaestio
1309 1842 1433 1905 εει,
1478 1842 1689 1888 utrum
1732 1842 1785 1889 et
1825 1833 1903 1888 ab
1942 1836 2051 1904 εἷς,
2098 1835 2206 1908 qui
2243 1851 2408 1887 nun-

294 1945 478 2002 quam
509 1929 770 2004 fuerunt
799 1929 1125 1986 christiani
1144 1972 1159 2000 7
1186 1931 1376 2005 possit
1405 1927 1753 2004 Baptismus
1783 1928 1931 1984 dari
1956 1924 1975 1991 ,⁴
2024 1945 2130 1983 nec
2172 1924 2415 2002 aliquid

294 2030 504 2078 temere
543 2022 682 2079 inde
726 2021 1156 2098 affirmandum
1203 2031 1288 2079 est
1339 2022 1466 2078 sine
1505 2025 1853 2079 auctoritate
1896 2019 2394 2098 tamti'Cone-ilii7

292 2125 593 2192 quantum
611 2126 793 2173 tantoe
807 2116 1123 2194 rez'suffi'cit
1141 2114 1248 2194 (3).
1271 2114 1492 2173 Deinde
1510 2135 1647 2175 vero
1671 2159 1686 2187 7
1708 2113 1809 2172 lib.
1833 2114 2030 2173 V11De
2057 2114 2365 2190 Baptismo
2377 2152 2401 2182 ,

292 2207 490 2266 scribit
537 2231 551 2267 ε
605 2212 985 2291 Nequaquam
1019 2231 1078 2269 se
1123 2208 1561 2282 dubitaturum7
1605 2210 1819 2266 habere
1867 2222 1958 2265 e'os
2002 2210 2404 2285 baptismum,

291 2308 406 2380 qui
454 2306 820 2384 ubicumque
874 2316 930 2364 et
977 2326 1015 2363 a
1068 2306 1544 2388 quibuscumque
1595 2303 1757 2359 illud
1806 2302 2002 2360 verbis
2058 2301 2408 2378 evanqelicz's

291 2411 696 2457 consecratum
739 2405 867 2458 sine
908 2421 1021 2457 sua
1065 2400 1447 2456 simulatione
1481 2407 1536 2454 ct
1570 2418 1708 2454 cum
1751 2398 1961 2474 aliqua
1997 2396 2112 2474 fide
2153 2398 2405 2471 accepis-

291 2503 420 2553 sent
460 2493 570 2575 (4).
618 2495 700 2555 Re
726 2495 972 2578 proinde
1015 2494 1225 2554 melius
1270 2493 1521 2574 eliquata
1544 2497 1669 2570 jam
1712 2513 1744 2550 a
1786 2512 1895 2549 see.
1944 2493 2020 2548 lX
2044 2535 2059 2564 7
2089 2488 2402 2548 Nicolausl

291 2592 353 2649 in
411 2593 813 2672 Responsione
868 2595 954 2651 ad
1006 2593 1274 2651 consu-lta
1331 2591 1745 2668 Bulqarorum
1802 2586 2111 2645 affirmavit
2135 2631 2150 2659 7
2210 2585 2400 2647 valere

290 2687 657 2766 Baptismum
703 2686 775 2745 ab
823 2687 1060 2746 homine
1095 2684 1285 2763 juclaeo
1328 2683 1422 2744 vel
1463 2704 1688 2763 pagano
1732 2680 2006 2740 collatum
2048 2680 2154 2760 (5).
2214 2682 2399 2760 Atque

288 2778 352 2837 id
397 2778 639 2838 demum
667 2826 683 2855 7
743 2792 808 2839 ut
851 2781 1105 2841 vidimus
1133 2824 1149 2851 ‚
1202 2779 1391 2839 sanxit
1449 2777 1770 2835 Concilium
1824 2776 2248 2834 oecumenicum
2290 2776 2400 2832 La-

290 2880 482 2932 teran..
539 2875 639 2949 IV,
685 2887 744 2934 et
785 2874 1164 2957 postmodum
1207 2873 1489 2951 Eugenius
1534 2873 1628 2930 IV.
1678 2870 1918 2930 Nullum
1943 2880 2250 2951 propterea
2275 2873 2398 2946 jam

290 2978 554 3049 superest
597 2967 842 3028 dubium
886 2972 1034 3049 circa
1077 2967 1410 3046 hujusmodi
1451 2966 1667 3026 lavacri
1712 2965 2001 3038 valorem3
2048 2986 2154 3022 nec
2200 2963 2398 3024 viden-

291 3074 389 3122 tur
430 3065 544 3146 ipsi
586 3067 906 3124 Novatores
949 3065 1022 3123 de
1067 3064 1176 3122 hoc
1221 3062 1468 3144 amplius
1511 3061 1822 3140 ambigere.

373 3158 468 3217 63.
513 3159 662 3219 Sane
719 3161 931 3221 veritas
975 3159 1047 3218 de
1104 3157 1299 3220 valore
1342 3157 1622 3238 Baptismi
1664 3155 1737 3213 ab
1785 3152 2003 3213 infideli
2062 3151 2252 3212 collati
2307 3161 2394 3209 est

289 3253 473 3315 veluti
503 3254 868 3314 corollarium
898 3254 1134 3314 alterius
1187 3253 1448 3314 veritatis
1469 3298 1484 3327 7
1522 3251 1595 3310 de
1631 3250 1820 3312 valore
1865 3249 2076 3309 scilicet
2118 3245 2395 3329 Baptismi

357 3429 424 3492 (l)
461 3426 631 3478 Instit.
661 3427 744 3478 lib.
775 3446 839 3491 iv,
873 3447 974 3494 cap.
1020 3427 1104 3486 15,
1136 3428 1262 3495 §2o.
1452 3427 1522 3492 (3)
1559 3428 1673 3493 Cap.
1708 3428 1765 3475 13
1789 3466 1801 3489 7
1827 3446 1879 3477 n.
1905 3428 1988 3476 30.

355 3511 428 3574 (2)
457 3509 572 3559 Nam
623 3514 718 3574 ipsc
773 3511 992 3559 Calvinus
1023 3549 1035 3570 7
1084 3512 1175 3558 loc.
1219 3513 1295 3558 cit.
1446 3511 1513 3570 (li)
1551 3510 1664 3575 Cap.
1707 3508 1804 3570 53,
1834 3527 1883 3558 n.
1926 3524 2033 3555 102.

292 3591 317 3658 §
339 3590 397 3640 16
417 3630 428 3651 ,
448 3592 669 3658 Baptismi
685 3592 744 3639 ab
761 3592 985 3640 haereticis
1001 3592 1154 3640 collati
1169 3592 1296 3639 valo·
1449 3593 1511 3656 (5)
1530 3594 1661 3656 Apud
1674 3591 1900 3641 Harduin.
1918 3588 2043 3637 Acta
2062 3588 2386 3646 Conc.tom.v,

290 3691 388 3721 rem
414 3692 466 3721 ex
493 3674 694 3738 professo
713 3683 867 3721 tuetur
886 3710 898 3732 ‚
938 3691 991 3721 ac
1027 3674 1193 3738 reliqui
1211 3672 1299 3722 Re·
1379 3675 1470 3723 col.
1500 3670 1615 3722 383.

233 3768 238 3770 ·
289 3754 475 3803 formati
503 3765 549 3804 et
579 3754 884 3805 Protestantes
899 3754 1167 3804 admittunt.
