2502 4186
309 238 387 299 56

966 259 1285 302 TRAGTATUS
1331 260 1399 297 DE
1440 259 1730 301 BAP'nsuo.

268 471 270 473 k
307 402 710 464 haereticorum
747 405 1033 486 incipiunt
1070 402 1367 478 dubitare,
1419 413 1476 462 et
1509 424 1624 484 quo
1664 402 2016 465 honestiores
2038 450 2053 480 7
2095 406 2392 481 meliores,

306 497 593 566 fideliores
625 498 838 558 fuerint
864 499 1058 578 gratiae
1073 503 1198 576 jam
1226 510 1505 580 acceptae7
1547 519 1614 557 eo
1650 498 1826 577 magis
1851 498 2113 558 dubitare
2144 511 2396 582 pergunt

309 591 383 651 de
416 592 660 651 veritate
699 604 897 668 sectae7
936 595 996 652 in
1032 616 1143 675 qua
1175 595 1298 654 nati
1337 589 1564 652 suntet
1613 594 1850 651 enutriti
1881 639 1896 668 7
1946 605 2004 653 et
2041 600 2108 653 eo
2142 595 2394 672 facilius,

309 683 465 765 quod
500 686 694 744 omnia
726 688 863 768 ipsis
891 687 1134 747 dubium
1167 689 1430 767 ingerere
1471 685 1724 745 debeant
1745 732 1762 762 7
1799 699 2006 746 natura
2041 687 2255 746 scilicet
2282 688 2398 747 hae-

306 797 505 836 resum
525 823 540 852 7
558 839 560 841 ,
581 780 737 859 origo
759 827 774 856 7
816 782 1032 863 epocha
1052 827 1068 858 7
1109 804 1324 841 nomen
1348 829 1363 858 7
1406 781 1641 862 antiqua
1682 795 2058 841 monumenta
2082 828 2097 857 7
2141 783 2356 864 templa
2380 827 2395 856 7

306 871 747 954 inscriptiones7
785 876 1086 956 sepulchra
1115 922 1131 951 7
1170 888 1283 936 etc.
1316 876 1498 935 donec
1532 877 1876 956 perveniant
1915 878 1989 934 ad
2018 878 2400 956 cognitionem

308 966 593 1026 veritatis,
637 969 839 1050 Itaque
866 971 967 1028 filii
996 970 1423 1040 Catholicorum
1459 991 1687 1050 semper
1720 970 1781 1026 in
1816 970 2016 1030 ordine
2043 972 2398 1051 progressivo

308 1071 448 1120 sunt
482 1062 626 1120 circa
663 1084 857 1123 veram
895 1065 1071 1123 fidem
1091 1111 1106 1139 7
1149 1066 1252 1123 filii
1285 1086 1421 1125 vero
1450 1064 1848 1123 haereticorum
1879 1065 1940 1122 in
1970 1065 2170 1125 ordine
2214 1077 2402 1124 retro-

306 1154 487 1234 grado
522 1168 785 1236 respectu
811 1160 1058 1239 propriae
1089 1170 1292 1232 sectae3
1332 1181 1508 1240 quare
1529 1204 1544 1233 7
1590 1159 1635 1216 si
1671 1180 1776 1240 pro
1816 1159 1969 1219 virili
2010 1160 2203 1238 gratiae
2235 1159 2402 1218 obse-

310 1247 602 1322 cundent7
636 1254 1061 1329 conjungentur
1100 1252 1357 1311 Ecclesiae
1395 1252 1713 1325 catholicaeg
1750 1252 1905 1333 quod
1936 1253 1982 1310 si
2018 1254 2208 1332 gratiae
2243 1254 2404 1313 resis-

309 1352 458 1414 tant,
475 1352 664 1416 sectae,
690 1343 751 1400 in
775 1365 887 1422 qua
909 1345 1030 1401 nati
1052 1355 1211 1417 sunt7
1232 1365 1454 1403 errores
1469 1345 1921 1425 profitebuntur,
1939 1347 2083 1407 etad
2098 1348 2405 1408 Ecclesiam

312 1434 666 1495 Catholicam
695 1437 993 1518 pertinere
1027 1442 1167 1516 jam-
1193 1437 1479 1497 desinent.

397 1530 531 1589 128.
577 1531 665 1590 Ad
694 1531 776 1590 3¹¹¹
797 1576 812 1606 7
838 1535 997 1592 Disc.
1036 1532 1375 1592 Immediate
1401 1555 1495 1592 eos
1518 1534 1727 1594 docent
1756 1547 2022 1617 parentes
2035 1580 2056 1608 ,
2085 1548 2193 1597 etc.
2222 1559 2406 1605 eone„-

312 1622 603 1698 mediate,
656 1647 786 1705 neq.
837 1627 936 1685 Isti
976 1627 1134 1686 enim
1181 1649 1382 1686 omnes
1432 1641 1695 1709 respectu
1740 1652 2052 1710 puerorum
2100 1632 2409 1691 Ecclesiam

312 1730 732 1800 repraescntant
753 1766 769 1795 7
810 1720 953 1779 dum
986 1722 1123 1802 ipsis
1160 1721 1379 1800 objecta
1410 1722 1544 1782 fidei
1582 1725 1874 1784 credenda
1907 1739 2244 1806 proponunt
2273 1747 2412 1784 auc-

293 1815 547 1872 *toritate
588 1826 647 1872 et
678 1815 913 1874 nomine
948 1816 1202 1875 Ecclesiae
1225 1861 1240 1890 7
1269 1822 1436 1894 juxta
1467 1817 1636 1877 dicta.
1674 1820 1943 1892 Quinimo
1973 1820 2066 1879 vel
2095 1821 2204 1901 ipsi
2239 1820 2409 1879 schis-

312 1909 509 1967 matici
532 1921 591 1968 et
620 1909 872 1969 haeretici
892 1956 907 1985 7
938 1912 1035 1992 qui
1066 1912 1276 1970 Christi
1312 1923 1370 1971 et
1396 1913 1656 1972 Ecclesiae
1685 1915 2082 1972 auctoritatem
2102 1927 2320 1993 urgent
2346 1916 2409 1974 in

312 2003 507 2085 pueris
549 2004 949 2079 instituend'iS,
1002 2007 1139 2065 istos
1193 2006 1413 2065 ducunt
1452 2007 1525 2065 ad
1573 2030 1772 2069 veram
1816 2007 1993 2066 fidem
2036 2019 2095 2067 et
2136 2008 2211 2066 ad
2250 2020 2408 2067 actus

314 2098 782 2176 supernaturales
838 2100 1185 2175 eliciendos7
1237 2100 1516 2181 quamdiu
1560 2102 1886 2180 evangelico
1936 2101 2068 2160 lacti
2115 2123 2410 2161 venenum

315 2191 637 2251 schismatis
664 2206 764 2252 aut
794 2194 1074 2255 haereseos
1115 2217 1235 2254 non
1265 2195 1646 2255 immisceant.
1688 2197 1932 2255 Ecclesia
1971 2197 2186 2277 quippe
2207 2242 2222 2270 7
2249 2198 2428 2277 quae7'

253 2354 258 2357 .
313 2297 383 2344 ut
409 2286 666 2366 loquitur
691 2291 1073 2367 Augustinus7
1114 2290 1205 2350 vel
1237 2311 1343 2370 per
1374 2311 1433 2347 se
1469 2291 1561 2349 vel
1587 2311 1691 2371 per
1721 2302 1914 2349 uteros
1949 2290 2286 2349 ancillarum
2315 2293 2410 2350 in—

314 2381 500 2439 fantes
530 2382 589 2438 in
617 2383 913 2462 Baptismo
941 2384 1123 2463 gignit
1142 2429 1157 2457 7
1188 2384 1250 2442 in
1282 2384 1646 2443 institutione
1676 2386 1893 2466 pariter
1936 2386 2245 2446 veritatum
2274 2385 2436 2444 fidei«

312 2497 524 2557 pueros
564 2475 657 2535 vel
702 2498 804 2557 per
846 2500 1015 2537 suum
1068 2478 1161 2538 vel
1198 2499 1303 2558 per
1353 2478 1698 2538 ancillarum
1744 2480 1936 2538 sinum
1979 2479 2110 2555 alit,
2155 2479 2311 2541 fovet
2351 2490 2410 2540 et

276 2613 278 2615 -
313 2572 501 2629 nutrit
523 2615 537 2644 7
577 2570 760 2630 donec
787 2572 953 2632 malae
988 2572 1119 2631 fidei
1147 2594 1267 2631 esse
1304 2573 1601 2653 incipiant.

401 2665 535 2725 129.
579 2666 669 2724 Ad
696 2666 811 2741 4³¹7
851 2668 1000 2747 Neq.
1027 2668 1246 2727 differri
1279 2667 1694 2727 Eucharistiam
1727 2668 1983 2749 parvulis
2022 2667 2252 2728 defectu
2274 2668 2410 2728 fidei

317 2898 429 2946 c’est
454 2913 543 2961 que
575 2896 702 2946 Dieu
723 2897 793 2945 lui
817 2900 891 2946 ait
918 2898 1073 2947 donne
1101 2916 1194 2947 une
1217 2899 1321 2948 telle

316 2981 519 3025 autarith
535 3013 548 3036 ‚
581 2980 723 3043 qu’on
741 2981 861 3027 croit
876 2980 1070 3028 d'abord
1088 2998 1138 3028 ce
1162 2981 1321 3045 qu’elle

307 3076 511 3124 proposse
531 3093 549 3122 ,
596 3069 640 3107 et
675 3078 763 3125 que
803 3060 849 3107 la
879 3062 953 3125 foi
980 3061 1208 3127 precede,
1260 3079 1323 3110 ou

313 3140 474 3206 plume
519 3141 675 3189 exclut
726 3141 972 3189 l’exameu.
1018 3142 1218 3192 Dieu...
1263 3160 1323 3191 ue

315 3238 522 3286 manque
543 3239 637 3287 pas
678 3222 734 3270 de
771 3224 930 3287 motifis
958 3240 1088 3288 pour
1114 3225 1324 3272 attacher

317 3319 390 3358 ses
425 3303 614 3366 enfams
640 3305 670 3351 ὰ
710 3321 795 3352 sou
829 3303 1028 3368 quise,
1070 3306 1100 3353 ὰ
1128 3304 1324 3370 laquelle

316 3383 357 3429 il
378 3400 408 3430 a
439 3383 592 3431 donne
635 3385 713 3432 dee
741 3387 996 3445 caracteres
1032 3388 1078 3434 ei
1101 3389 1319 3452 particu-

317 3463 429 3511 liers
441 3473 486 3512 et
501 3467 542 3511 εἰ
561 3465 804 3515 eclatants.
833 3466 944 3514 Cela
965 3470 1111 3518 meme
1125 3505 1141 3529 ,
1162 3468 1322 3533 qu’elle

317 3553 387 3592 est
417 3545 464 3592 la
495 3545 620 3594 seule
642 3547 698 3594 de
733 3556 879 3595 toutes
913 3548 977 3595 les
1013 3552 1205 3597 societas
1234 3551 1323 3613 qui

316 3636 422 3674 eom
436 3645 501 3676 au
522 3629 688 3677 monde
707 3666 719 3689 ‚
743 3630 774 3677 ὰ
792 3629 985 3694 laquelle
1013 3631 1105 3679 nul
1126 3648 1184 3679 ue
1203 3640 1324 3697 peut

319 3718 527 3759 montrer
562 3727 648 3760 eon
672 3721 1063 3761 commencement
1083 3748 1098 3777 ,
1139 3714 1192 3761 ui
1231 3730 1318 3762 au-

1400 2916 1520 2948 cune
1550 2900 1871 2964 interruptiou
1910 2899 1967 2948 de
1999 2916 2084 2947 son
2117 2903 2210 2947 etat
2247 2898 2411 2947 visible

1401 2990 1444 3029 et
1476 2982 1711 3029 exterieur
1744 2998 1843 3046 par
1894 2999 2055 3029 aucun
2093 2983 2189 3046 fait
2233 2986 2403 3042 avere,

1396 3062 1612 3127 pendant
1641 3061 1800 3125 qu'elle
1827 3061 1866 3108 le
1894 3070 2073 3109 mentre
2112 3063 2142 3109 ὰ
2173 3072 2322 3110 tontes
2341 3061 2407 3107 les

1402 3151 1560 3190 autres
1584 3145 1774 3190 soeieles
1802 3144 1887 3206 qui
1907 3142 2251 3190 l'environnent
2271 3178 2284 3200 ‚
2310 3158 2410 3206 par

1402 3223 1482 3270 des
1525 3224 1646 3288 faits
1680 3223 2059 3288 qu'elles·meme3
2099 3241 2158 3271 ‘ne
2199 3231 2411 3288 peuvent

1402 3307 1541 3364 mer,-
1575 3305 1673 3353 cela
1692 3308 1838 3352 meme
1866 3315 1933 3353 est
1959 3323 2025 3353 uu
2046 3305 2279 3352 caractere
2299 3321 2408 3351 sen-

1402 3385 1514 3432 sible
1568 3389 1653 3450 qui
1686 3387 1840 3434 donne
1881 3404 1974 3433 une
2020 3384 2271 3450 inviolable
2314 3402 2406 3433 au-

1401 3470 1536 3514 torite
1576 3469 1606 3515 ἀ
1645 3467 1689 3514 la
1714 3470 1846 3515 vraie
1893 3467 2140 3531 quise....
2180 3465 2405 3514 OEuvrea

1402 3549 1457 3596 de
1487 3547 1561 3598 M.
1591 3551 1793 3598 Bossuet
1813 3587 1826 3607 ,
1867 3560 1978 3598 tom.
2005 3566 2065 3606 v,
2102 3566 2207 3613 pag.
2236 3546 2331 3613 671
2358 3557 2403 3596 et

1401 3651 1495 3698 seq.
1517 3633 1627 3682 edit.
1664 3633 1721 3682 de
1753 3632 1917 3696 Liege7
1952 3626 2097 3695 1766.
