2502 4186
302 264 421 325 276
921 280 1243 320 macra-rus
1287 282 1355 318 mi
1398 281 1794 322 EuoHAms'ru.

304 430 384 487 sic
408 425 583 486 etiam
609 433 675 480 ut
707 420 970 481 haeredes
996 443 1102 503 per
1134 432 1555 481 testamentum
1582 421 1738 481 bona
1771 444 1804 481 a
1833 424 1953 481 Deo
1980 428 2385 509 consequimur
2405 473 2422 502 7

305 533 363 581 et
401 523 506 600 per
532 505 886 576 Sacrificium
915 518 1020 576 Dei
1059 518 1550 599 omnipotentiam
1586 517 1994 596 significamus,

346 610 347 613 '
378 613 534 672 260..
562 610 706 690 Obj.
743 610 1015 671 secunda.
1044 611 1476 671 Catholicorum
1515 611 1783 671 doctrina
1813 612 1888 672 de
1927 614 2211 674 Sacrificio
2241 618 2425 677 Missae

300 706 674 768 nullomodo
701 727 835 766 cum
870 706 1134 766 doctrina
1173 706 1433 788 Apostoli
1463 707 1757 767 conciliari
1791 719 2008 789 potest.
2050 712 2232 768 Docet
2266 714 2424 772 enim

299 801 608 885 Apostolus
627 846 644 876 7
687 801 751 859 10
774 801 964 861 solum
991 801 1174 860 crucis
1200 801 1552 861 Sacrificium
1583 802 1665 860 ita
1704 802 1994 862 sufficiens
2023 824 2147 862 esse
2181 802 2257 862 ad
2290 825 2427 886 pec-

296 909 561 958 catorum
605 897 870 955 omnium
918 897 1321 956 remissionem
1347 942 1363 971 7
1418 907 1486 955 ut
1547 895 1779 954 nullum
1830 897 1989 956 aliud
2033 899 2097 956 in
2145 898 2427 978 'religione

299 984 611 1054 christiana
639 993 714 1051 sit
737 979 1192 1074 requirendum3
1227 1014 1369 1051 nam
1392 1037 1408 1066 7
1442 990 1591 1052 Heb.
1611 993 1725 1066 IX7
1764 992 1839 1050 12
1861 1037 1877 1067 7
1911 992 1984 1053 de
2012 994 2242 1053 Christo
2280 996 2363 1053 ait
2406 1018 2419 1054 ε

301 1083 425 1150 *Per
458 1081 795 1170 proprium
836 1093 1200 1169 sanquinem
1242 1092 1523 1148 introivit
1562 1089 1738 1147 semel
1779 1091 1852 1146 in
1897 1101 2106 1148 sancta
2126 1135 2143 1167 7
2199 1101 2427 1150 aeterna

298 1188 698 1264 redemptione
752 1190 1000 1244 inventa
1009 1211 1035 1259 ;
1091 1207 1150 1247 v.
1203 1186 1285 1244 28
1327 1209 1341 1244 ε
1391 1187 1665 1246 Christus
1705 1187 1881 1244 semel
1936 1187 2167 1245 oblatus
2210 1199 2295 1246 est
2345 1188 2433 1245 ad

300 1284 632 1341 multorum
665 1282 1084 1340 exhaurienda
1112 1293 1398 1360 peccatam
1430 1293 1561 1340 tum
1587 1301 1715 1362 cap.
1753 1283 1838 1353 X7
1894 1281 1969 1339 10
2012 1306 2027 1340 :
2067 1282 2148 1340 In
2175 1304 2299 1361 qua
2326 1304 2425 1341 vo-

297 1380 521 1435 luntate
559 1375 736 1455 (Dei)
779 1377 1146 1454 sanctificati
1183 1399 1394 1435 sumus
1420 1398 1539 1455 per
1569 1378 1929 1436 oblationem
1975 1381 2243 1457 corporis
2278 1379 2426 1436 Jesu

302 1473 530 1532 Christi
563 1472 772 1538 semel‚·
800 1491 858 1532 v.
914 1469 988 1528 14
1043 1470 1242 1530 subdit
1291 1494 1304 1531 ε
1362 1472 1500 1531 Una
1536 1473 1829 1531 oblatione
1864 1477 2305 1532 consummavit
2351 1477 2421 1532 in

295 1571 729 1647 sempiternum
756 1567 1173 1645 sanctificatos.
1210 1568 1348 1640 Quae
1386 1565 1627 1648 quidem
1666 1566 1814 1625 dixit
1839 1567 2052 1626 Paulus
2072 1613 2088 1642 7
2129 1579 2196 1626 ut
2228 1567 2421 1627 discri-

296 1683 436 1722 men
469 1652 849 1720 constitueret
886 1662 1042 1721 inter
1065 1661 1402 1722 Sacerdotes
1441 1661 1657 1722 veteris
1690 1661 1828 1742 legis
1850 1707 1866 1737 7
1914 1663 2014 1744 qui
2041 1661 2300 1745 quotidie
2325 1683 2421 1723 re-

298 1749 584 1839 petebant
615 1756 887 1815 sacrificia
908 1802 923 1832 7
955 1768 1016 1815 et
1045 1757 1345 1817 Christum
1367 1804 1381 1831 7
1424 1758 1524 1838 qui
1552 1778 1667 1815 una
1695 1768 1929 1816 tantum
1958 1756 2254 1817 oblatione
2275 1779 2420 1839 opus

295 1864 511 1913 nostrae
537 1852 957 1934 redemptionis
985 1855 1238 1935 peregit7
1279 1853 1575 1913 etidcirco
1598 1899 1613 1929 7
1650 1851 1794 1911 ibid.
1826 1853 1900 1912 18
1924 1899 1940 1929 7
1982 1854 2207 1912 addidit
2249 1877 2262 1912 :
2303 1856 2427 1914 Ubi

294 1959 498 2007 autem
533 1949 746 2006 horum
778 1947 1199 2029 (peccatorum
1223 1952 1246 2028 )
1275 1953 1546 2008 remissio
1561 1993 1584 2021 ,
1607 1953 1755 2026 jam
1783 1970 1906 2007 non
1945 1961 2028 2007 est
2066 1951 2282 2008 oblatio
2302 1972 2420 2029 pro

284 2053 561 2123 peccato;
588 2042 747 2124 quod
767 2053 825 2101 et
849 2043 1194 2122 significavit
1224 2044 1486 2102 Christus
1509 2044 1659 2124 ipse7
1679 2045 1714 2102 J
1718 2065 1853 2101 oan.
1876 2044 2031 2123 XIX)
2056 2043 2158 2117 307
2182 2045 2413 2103 dicens:

300 2140 797 2198 Consummatum
826 2148 938 2209 est,
979 2138 1039 2196 id
1081 2150 1206 2213 est7
1252 2138 1578 2221 perfectum
1621 2161 1737 2196 uno
1786 2137 1885 2197 illo
1919 2139 2100 2197 crucis
2137 2139 2420 2200 Sacrificio

295 2232 718 2313 redemptionis
760 2254 927 2314 opus,
965 2236 1145 2292 Docet
1171 2235 1240 2292 20
1261 2231 1583 2316 'Apostolus
1611 2279 1626 2309 7
1677 2244 1891 2315 praeter
1919 2257 2220 2293 summum
2245 2247 2420 2318 atque

294 2339 584 2387 aeternum
622 2328 965 2387 Pontificem
1001 2327 1344 2403 ¹Christum7
1389 2330 1490 2411 qui
1527 2330 1913 2411 semetipsum
1958 2329 2172 2390 obtulit
2220 2343 2280 2390 et
2314 2352 2419 2412 per

292 2426 981 2508 propriumsanguinem
1008 2427 1273 2487 introivit
1305 2426 1486 2485 semel
1525 2428 1589 2485 in
1632 2429 1840 2487 Sancta
1867 2473 1882 2501 7
1924 2427 2157 2487 nullum
2199 2449 2320 2487 esse
2354 2427 2417 2485 in

295 2543 448 2582 nova
498 2521 623 2601 lege
664 2521 1037 2581 Sacerdotem
1086 2522 1560 2602 agnoscendum7
1627 2524 1730 2604 qui
1784 2523 1990 2581 offerat
2033 2523 2096 2580 in
2139 2522 2416 2601 sanguine

295 2617 483 2676 alieno
513 2640 526 2674 :
571 2606 720 2676 Alii
737 2619 982 2696 quidem
999 2660 1021 2688 ,
1051 2618 1273 2699 inquit,
1306 2617 1387 2676 ib.
1420 2619 1523 2677 Vll
1542 2663 1558 2692 7
1582 2618 1662 2677 23
1682 2664 1697 2693 7
1736 2621 1947 2698 plures
1969 2622 2132 2696 facti
2148 2629 2295 2676 sunt
2315 2620 2421 2676 Sa·

294 2715 547 2772 cerdotes
560 2757 583 2785 ,
644 2714 871 2797 idcirco
915 2715 1078 2792 quod
1123 2724 1306 2773 morte
1364 2715 1834 2793 prohiberentur
1869 2735 2252 2792 permanere.
2300 2714 2426 2772 Hic

294 2820 496 2868 autem
523 2852 546 2881 ,
586 2830 647 2868 eo
691 2810 854 2889 quod
887 2821 1137 2868 maneat
1161 2815 1232 2868 iri
1272 2819 1598 2883 oeternum7
1642 2812 2077 2887 sempiternum
2118 2809 2295 2867 hahet
2323 2831 2423 2867 sa·-

297 2906 694 2963 cerdotium...
737 2909 852 2983 qui
889 2926 1008 2963 non
1055 2905 1231 2964 hahet
1263 2908 1662 2983 necessitatem
1694 2905 1986 2982 quotidie,
2033 2905 2423 2982 quemadmo-

300 3001 447 3059 dum
467 3001 870 3059 Sacerdotes...
890 3001 1110 3059 hostias
1135 3001 1405 3079 offerre...
1431 2999 1562 3057 Hoc
1576 3001 1736 3056 enim
1751 3001 1901 3075 fecit
1920 3001 2130 3069 semel,
2160 3003 2423 3078 seipsum

297 3097 603 3174 offerendo.
636 3095 806 3170 Quod
838 3096 886 3154 si
921 3095 1184 3154 Christus
1209 3093 1440 3152 nullum
1474 3093 1688 3152 'habeat
1701 3094 1761 3152 in
1782 3093 2112 3153 Sacerdotio
2142 3115 2422 3153 successo-

294 3212 423 3250 rem
450 3193 512 3248 in
545 3193 713 3250 terris
734 3236 749 3265 7
785 3212 893 3250 nec
929 3190 1046 3250 ulla
1073 3191 1136 3248 in
1171 3190 1339 3249 terris
1378 3189 1591 3247 adsunt
1623 3189 1904 3247 Sacrificia
1925 3234 1940 3263 7
1977 3210 2104 3270 quae
2134 3189 2422 3248 Sacrificio

295 3283 450 3343 illius
494 3285 798 3345 succedere
843 3286 1086 3367 possint.
1117 3366 1119 3368 Ι
1152 3285 1327 3365 Atqui
1387 3283 1820 3343 Catholicorum
1870 3295 2122 3364 systema
2162 3283 2422 3342 admittit

296 3379 547 3439 alterum
574 3392 786 3461 praeter
803 3380 949 3439 illud
976 3379 1156 3439 crucis
1186 3380 1537 3438 Sacrificium
1558 3425 1574 3455 7
1613 3390 1788 3461 atque
1832 3378 1971 3437 alios
2001 3389 2215 3460 praeter
2254 3377 2421 3437 Chri-

297 3486 454 3533 stum
483 3473 744 3534 admittit
764 3474 1097 3534 Sacerdotes
1119 3521 1134 3549 7
1168 3475 1475 3535 offerentes
1492 3520 1508 3548 7
1532 3495 1654 3533 non
1681 3495 1851 3532 suum
1877 3519 1893 3548 7
1923 3473 2024 3532 sed
2041 3472 2252 3532 Christi
2282 3493 2421 3531 san-

298 3571 534 3649 guinem
561 3596 577 3645 ς
618 3571 963 3630 adversatur
994 3569 1167 3648 igitur
1198 3570 1459 3629 doctrina
1493 3568 1773 3628 catholica
1812 3568 2090 3628 doctrinae
2121 3566 2380 3648 Apostoli

292 3701 295 3704 -
379 3666 521 3724 261.
571 3668 745 3748 Resp.
776 3665 924 3745 Ney.
958 3676 1096 3723 ant..
1122 3664 1210 3723 Ad
1244 3667 1321 3722 lm
1343 3664 1511 3747 prob.
1550 3666 1706 3725 Dist.
1736 3667 1914 3723 Docet
1945 3662 2251 3744 Apostolus
2279 3707 2295 3737 7
2325 3684 2418 3721 so·-

294 3757 423 3821 1um
477 3761 660 3821 crucis
706 3759 1060 3820 Sacrificium
1113 3759 1402 3822 sufficiens
1453 3759 1626 3821 fuisse
1680 3769 1748 3820 ut
1802 3779 2033 3820 causam
2086 3757 2418 3838 generalem
