2502 4186
2057 253 2175 316 329

509 284 632 326 CAP.
680 287 768 323 111.
817 286 886 322 DE
927 284 1176 322 MATERIA
1210 306 1226 337 3
1272 281 1500 335 romu.
1543 279 1665 318 ETC·

65 433 188 509 ipse
205 428 506 488 Dominus
522 428 781 486 tradidit
790 469 814 499 ,
834 427 939 485 hoc
956 436 1040 484 est
1049 467 1070 496 ,
1086 428 1276 504 panis
1289 426 1573 500 cicinum
1592 441 1755 498 aqua
1773 423 2039 479 mixtum
2055 417 2170 500 (1).

65 524 282 584 Eadem
312 521 534 581 habent
570 524 628 580 S.
660 523 696 580 J
702 522 925 580 ustinus
959 520 1079 600 (2),
1117 519 1174 576 S.
1200 518 1522 598 Cyprianus
1559 513 1648 593 (3)
1688 513 1901 596 aliique
1935 517 2135 574 Patres
2157 558 2174 588 .,

66 641 131 678 ac
149 629 528 678 monumenta
551 616 746 675 omnia
767 613 1125 697 antiquitatis
1142 610 1549 671 ecclesiasticae.
1572 610 1723 668 Hinc
1748 611 1804 668 S.
1826 610 2180 689 Augustinus

68 714 324 774 scribens
360 711 433 771 de
471 712 735 792 Aquariis
774 734 788 770 τ
830 713 1111 790 Aquam,
1154 706 1385 787 inquit,
1431 706 1690 785 offerunt
1724 711 1795 764 in
1819 707 2035 785 poculo
2075 707 2184 764 Sa-

68 810 394 882 mammii,
433 827 555 864 non
592 808 753 865 illud
780 807 939 886 quod
972 807 1164 863 omnis
1202 802 1474 862 Ecclesia
1514 799 1875 881 (4).1taque
1908 801 1956 858 si
1993 800 2185 859 solum

67 905 275 965 vinum
310 899 382 959 de
408 900 526 960 vite
550 912 638 959 est
663 912 796 982 apta
821 897 1263 962 consecrationis
1299 896 1538 955 materia
1558 941 1574 970 ,
1612 895 1845 976 ineptus
1873 894 1985 953 erit
2006 894 2180 975 quili-

68 997 170 1057 bet
199 996 433 1055 alterius
461 997 683 1075 generis
719 995 950 1077 liquor3
989 991 1136 1053 nulli
1163 992 1324 1052 enim
1359 990 1670 1050 mutationi
1696 988 1898 1049 subest
1932 989 2178 1049 materia

68 1114 100 1151 a
125 1092 355 1151 Christo
384 1092 671 1151 instituta.

152 1186 290 1246 350.
336 1185 697 1264 Objiciebant
739 1183 975 1266 Aquarii
1035 1182 1211 1244 verba
1256 1182 1470 1243 Christi
1502 1227 1518 1258 ,
1559 1183 1732 1241 Joan‘.
1786 1181 1889 1240 VII
1922 1224 1939 1255 ,
1996 1178 2074 1239 37
2127 1191 2190 1240 et

67 1303 232 1363 seqq.
280 1304 296 1341 ε
343 1283 415 1340 Si
437 1285 574 1360 quis
614 1284 784 1352 sitit,
813 1283 1017 1338 veniat
1050 1279 1247 1337 adme
1280 1289 1335 1336 et
1356 1279 1545 1338 hibat.
1583 1277 1708 1356 Qui
1742 1276 1935 1336 credit
1963 1279 2032 1334 in
2054 1297 2149 1335 me
2162 1319 2188 1349 ,

68 1383 231 1437 sicut
251 1379 405 1436 dicit
433 1377 794 1455 Scriptura,
822 1374 1095 1452 flumina
1124 1375 1194 1432 de
1225 1384 1423 1432 ventre
1452 1378 1579 1452 ejus
1601 1373 1795 1451 fluent
1817 1393 1992 1452 aquae
2019 1376 2187 1432 vivoe.

73 1471 296 1545 Quibus
337 1469 729 1553 respondebat
768 1471 825 1528 S.
857 1470 1182 1551 Cyprianus
1201 1514 1217 1544 .,
1258 1468 1349 1527 his
1381 1466 1575 1529 verbis
1619 1490 1742 1526 non
1767 1467 2140 1527 Eucharistiae
2168 1512 2186 1543 ,

83 1568 186 1627 sed
225 1568 500 1650 Baptismi
534 1567 920 1646 significatum
959 1585 1083 1624 esse
1122 1566 1601 1637 Sacramentum,
1639 1583 1741 1621 seu
1775 1563 1968 1644 potius
2012 1557 2193 1622 colla->

71 1659 301 1723 tionem
319 1664 565 1744 Spiritus
591 1663 819 1738 Sancti,
848 1671 1026 1742 prout
1057 1681 1122 1719 ea
1153 1659 1395 1740 exponit
1415 1657 1635 1717 ibidem
1657 1658 1780 1738 ipse
1805 1657 2194 1738 Evangelista.

155 1759 291 1818 351.
327 1756 662 1817 Afferebant
676 1771 953 1837 praeterea
976 1754 1313 1836 exemplum
1337 1753 1728 1835 quorumdam
1753 1755 2186 1836 Episcoporum.

74 1856 284 1914 Verum
313 1853 564 1933 episcopi
593 1851 677 1909 illi
702 1851 886 1910 solam
922 1872 1136 1932 aquam
1174 1840 1501 1909 offerebant
1523 1895 1539 1925 ,
1575 1871 1651 1909 ne
1681 1871 1753 1909 ex
1776 1851 1901 1910 vini
1931 1849 2109 1910 odore
2131 1851 2196 1909 in

71 1948 455 2030 suspicionem
494 1947 769 2007 venirent
798 1946 1089 2026 religionis
1128 1946 1454 2005 christianae
1493 1944 1651 2028 apud
1685 1946 1947 2005 ethnicos
1973 1992 1989 2021 ,
2031 1958 2091 2006 et
2119 1947 2198 2007 ad

69 2055 324 2103 mortem
341 2052 759 2124 quaererentur.
786 2044 973 2115 Quam
1001 2041 1074 2099 ob
1098 2042 1393 2120 ignaviam
1420 2041 1701 2122 vapulant
1726 2063 1758 2100 a
1777 2043 1836 2101 S.
1862 2041 2191 2124 Cyprian03

73 2140 173 2220 qui
192 2150 392 2197 tamen
415 2125 642 2196 nullam
666 2138 744 2197 eis
773 2137 1054 2197 haereseos
1081 2147 1284 2195 notam
1305 2137 1514 2198 inussit
1536 2182 1553 2212 ‚
1577 2137 1724 2219 -quia
1748 2159 1871 2197 non
1898 2158 1968 2197 ex
1997 2158 2195 2198 errore

74 2233 183 2292 hoc
210 2233 529 2308 faciebant,
555 2231 658 2292 sed
688 2254 759 2292 ex
785 2233 994 2291 timore
1025 2232 1132 2312 (5).
1776 2228 1778 2231 ⁸

157 2328 295 2386 352.
339 2330 733 2387 Protestantes
767 2329 828 2385 in
857 2349 974 2387 suae
1011 2328 1316 2386 sententiae
1368 2326 1693 2388 subsidium
1722 2327 2049 2389 afferebant
2091 2327 2200 2389 de-

76 2435 299 2482 cretum
349 2423 671 2482 innocentii
710 2424 873 2498 VIII,
929 2444 1044 2504 quo
1080 2423 1417 2483 facultatem
1465 2425 1811 2484 concessisse
1847 2423 2196 2506 perhibetur

76 2618 137 2665 lix
173 2617 359 2665 haustus
388 2626 535 2675 esset,
587 2634 732 2682 usque
767 2616 827 2664 ad
868 2615 990 2664 diem
1032 2614 1087 2664 15

78 2699 178 2746 bibi
201 2699 403 2763 amplius
426 2701 587 2746 vinum
603 2717 699 2746 non
725 2701 945 2764 potuisse.
969 2698 1090 2746 Hinc

82 2795 239 2828 sensus
280 2780 549 2846 intelligitur
579 2781 766 2828 illorum
803 2781 1051 2829 verborum
1074 2816 1088 2844 ‚

83 2879 182 2928 quae
197 2861 401 2910 Christus
420 2863 624 2926 protulit,
640 2863 778 2911 ibid.:
799 2862 910 2911 Non
929 2862 1092 2910 bibam

82 2944 251 2990 amodo
280 2944 337 2991 de
375 2944 462 2992 hoc
494 2947 738 3009 qenimine
762 2947 879 2994 vitis
900 2983 913 3007 ,
942 2961 1092 3010 usque

85 3028 140 3073 in
164 3019 289 3074 diem
305 3025 455 3083 illam,
485 3043 595 3074 cum
613 3026 735 3075 illud
754 3028 1093 3091 bibamlvobisss

85 3125 195 3156 cam
240 3125 418 3156 novam
467 3111 522 3155 in
566 3126 708 3173 reqno
758 3109 922 3157 Patris
962 3112 1060 3158 mei
1075 3146 1091 3168 ,

87 3209 253 3255 nempe
266 3200 366 3255 post
383 3208 513 3238 suam
533 3194 937 3240 resurrectionem.
953 3191 1097 3253 Sane,

89 3291 195 3322 cum
211 3277 251 3322 ei
267 3273 477 3321 oblatum
502 3283 570 3321 est
594 3273 650 3322 de
668 3289 792 3320 more
824 3276 872 3319 in
886 3276 1099 3337 passione

86 3357 261 3403 vinum
287 3355 589 3419 myrrhaeam
606 3393 619 3415 ‚
658 3355 806 3402 noluit
829 3354 1004 3403 bibere.
1029 3353 1097 3405 Ex

87 3439 160 3485 his
196 3441 334 3485 etiam
365 3448 541 3485 constat
557 3472 572 3496 ,
608 3438 796 3485 calicem
815 3437 946 3484 illum
965 3473 980 3498 ,
1001 3449 1101 3501 post

91 3526 222 3587 cujus
238 3523 459 3569 haustum
486 3521 601 3568 dixit
625 3521 831 3568 Christus
860 3537 873 3568 :
898 3520 1010 3568 Non
1034 3522 1102 3569 bi-

93 3602 199 3650 bam
229 3603 397 3652 amodo
420 3636 433 3661 ‚
472 3604 612 3651 fuisse
637 3603 824 3651 calicem
865 3614 1101 3668 quartum.

95 3683 192 3732 cfr.
228 3685 523 3744 Pesahkim,
556 3703 659 3751 cap.
699 3702 754 3733 10
775 3683 833 3751 ‚§
864 3682 915 3747 8,
931 3687 981 3733 in
998 3686 1106 3735 Tal-

99 3767 225 3816 mud.
247 3769 328 3818 fol.
363 3785 456 3835 ¹19
492 3779 536 3819 et
571 3785 733 3836 seqq.,·
766 3766 1102 3832 Maimonides‚

1176 2616 1332 2664 Tract.
1359 2613 1439 2664 De
1455 2617 1675 2681 azy-mis,
1708 2635 1812 2682 cap.
1834 2615 1884 2678 8,
1914 2616 1939 2683 §
1966 2633 2030 2684 93
2061 2617 2202 2687 Moy-

1176 2716 1244 2746 ses
1274 2698 1545 2760 Kotzensis‚
1601 2699 1903 2766 Praeceptum
1948 2701 2200 2766 affirmati-

1177 2798 1292 2828 vum
1315 2796 1408 2830 ιιι.
1429 2781 1618 2830 Constat
1653 2793 1896 2848 propterea
1917 2821 1931 2844 ‚
1955 2786 2205 2832 certissime

1177 2864 1413 2912 Christum
1460 2865 1766 2913 manducasse
1800 2865 1972 2930 pascha
2018 2864 2166 2930 legale
2188 2901 2203 2926 ‚

1177 2964 1284 2994 cum
1303 2963 1462 2994 omnes
1478 2949 1725 2995 servaverit
1740 2950 1856 2996 ritus
1878 2949 1929 2995 in
1956 2964 2010 2996 eo
2032 2948 2205 2996 servari

1177 3028 1236 3077 ab
1271 3028 1473 3076 Hebraeis
1498 3037 1768 3078 consuetos.

1245 3109 1314 3174 (1)
1352 3110 1486 3175 Apud
1517 3110 1661 3158 Hard.
1688 3091 2002 3160 Acta'Conc.
2021 3120 2140 3161 tom.
2166 3128 2202 3175 ι,

1179 3191 1267 3240 col.
1292 3190 1394 3259 964
1415 3229 1428 3251 ‚
1456 3202 1500 3240 et
1528 3203 1593 3241 est
1622 3209 1774 3241 canon
1808 3211 1933 3242 xxiv.

1249 3276 1313 3339 (Ξ)
1352 3275 1479 3323 Num
1508 3292 1615 3325 txv.

1253 3358 1319 3423 (3)
1358 3357 1524 3423 Epist.
1559 3344 1673 3407 minu
1702 3360 1766 3408 ad
1799 3359 2070 3409 Coecilium.

1255 3444 1326 3507 (4)
1361 3443 1451 3491 Lib
1486 3444 1567 3492 De
1598 3443 1819 3494 haeresib.
1852 3445 2011 3493 haeres.
2034 3459 2156 3491 mxlv.

1254 3525 1328 3590 (ὅ)
1379 3525 1602 3575 Accurate
1663 3530 1840 3591 scripsit
1892 3527 1949 3573 de
1994 3524 2208 3590 Aquariis

1190 3606 1360 3672 Christ.
1389 3608 1547 3673 Lupus
1578 3611 1628 3658 in
1664 3610 1817 3658 schol.
1851 3609 1908 3656 ad
1941 3614 2045 3656 ca'n.
2082 3623 2210 3655 xxxn

1191 3689 1338 3740 Cone.
1355 3690 1565 3740 Trullani
1587 3729 1599 3752 ‚
1621 3697 1717 3739 tom
1757 3706 1833 3754 ¹1¹3
1860 3707 1970 3756 opp.
1987 3689 2101 3740 edit.
2121 3689 2212 3741 Ve-

1192 3782 1290 3821 net.
1326 3769 1472 3836 1724..
