2502 4186
289 187 407 248 390

929 212 1252 250 TRAGTATUS
1297 214 1365 249 DE

1409 214 1795 257 ronmrnN'rIA.

287 373 512 412 morem
542 361 743 409 ortum¹
776 352 1086 411 examore
1118 353 1387 414 ordinato
1423 377 1555 436 erga
1594 361 1982 443 nosmetipsos
2022 387 2144 427 esse
2185 369 2412 428 bonum

290 459 348 506 et
381 445 729 520 honestum,
766 465 901 504 cum
939 449 1093 507 Deus
1129 448 1273 509 velit
1307 473 1412 510 nos
1451 474 1648 513 amare
1683 454 1951 516 ordinate
1977 464 2363 546 nosmetipsos
2389 507 2410 539 ,

289 541 370 600 ait
401 541 562 630 enim
590 566 621 613 ⁴.·,⁴
657 536 892 623 Dilijqes
916 549 1281 623 prom'n'tum
1317 549 1496 606 mum
1525 554 1689 608 sicut
1719 555 2000 631 teipsum.
2046 555 2192 615 Haec
2219 559 2267 616 si
2305 579 2427 639 prae

289 635 468 695 oculis
494 635 851 713 habeantum
878 638 1045 698 facile
1074 641 1187 700 erit
1212 663 1280 701 ea
1304 643 1501 702 omnia
1523 643 1812 724 disfioem,
1844 668 1975 729 quae
1998 670 2070 709 ex
2094 651 2390 733 Scriptura
2407 699 2424 731 ,

291 731 656 792 Patribus-ac
692 734 919 794 ratione
953 740 1167 795 nostrae
1194 736 1343 796 thesi
1370 737 1663 800 adversari
1694 741 1991 803 videntur.

1101 886 1588 958 mrrlcursrATEs

377 1062 473 1121 51.
519 1062 656 1150 0th
702 1063 913 1145 prima.
956 1065 1249 1143 JoanneS‚
1287 1070 1309 1124 1
1346 1068 1527 1151 Epist.
1573 1069 1681 1144 IV,
1722 1068 1841 1129 18:
1894 1069 2147 1144 Timor,
2183 1073 2382 1156 inquit
2409 1120 2425 1150 ,

294 1181 417 1219 non
443 1168 525 1218 est
547 1163 618 1217 in
648 1159 977 1235 eharitat33
1008 1163 1114 1220 sed
1118 1166 1394 1242 perfecta
1412 1165 1683 1225 charitas
1705 1169 1878 1245 foras
1899 1171 2092 1226 mittit
2117 1172 2391 1228 timorem
2406 1213 2434 1246 ,

294 1258 588 1334 quoniam
627 1258 814 1324 timor
839 1277 1085 1336 paenam
1129 1258 1320 1317 hahet.
1366 1260 1492 1345 Qui
1531 1272 1732 1321 autem
1773 1267 1976 1336 timec,
2008 1284 2132 1328 non
2171 1275 2256 1341 est
2282 1286 2430 1344 per-

290 1353 499 1435 fectus
517 1353 584 1408 'in
622 1342 937 1411 charitate.
967 1351 1458 1445 HinchApostolus
1481 1401 1498 1431 7
1527 1357 1694 1416 Rom.
1732 1358 1859 1418 VIII
1880 1403 1896 1435 .‚
1936 1357 2045 1433 15,
2070 1357 2430 1430 Christianos

305 1572 453 1617 utitur
494 1557 708 1639 peccator
735 1570 793 1619 ad
838 1571 1166 1638 imperandum
1205 1572 1322 1623 affe-

303 1651 454 1700 ctibus
482 1652 609 1714 suis5
646 1650 718 1700 vel
747 1652 926 1703 actibus
951 1690 966 1712 ‚
999 1656 1081 1720 qui
1101 1653 1324 1703 dicuntur

303 1722 533 1799 imperati
549 1771 562 1793 ‚
582 1742 636 1782 ut
658 1733 766 1782 odio
781 1734 948 1784 habeat
966 1772 980 1795 ‚
999 1734 1124 1802 quod
1147 1722 1237 1784 'sibi
1257 1723 1344 1785 est'

305 1817 587 1863 contrarium
608 1850 623 1878 ‚
655 1831 738 1864 seu
767 1830 862 1864 suae
885 1826 1065 1865 aeternae
1092 1817 1321 1878 felicitati,

308 1897 571 1964 cujusmodi
605 1907 675 1945 est
711 1907 954 1962 peccatum
985 1914 1001 1961 3
1051 1916 1160 1947 cum
1197 1903 1324 1949 enim
1367 1911 1370 1923 ¹

310 1983 454 2040 sciat,
501 1989 745 2046 peccatum
772 1979 1000 2044 offensam
1030 1981 1121 2032 Dei·
1139 2000 1238 2032 esse
1265 1983 1325 2032 ab

309 2045 645 2131 eoque‘⁹puniri
665 2100 680 2124 ,
716 2079 772 2114 ex
793 2065 959 2114 timore
981 2065 1249 2115 incurrendi
1275 2067 1345 2121 in,

312 2163 471 2211 poenas
492 2183 505 2205 ‚
526 2164 552 2193 a
570 2144 669 2211 Deo
692 2154 870 2211 paratas
886 2149 1144 2211 peccatori,
1168 2165 1326 2197 move·

316 2239 391 2278 tur
408 2225 467 2276 ad
482 2223 813 2276 consideranda
835 2229 1027 2290 motiva,
1040 2228 1211 2295 quibus
1227 2247 1329 2295 pec-

314 2321 472 2359 catum
497 2309 603 2358 odio
632 2309 827 2369 habeat,
864 2309 1139 2372 detestetur,
1163 2311 1328 2377 fugiat,

314 2401 407 2441 etc.
443 2391 980 2457 quaecumque‘demum
1027 2392 1125 2441 haec
1160 2396 1333 2444 motiva

318 2478 441 2536 sint,
481 2492 591 2523 cum
616 2490 741 2523 unus
780 2473 902 2534 alio,
947 2474 1060 2524 alter
1093 2492 1200 2525 vero
1243 2477 1333 2526 alio

319 2559 495 2606 motivo
524 2558 670 2622 magis
695 2555 936 2607 afficiatur.
953 2556 1167 2607 Ceterum
1196 2560 1335 2608 timor

317 2658 399 2706 per
425 2657 473 2689 se
489 2656 587 2688 non
601 2638 740 2688 habet
764 2656 847 2705 pro
865 2639 1046 2706 objecto
1063 2641 1333 2691 immediato

319 2726 411 2772 nisi
455 2740 659 2789 poenam.
704 2721 771 2770 Ex
814 2721 902 2770 hac
939 2722 1335 2775 animadversione

323 2815 468 2873 patet,
500 2799 714 2855 corruere
739 2807 1026 2871 praecipuum
1055 2806 1337 2858 fundamen-

324 2897 427 2936 tum
455 2888 775 2936 haereticorum
792 2917 810 2947 >‚
844 2888 971 2954 quod
1000 2889 1172 2939 scilicet
1187 2893 1339 2940 omnis

324 2974 470 3033 actio,
503 2973 645 3020 etiam
679 2988 781 3038 quae
810 2989 836 3020 a
861 2970 959 3021 Deo
997 2972 1085 3021 sub
1127 2976 1340 3023 intermi-

326 3057 513 3103 natione
559 3056 724 3103 aeterni
777 3054 992 3120 supplicii
1055 3057 1337 3121 imperatur,

327 3147 427 3187 orta
451 3153 505 3186 ex
539 3140 705 3185 timore
722 3153 951 3185 annexam
973 3137 1146 3186 habeat
1167 3154 1341 3204 pecca-

331 3219 569 3284 minoaam
603 3219 727 3267 hanc
763 3219 973 3286 adeoque
1010 3218 1208 3268 liberam
1260 3238 1339 3268 vo-

333 3300 528 3350 luntatis
555 3301 869 3349 conditionem
901 3319 915 3349 ε
948 3300 1115 3350 nollem
1136 3319 1345 3368 proecep·

334 3392 438 3432 tum
469 3398 656 3431 servare
676 3419 689 3442 ‚
721 3383 770 3429 ai
781 3383 980 3449 impune
988 3397 1194 3449 possem.
1213 3383 1347 3448 Quod

334 3478 401 3516 est
426 3465 680 3515 absurdum
701 3500 720 3523 .‚
763 3481 816 3513 ao
852 3467 1019 3513 rationi
1047 3468 1135 3531 ipsi
1164 3476 1345 3515 contra-

335 3549 481 3599 rium.
509 3547 631 3596 Nam
655 3549 737 3614 qui
765 3547 1006 3596 efficaciter
1026 3550 1154 3596 timet
1178 3549 1339 3613 gehen·

334 3651 442 3681 nam
462 3668 476 3691 ‚
503 3632 551 3679 id
579 3641 670 3691 eet,
696 3633 759 3679 ita
781 3632 914 3678 timet
931 3668 944 3690 ‚
979 3639 1031 3679 ut
1051 3641 1146 3679 toto
1173 3641 1340 3681 conatu

334 3717 477 3764 vitare
510 3713 655 3779 veli13
688 3717 728 3762 si
757 3716 892 3770 sciat,
933 3731 1034 3763 eam
1071 3729 1167 3761 non
1203 3714 1340 3763 modo

1766 1480 1788 1510 s

1404 1577 1584 1639 incurri
1645 1587 1835 1627 externa
1885 1577 2134 1627 violatione
2190 1582 2399 1646 praecepti
2421 1615 2436 1639 ,

1404 1658 1487 1705 sed
1522 1660 1674 1725 etiam¹
1714 1659 2028 1708 conditionata
2069 1660 2276 1709 violandi
2319 1677 2440 1726 prae·

1405 1749 1591 1804 ceptum
1631 1738 1874 1790 voluntate
1893 1778 1906 1801 ‚
1937 1742 2141 1806 profecto
2166 1743 2257 1791 hoc
2292 1745 2398 1809 ipso
2422 1780 2436 1804 ‚

1405 1821 1535 1887 quod
1567 1816 1621 1870 ei
1639 1821 1830 1887 salutari
1851 1823 2069 1888 gehennae
2087 1833 2214 1872 metu
2239 1842 2442 1890 praecep-

1386 1907 1505 1950 lum
1536 1905 1735 1951 exterius
1766 1914 1949 1964 servat,
1993 1906 2136 1953 etiam
2178 1915 2330 1954 servat
2362 1909 2440 1954 in-

1406 1982 1582 2044 terius,
1618 1985 1820 2052 ideoque
1850 1997 1944 2035 tam
1977 1986 2272 2035 voluntatem
2296 2005 2440 2054 quam

1409 2083 1606 2115 manum
1625 2084 1651 2115 a
1666 2078 1852 2134 peccato
1879 2067 2085 2117 cohibet.
2119 2067 2216 2117 Nec
2231 2068 2350 2117 illud
2367 2070 2438 2117 vi-

1409 2148 1520 2199 dent
1547 2147 1824 2212 Novatores,
1856 2151 1982 2217 quod
1998 2149 2244 2214 dicuntde
2258 2152 2442 2212 timore,

1411 2233 1461 2278 in
1494 2249 1622 2296 spem
1672 2234 1926 2299 retorqueri
1965 2250 2115 2298 posse.
2163 2232 2272 2281 Pari
2314 2235 2443 2283 enim

1410 2317 1515 2381 jure
1543 2315 1825 2364 contendere
1852 2332 2035 2380 possem
2062 2352 2077 2376 ,
2115 2303 2224 2364 eum
2243 2352 2255 2374 ‚
2280 2317 2360 2381 qui
2385 2331 2446 2364 ex

1415 2413 1495 2461 spe
1522 2401 1682 2446 aeterni
1712 2387 1889 2462 praemii
1934 2397 2162 2457 mandata
2204 2397 2408 2446 custodit
2426 2434 2439 2456 ‚

1409 2479 1536 2528 hanc
1570 2482 1729 2528 animo
1751 2488 1931 2545 semper
1959 2479 2195 2529 scelestam
2227 2479 2442 2527 volunta-

1413 2572 1508 2611 tem
1528 2563 1682 2612 fovere
1704 2579 1720 2611 z
1750 2561 1938 2611 Nollem
1955 2569 2200 2629 proeoepta
2215 2577 2409 2610 servare
2422 2595 2440 2621 ,

1415 2646 1463 2692 ei
1513 2643 1655 2692 nulla
1701 2644 2011 2693 servantibus
2048 2645 2291 2710 promissa
2330 2659 2449 2704 esset

1413 2727 1681 2777 retributio.
1723 2727 1856 2777 Sicut
1902 2745 2008 2794 ergo
2048 2730 2275 2777 motivum
2312 2731 2444 2793 spei,

1417 2828 1471 2860 ex
1512 2828 1605 2877 quo
1633 2811 1712 2859 hic
1745 2821 1788 2859 et
1828 2828 1958 2859 nunc
1990 2825 2186 2877 operor,
2228 2827 2325 2858 non
2366 2827 2445 2858 ex-

1418 2891 1566 2942 cludit
1607 2894 1832 2942 motivum
1867 2893 2023 2953 aliud,
2057 2910 2130 2941 ex.
2170 2910 2239 2960 gr.
2279 2893 2446 2940 amoris

1419 2973 1664 3035 benevoli,
1685 2993 1738 3024 ex
1757 2993 1851 3042 quo
1868 2976 2044 3040 operari
2059 2978 2231 3041 possim
2247 3013 2261 3036 ,
2283 2977 2319 3023 si
2335 2974 2444 3022 nul-

1419 3059 1520 3108 lum
1554 3060 1797 3123 praemium
1829 3067 1953 3107 recte
1986 3058 2231 3123 agentibus
2263 3059 2439 3106 consti-

1421 3152 1523 3189 tum
1558 3150 1672 3189 esset
1715 3156 1730 3188 =
1768 3143 1831 3189 ita
1870 3157 1958 3189 nec
1995 3143 2223 3189 motivum
2258 3141 2436 3187 timoris

1423 3223 1627 3272 excludit
1658 3223 1845 3272 alterius
1881 3224 2062 3270 virtutis
2097 3224 2323 3270 motivum
2346 3257 2358 3279 ,
2390 3236 2445 3268 ex

1425 3323 1521 3373 quo
1543 3307 1723 3371 operari
1752 3323 1935 3370 possem
1955 3342 1968 3363 ‚
1991 3307 2028 3352 si
2056 3305 2185 3353 nulla
2213 3321 2346 3369 poena
2366 3302 2444 3350 de-

1430 3398 1549 3437 creta
1599 3397 1712 3437 esset
1750 3387 1837 3436 Dei
1878 3387 2092 3435 mandata

1432 3470 1532 3518 Imo
1563 3471 1729 3519 timore
1749 3470 1948 3519 inducor
1965 3469 2023 3518 ad
2043 3471 2209 3518 motiva
2237 3467 2315 3515 illa
2340 3472 2446 3513 con'·

1426 3552 1671 3601 sideranda
1692 3590 1705 3610 ,
1739 3570 1840 3618 quae
1869 3569 1945 3600 me
1974 3551 2208 3600 retrahere
2235 3548 2404 3597 debent
2423 3565 2450 3595 a

1422 3646 1609 3700 peccato
1622 3670 1636 3695 ,
1659 3645 1703 3683 et
1721 3635 1777 3683 ad
1795 3643 2015 3700 praecepta
2033 3633 2190 3681 divina
2205 3630 2445 3680 servanda·

2145 3383 2423 3435 violantibus
2432 3418 2444 3430 .
