<?xml version="1.0" encoding="UTF-8"?>
<!DOCTYPE html PUBLIC "-//W3C//DTD XHTML 1.0 Transitional//EN"
    "http://www.w3.org/TR/xhtml1/DTD/xhtml1-transitional.dtd">
<html xmlns="http://www.w3.org/1999/xhtml" xml:lang="en" lang="en">
 <head>
  <title>
</title>
<meta http-equiv="Content-Type" content="text/html;charset=utf-8" />
  <meta name='ocr-system' content='tesseract 3.04.00' />
  <meta name='ocr-capabilities' content='ocr_page ocr_carea ocr_par ocr_line ocrx_word'/>
</head>
<body>
  <div class='ocr_page' id='page_1' title='image "a603693806perruoft_0309.png"; bbox 0 0 2502 4186; ppageno 0'>
   <div class='ocr_carea' id='block_1_1' title="bbox 695 213 2184 281">
    <p class='ocr_par' dir='ltr' id='par_1_1' title="bbox 695 213 2184 281">
     <span class='ocr_line' id='line_1_1' title="bbox 695 213 2184 281; baseline -0.005 0"><span class='ocrx_word' id='word_1_1' title='bbox 695 243 819 281; x_wconf 78' lang='lat' dir='ltr'><em>cAr.</em></span> <span class='ocrx_word' id='word_1_2' title='bbox 868 241 930 280; x_wconf 86' lang='lat'><em>11.</em></span> <span class='ocrx_word' id='word_1_3' title='bbox 975 239 1043 275; x_wconf 63' lang='lat' dir='ltr'><em>mr</em></span> <span class='ocrx_word' id='word_1_4' title='bbox 1085 237 1244 275; x_wconf 59' lang='lat' dir='ltr'><em>mssa</em></span> <span class='ocrx_word' id='word_1_5' title='bbox 1287 234 1550 276; x_wconf 67' lang='lat' dir='ltr'><em>rmum.</em></span> <span class='ocrx_word' id='word_1_6' title='bbox 2069 213 2184 273; x_wconf 84' lang='lat'><em>301</em></span> 
     </span>
    </p>
   </div>
   <div class='ocr_carea' id='block_1_2' title="bbox 80 379 2201 1227">
    <p class='ocr_par' dir='ltr' id='par_1_2' title="bbox 80 379 2201 1227">
     <span class='ocr_line' id='line_1_2' title="bbox 83 379 2191 461; baseline -0.007 -10"><span class='ocrx_word' id='word_1_7' title='bbox 83 392 277 452; x_wconf 87' lang='lat' dir='ltr'><em>cerdos</em></span> <span class='ocrx_word' id='word_1_8' title='bbox 292 388 808 449; x_wconf 74' lang='lat' dir='ltr'><em>sacramentaliter</em></span> <span class='ocrx_word' id='word_1_9' title='bbox 827 385 1262 451; x_wconf 77' lang='lat' dir='ltr'><em>communicat,</em></span> <span class='ocrx_word' id='word_1_10' title='bbox 1289 390 1360 438; x_wconf 82' lang='lat' dir='ltr'><em>ut</em></span> <span class='ocrx_word' id='word_1_11' title='bbox 1372 382 1652 461; x_wconf 79' lang='lat' dir='ltr'><em>privatas</em></span> <span class='ocrx_word' id='word_1_12' title='bbox 1674 388 1728 435; x_wconf 91' lang='lat' dir='ltr'><em>et</em></span> <span class='ocrx_word' id='word_1_13' title='bbox 1749 380 1996 440; x_wconf 83' lang='lat' dir='ltr'><em>illicitas</em></span> <span class='ocrx_word' id='word_1_14' title='bbox 2013 379 2191 437; x_wconf 82' lang='lat' dir='ltr'><em>dam-</em></span> 
     </span>
     <span class='ocr_line' id='line_1_3' title="bbox 88 473 2192 564; baseline -0.006 -19"><span class='ocrx_word' id='word_1_15' title='bbox 88 497 231 557; x_wconf 86' lang='lat' dir='ltr'><em>nat,</em></span> <span class='ocrx_word' id='word_1_16' title='bbox 265 486 367 543; x_wconf 82' lang='lat' dir='ltr'><em>sed</em></span> <span class='ocrx_word' id='word_1_17' title='bbox 394 485 620 564; x_wconf 79' lang='lat' dir='ltr'><em>prohat</em></span> <span class='ocrx_word' id='word_1_18' title='bbox 650 492 824 560; x_wconf 84' lang='lat' dir='ltr'><em>atque</em></span> <span class='ocrx_word' id='word_1_19' title='bbox 875 479 1018 536; x_wconf 88' lang='lat' dir='ltr'><em>adeo</em></span> <span class='ocrx_word' id='word_1_20' title='bbox 1056 474 1460 543; x_wconf 84' lang='lat' dir='ltr'><em>commendat,·</em></span> <span class='ocrx_word' id='word_1_21' title='bbox 1495 473 1791 551; x_wconf 83' lang='lat' dir='ltr'><em>siqnidem</em></span> <span class='ocrx_word' id='word_1_22' title='bbox 1817 475 1936 531; x_wconf 81' lang='lat' dir='ltr'><em>illoe</em></span> <span class='ocrx_word' id='word_1_23' title='bbox 1964 494 2192 552; x_wconf 77' lang='lat' dir='ltr'><em>quoque</em></span> 
     </span>
     <span class='ocr_line' id='line_1_4' title="bbox 83 569 2194 648; baseline -0.006 -8"><span class='ocrx_word' id='word_1_24' title='bbox 83 582 284 640; x_wconf 75' lang='lat' dir='ltr'><em>Mis-soe</em></span> <span class='ocrx_word' id='word_1_25' title='bbox 313 602 439 638; x_wconf 81' lang='lat' dir='ltr'><em>vere</em></span> <span class='ocrx_word' id='word_1_26' title='bbox 471 596 808 637; x_wconf 83' lang='lat' dir='ltr'><em>communes</em></span> <span class='ocrx_word' id='word_1_27' title='bbox 845 575 1074 632; x_wconf 88' lang='lat' dir='ltr'><em>censeri</em></span> <span class='ocrx_word' id='word_1_28' title='bbox 1112 571 1351 644; x_wconf 83' lang='lat' dir='ltr'><em>dehent,</em></span> <span class='ocrx_word' id='word_1_29' title='bbox 1381 572 1620 647; x_wconf 78' lang='lat' dir='ltr'><em>partim</em></span> <span class='ocrx_word' id='word_1_30' title='bbox 1661 569 1823 646; x_wconf 82' lang='lat' dir='ltr'><em>quod</em></span> <span class='ocrx_word' id='word_1_31' title='bbox 1860 574 1928 627; x_wconf 87' lang='lat' dir='ltr'><em>in</em></span> <span class='ocrx_word' id='word_1_32' title='bbox 1964 572 2047 628; x_wconf 88' lang='lat' dir='ltr'><em>eis</em></span> <span class='ocrx_word' id='word_1_33' title='bbox 2084 589 2194 648; x_wconf 83' lang='lat' dir='ltr'><em>po·-</em></span> 
     </span>
     <span class='ocr_line' id='line_1_5' title="bbox 80 659 2195 753; baseline -0.006 -18"><span class='ocrx_word' id='word_1_34' title='bbox 80 659 267 752; x_wconf 71' lang='lat' dir='ltr'><em>pulus</em></span> <span class='ocrx_word' id='word_1_35' title='bbox 296 674 705 753; x_wconf 81' lang='lat' dir='ltr'><em>spiritual-iter</em></span> <span class='ocrx_word' id='word_1_36' title='bbox 733 671 1161 738; x_wconf 67' lang='lat' dir='ltr'><em>communicet,</em></span> <span class='ocrx_word' id='word_1_37' title='bbox 1203 668 1442 743; x_wconf 76' lang='lat' dir='ltr'><em>partim</em></span> <span class='ocrx_word' id='word_1_38' title='bbox 1486 684 1616 721; x_wconf 87' lang='lat' dir='ltr'><em>vero</em></span> <span class='ocrx_word' id='word_1_39' title='bbox 1668 665 1831 741; x_wconf 80' lang='lat' dir='ltr'><em>quod</em></span> <span class='ocrx_word' id='word_1_40' title='bbox 1877 687 1915 722; x_wconf 88' lang='lat' dir='ltr'><em>a</em></span> <span class='ocrx_word' id='word_1_41' title='bbox 1951 666 2195 745; x_wconf 80' lang='lat' dir='ltr'><em>publico</em></span> 
     </span>
     <span class='ocr_line' id='line_1_6' title="bbox 88 759 2192 843; baseline -0.005 -14"><span class='ocrx_word' id='word_1_42' title='bbox 88 771 366 829; x_wconf 72' lang='lat' dir='ltr'><em>Ecclesiae</em></span> <span class='ocrx_word' id='word_1_43' title='bbox 390 772 668 826; x_wconf 84' lang='lat' dir='ltr'><em>ministro</em></span> <span class='ocrx_word' id='word_1_44' title='bbox 694 786 811 823; x_wconf 87' lang='lat' dir='ltr'><em>non</em></span> <span class='ocrx_word' id='word_1_45' title='bbox 827 784 943 843; x_wconf 72' lang='lat' dir='ltr'><em>pro</em></span> <span class='ocrx_word' id='word_1_46' title='bbox 965 783 1022 821; x_wconf 86' lang='lat' dir='ltr'><em>se</em></span> <span class='ocrx_word' id='word_1_47' title='bbox 1047 770 1285 819; x_wconf 79' lang='lat' dir='ltr'><em>tantam</em></span> <span class='ocrx_word' id='word_1_48' title='bbox 1307 803 1322 832; x_wconf 87' lang='lat'>7</span> <span class='ocrx_word' id='word_1_49' title='bbox 1345 759 1448 817; x_wconf 82' lang='lat' dir='ltr'><em>sed</em></span> <span class='ocrx_word' id='word_1_50' title='bbox 1462 779 1579 837; x_wconf 79' lang='lat' dir='ltr'><em>pro</em></span> <span class='ocrx_word' id='word_1_51' title='bbox 1602 760 1883 828; x_wconf 72' lang='lat' dir='ltr'><em>omnibns</em></span> <span class='ocrx_word' id='word_1_52' title='bbox 1906 760 2192 837; x_wconf 74' lang='lat' dir='ltr'><em>fidelibus</em></span> 
     </span>
     <span class='ocr_line' id='line_1_7' title="bbox 87 853 2199 942; baseline -0.004 -20"><span class='ocrx_word' id='word_1_53' title='bbox 87 868 196 942; x_wconf 79' lang='lat' dir='ltr'><em>qui</em></span> <span class='ocrx_word' id='word_1_54' title='bbox 239 865 326 922; x_wconf 83' lang='lat' dir='ltr'><em>ad</em></span> <span class='ocrx_word' id='word_1_55' title='bbox 359 884 573 942; x_wconf 79' lang='lat' dir='ltr'><em>corpus</em></span> <span class='ocrx_word' id='word_1_56' title='bbox 626 861 851 920; x_wconf 76' lang='lat' dir='ltr'><em>Christi</em></span> <span class='ocrx_word' id='word_1_57' title='bbox 877 860 1217 936; x_wconf 75' lang='lat' dir='ltr'><em>pertinent..</em></span> <span class='ocrx_word' id='word_1_58' title='bbox 1266 855 1653 926; x_wconf 81' lang='lat' dir='ltr'><em>celebrentur.</em></span> <span class='ocrx_word' id='word_1_59' title='bbox 1700 853 2074 914; x_wconf 78' lang='lat' dir='ltr'><em>Coliaerenter</em></span> <span class='ocrx_word' id='word_1_60' title='bbox 2122 854 2199 914; x_wconf 91' lang='lat' dir='ltr'><em>ad</em></span> 
     </span>
     <span class='ocr_line' id='line_1_8' title="bbox 87 949 2196 1033; baseline -0.003 -18"><span class='ocrx_word' id='word_1_61' title='bbox 87 957 237 1016; x_wconf 87' lang='lat' dir='ltr'><em>hanc</em></span> <span class='ocrx_word' id='word_1_62' title='bbox 264 957 589 1016; x_wconf 84' lang='lat' dir='ltr'><em>doctrinam</em></span> <span class='ocrx_word' id='word_1_63' title='bbox 611 1001 627 1033; x_wconf 87' lang='lat'>7</span> <span class='ocrx_word' id='word_1_64' title='bbox 652 976 782 1015; x_wconf 84' lang='lat' dir='ltr'><em>can.</em></span> <span class='ocrx_word' id='word_1_65' title='bbox 814 953 942 1012; x_wconf 89' lang='lat' dir='ltr'><strong>VIII</strong></span> <span class='ocrx_word' id='word_1_66' title='bbox 971 997 986 1027; x_wconf 93' lang='lat'>7</span> <span class='ocrx_word' id='word_1_67' title='bbox 1025 949 1291 1009; x_wconf 83' lang='lat' dir='ltr'><em>definivit</em></span> <span class='ocrx_word' id='word_1_68' title='bbox 1316 971 1328 1006; x_wconf 76' lang='grc' dir='ltr'><strong>ε</strong></span> <span class='ocrx_word' id='word_1_69' title='bbox 1364 950 1438 1007; x_wconf 85' lang='lat' dir='ltr'><em>Si</em></span> <span class='ocrx_word' id='word_1_70' title='bbox 1471 954 1607 1028; x_wconf 77' lang='lat' dir='ltr'><em>quis</em></span> <span class='ocrx_word' id='word_1_71' title='bbox 1632 949 1890 1024; x_wconf 72' lang='lat' dir='ltr'><em>dixerit7</em></span> <span class='ocrx_word' id='word_1_72' title='bbox 1933 950 2155 1008; x_wconf 87' lang='lat' dir='ltr'><em>Missas</em></span> <span class='ocrx_word' id='word_1_73' title='bbox 2174 991 2196 1021; x_wconf 83' lang='lat'><em>,</em></span> 
     </span>
     <span class='ocr_line' id='line_1_9' title="bbox 92 1045 2200 1131; baseline -0.004 -22"><span class='ocrx_word' id='word_1_74' title='bbox 92 1057 160 1110; x_wconf 85' lang='lat' dir='ltr'><em>in</em></span> <span class='ocrx_word' id='word_1_75' title='bbox 189 1054 409 1131; x_wconf 75' lang='lat' dir='ltr'><em>quihus</em></span> <span class='ocrx_word' id='word_1_76' title='bbox 444 1059 596 1111; x_wconf 79' lang='lat' dir='ltr'><em>solas</em></span> <span class='ocrx_word' id='word_1_77' title='bbox 621 1050 902 1110; x_wconf 76' lang='lat' dir='ltr'><em>Sacerdos</em></span> <span class='ocrx_word' id='word_1_78' title='bbox 933 1046 1450 1105; x_wconf 77' lang='lat' dir='ltr'><em>sacramentaliter</em></span> <span class='ocrx_word' id='word_1_79' title='bbox 1472 1049 1915 1115; x_wconf 82' lang='lat' dir='ltr'><em>communicat,</em></span> <span class='ocrx_word' id='word_1_80' title='bbox 1953 1045 2200 1102; x_wconf 86' lang='lat' dir='ltr'><em>illicitas</em></span> 
     </span>
     <span class='ocr_line' id='line_1_10' title="bbox 88 1137 2201 1227; baseline -0.003 -22"><span class='ocrx_word' id='word_1_81' title='bbox 88 1169 202 1206; x_wconf 88' lang='lat' dir='ltr'><em>esse</em></span> <span class='ocrx_word' id='word_1_82' title='bbox 220 1191 243 1220; x_wconf 91' lang='lat'><em>,</em></span> <span class='ocrx_word' id='word_1_83' title='bbox 293 1150 533 1227; x_wconf 80' lang='lat' dir='ltr'><em>ideoque</em></span> <span class='ocrx_word' id='word_1_84' title='bbox 571 1143 950 1225; x_wconf 65' lang='lat' dir='ltr'><em>ahroqaozdas</em></span> <span class='ocrx_word' id='word_1_85' title='bbox 965 1186 986 1213; x_wconf 86' lang='lat'><em>,</em></span> <span class='ocrx_word' id='word_1_86' title='bbox 1035 1141 1357 1199; x_wconf 73' lang='lat' dir='ltr'><em>anathema</em></span> <span class='ocrx_word' id='word_1_87' title='bbox 1402 1144 1497 1199; x_wconf 87' lang='lat' dir='ltr'><em>sit.</em></span> <span class='ocrx_word' id='word_1_88' title='bbox 1554 1141 1731 1198; x_wconf 83' lang='lat' dir='ltr'><em>Juxta</em></span> <span class='ocrx_word' id='word_1_89' title='bbox 1785 1139 1936 1198; x_wconf 87' lang='lat' dir='ltr'><em>hanc</em></span> <span class='ocrx_word' id='word_1_90' title='bbox 1982 1137 2201 1205; x_wconf 89' lang='lat' dir='ltr'><em>doctri-</em></span> 
     </span>
    </p>
   </div>
   <div class='ocr_carea' id='block_1_3' title="bbox 91 1244 1385 1414">
    <p class='ocr_par' dir='ltr' id='par_1_3' title="bbox 91 1244 1385 1414">
     <span class='ocr_line' id='line_1_11' title="bbox 91 1244 354 1302; baseline 0.008 -3"><span class='ocrx_word' id='word_1_91' title='bbox 91 1264 231 1302; x_wconf 85' lang='lat' dir='ltr'><em>nam</em></span> <span class='ocrx_word' id='word_1_92' title='bbox 264 1244 354 1301; x_wconf 88' lang='lat' dir='ltr'><em>sit.</em></span> 
     </span>
     <span class='ocr_line' id='line_1_12' title="bbox 891 1359 1385 1414; baseline -0.006 0"><span class='ocrx_word' id='word_1_93' title='bbox 891 1359 1302 1414; x_wconf 88' lang='lat' dir='ltr'><strong>PROPOSITIO</strong></span> <span class='ocrx_word' id='word_1_94' title='bbox 1342 1361 1385 1412; x_wconf 89' lang='lat' dir='ltr'><em>I.</em></span> 
     </span>
    </p>
   </div>
   <div class='ocr_carea' id='block_1_4' title="bbox 94 1489 2201 1665">
    <p class='ocr_par' dir='ltr' id='par_1_4' title="bbox 94 1489 2201 1665">
     <span class='ocr_line' id='line_1_13' title="bbox 94 1489 2201 1572; baseline -0.003 -19"><span class='ocrx_word' id='word_1_95' title='bbox 94 1499 289 1553; x_wconf 84' lang='lat' dir='ltr'><em>Missoe</em></span> <span class='ocrx_word' id='word_1_96' title='bbox 308 1541 323 1569; x_wconf 91' lang='lat'>7</span> <span class='ocrx_word' id='word_1_97' title='bbox 355 1498 425 1552; x_wconf 87' lang='lat' dir='ltr'><em>in</em></span> <span class='ocrx_word' id='word_1_98' title='bbox 457 1493 677 1572; x_wconf 80' lang='lat' dir='ltr'><em>quihus</em></span> <span class='ocrx_word' id='word_1_99' title='bbox 702 1494 856 1551; x_wconf 80' lang='lat' dir='ltr'><em>solus</em></span> <span class='ocrx_word' id='word_1_100' title='bbox 886 1491 1168 1550; x_wconf 86' lang='lat' dir='ltr'><em>Sacerdos</em></span> <span class='ocrx_word' id='word_1_101' title='bbox 1208 1489 1742 1547; x_wconf 34' lang='lat' dir='ltr'><em>sacramentaliter*</em></span> <span class='ocrx_word' id='word_1_102' title='bbox 1763 1492 2168 1548; x_wconf 77' lang='lat' dir='ltr'><em>com-manicat</em></span> <span class='ocrx_word' id='word_1_103' title='bbox 2185 1534 2201 1565; x_wconf 92' lang='lat'>7</span> 
     </span>
     <span class='ocr_line' id='line_1_14' title="bbox 172 1576 1898 1665; baseline -0.005 -18"><span class='ocrx_word' id='word_1_104' title='bbox 172 1592 399 1650; x_wconf 71' lang='lat' dir='ltr'><em>illicitae</em></span> <span class='ocrx_word' id='word_1_105' title='bbox 443 1611 560 1648; x_wconf 86' lang='lat' dir='ltr'><em>non</em></span> <span class='ocrx_word' id='word_1_106' title='bbox 601 1598 777 1661; x_wconf 80' lang='lat' dir='ltr'><em>sunt7</em></span> <span class='ocrx_word' id='word_1_107' title='bbox 822 1576 1006 1665; x_wconf 83' lang='lat' dir='ltr'><em>neque</em></span> <span class='ocrx_word' id='word_1_108' title='bbox 1036 1595 1353 1664; x_wconf 78' lang='lat' dir='ltr'><em>propterea</em></span> <span class='ocrx_word' id='word_1_109' title='bbox 1396 1584 1781 1663; x_wconf 71' lang='lat' dir='ltr'><em>abroyandoe.</em></span> <span class='ocrx_word' id='word_1_110' title='bbox 1889 1584 1898 1592; x_wconf 85' lang='grc'><strong>’</strong></span> 
     </span>
    </p>
   </div>
   <div class='ocr_carea' id='block_1_5' title="bbox 95 1736 2300 3638">
    <p class='ocr_par' dir='ltr' id='par_1_5' title="bbox 95 1736 2300 2398">
     <span class='ocr_line' id='line_1_15' title="bbox 177 1736 2198 1830; baseline -0.003 -19"><span class='ocrx_word' id='word_1_111' title='bbox 177 1752 316 1812; x_wconf 81' lang='grc'><strong>303.</strong></span> <span class='ocrx_word' id='word_1_112' title='bbox 364 1755 449 1810; x_wconf 90' lang='lat' dir='ltr'><em>De</em></span> <span class='ocrx_word' id='word_1_113' title='bbox 473 1736 586 1809; x_wconf 84' lang='lat' dir='ltr'><em>fid&#39;e</em></span> <span class='ocrx_word' id='word_1_114' title='bbox 614 1760 701 1813; x_wconf 90' lang='lat' dir='ltr'><em>est</em></span> <span class='ocrx_word' id='word_1_115' title='bbox 728 1748 853 1808; x_wconf 84' lang='lat' dir='ltr'><em>haec</em></span> <span class='ocrx_word' id='word_1_116' title='bbox 873 1747 1192 1830; x_wconf 76' lang='lat' dir='ltr'><em>propositio</em></span> <span class='ocrx_word' id='word_1_117' title='bbox 1212 1791 1228 1820; x_wconf 93' lang='lat'>7</span> <span class='ocrx_word' id='word_1_118' title='bbox 1257 1756 1323 1804; x_wconf 89' lang='lat' dir='ltr'><em>ut</em></span> <span class='ocrx_word' id='word_1_119' title='bbox 1345 1757 1572 1806; x_wconf 88' lang='lat' dir='ltr'><em>constat</em></span> <span class='ocrx_word' id='word_1_120' title='bbox 1593 1767 1667 1805; x_wconf 81' lang='lat' dir='ltr'><em>ex</em></span> <span class='ocrx_word' id='word_1_121' title='bbox 1691 1746 1932 1805; x_wconf 88' lang='lat' dir='ltr'><em>recitato</em></span> <span class='ocrx_word' id='word_1_122' title='bbox 1952 1767 2198 1807; x_wconf 86' lang='lat' dir='ltr'><em>canone.</em></span> 
     </span>
     <span class='ocr_line' id='line_1_16' title="bbox 96 1841 2300 1929; baseline -0.003 -22"><span class='ocrx_word' id='word_1_123' title='bbox 96 1849 186 1907; x_wconf 88' lang='lat' dir='ltr'><em>Sic</em></span> <span class='ocrx_word' id='word_1_124' title='bbox 212 1869 385 1929; x_wconf 90' lang='lat' dir='ltr'><em>porro</em></span> <span class='ocrx_word' id='word_1_125' title='bbox 414 1850 533 1924; x_wconf 86' lang='lat' dir='ltr'><em>ejus</em></span> <span class='ocrx_word' id='word_1_126' title='bbox 549 1843 857 1905; x_wconf 85' lang='lat' dir='ltr'><em>veritatem</em></span> <span class='ocrx_word' id='word_1_127' title='bbox 875 1842 1253 1902; x_wconf 78' lang='lat' dir='ltr'><em>ostendimus,</em></span> <span class='ocrx_word' id='word_1_128' title='bbox 1285 1841 1502 1901; x_wconf 85' lang='lat' dir='ltr'><em>Illicitae</em></span> <span class='ocrx_word' id='word_1_129' title='bbox 1521 1841 1634 1900; x_wconf 86' lang='lat' dir='ltr'><em>illae</em></span> <span class='ocrx_word' id='word_1_130' title='bbox 1659 1842 1844 1901; x_wconf 85' lang='lat' dir='ltr'><em>Missae</em></span> <span class='ocrx_word' id='word_1_131' title='bbox 1871 1864 1992 1900; x_wconf 86' lang='lat' dir='ltr'><em>non</em></span> <span class='ocrx_word' id='word_1_132' title='bbox 2027 1853 2166 1901; x_wconf 90' lang='lat' dir='ltr'><em>sunt</em></span> <span class='ocrx_word' id='word_1_133' title='bbox 2187 1888 2204 1920; x_wconf 85' lang='lat'>7</span> <span class='ocrx_word' id='word_1_134' title='bbox 2298 1862 2300 1871; x_wconf 70' lang='grc'>’</span> 
     </span>
     <span class='ocr_line' id='line_1_17' title="bbox 95 1935 2208 2023; baseline -0.002 -23"><span class='ocrx_word' id='word_1_135' title='bbox 95 1941 342 2023; x_wconf 88' lang='lat' dir='ltr'><em>ideoque</em></span> <span class='ocrx_word' id='word_1_136' title='bbox 368 1961 476 2000; x_wconf 89' lang='lat' dir='ltr'><em>nec</em></span> <span class='ocrx_word' id='word_1_137' title='bbox 502 1938 849 2019; x_wconf 62' lang='lat' dir='ltr'><em>abrogandae</em></span> <span class='ocrx_word' id='word_1_138' title='bbox 873 1984 888 2012; x_wconf 94' lang='lat'>7</span> <span class='ocrx_word' id='word_1_139' title='bbox 926 1939 990 1996; x_wconf 92' lang='lat' dir='ltr'><em>in</em></span> <span class='ocrx_word' id='word_1_140' title='bbox 1021 1937 1233 2019; x_wconf 87' lang='lat' dir='ltr'><em>quibus</em></span> <span class='ocrx_word' id='word_1_141' title='bbox 1267 1938 1398 1995; x_wconf 90' lang='lat' dir='ltr'><em>finis</em></span> <span class='ocrx_word' id='word_1_142' title='bbox 1435 1936 1532 1996; x_wconf 87' lang='lat' dir='ltr'><em>ille</em></span> <span class='ocrx_word' id='word_1_143' title='bbox 1560 1936 1859 1995; x_wconf 85' lang='lat' dir='ltr'><em>obtinetur</em></span> <span class='ocrx_word' id='word_1_144' title='bbox 1879 1983 1895 2013; x_wconf 91' lang='lat'>7</span> <span class='ocrx_word' id='word_1_145' title='bbox 1929 1935 2002 1995; x_wconf 91' lang='lat' dir='ltr'><em>ad</em></span> <span class='ocrx_word' id='word_1_146' title='bbox 2032 1959 2208 2019; x_wconf 90' lang='lat' dir='ltr'><em>quem</em></span> 
     </span>
     <span class='ocr_line' id='line_1_18' title="bbox 99 2032 2208 2120; baseline -0.001 -25"><span class='ocrx_word' id='word_1_147' title='bbox 99 2038 394 2120; x_wconf 26' lang='lat' dir='ltr'><em>praecipue-</em></span> <span class='ocrx_word' id='word_1_148' title='bbox 419 2036 701 2095; x_wconf 74' lang='lat' dir='ltr'><em>institutae</em></span> <span class='ocrx_word' id='word_1_149' title='bbox 733 2045 870 2092; x_wconf 89' lang='lat' dir='ltr'><em>sunt</em></span> <span class='ocrx_word' id='word_1_150' title='bbox 891 2079 907 2108; x_wconf 98' lang='lat'>7</span> <span class='ocrx_word' id='word_1_151' title='bbox 939 2054 1184 2114; x_wconf 80' lang='lat' dir='ltr'><em>quaeque</em></span> <span class='ocrx_word' id='word_1_152' title='bbox 1219 2055 1339 2090; x_wconf 89' lang='lat' dir='ltr'><em>non</em></span> <span class='ocrx_word' id='word_1_153' title='bbox 1367 2032 1719 2091; x_wconf 90' lang='lat' dir='ltr'><em>dissentiunt</em></span> <span class='ocrx_word' id='word_1_154' title='bbox 1750 2032 1823 2091; x_wconf 90' lang='lat' dir='ltr'><em>ab</em></span> <span class='ocrx_word' id='word_1_155' title='bbox 1860 2055 1966 2091; x_wconf 93' lang='lat' dir='ltr'><em>usu</em></span> <span class='ocrx_word' id='word_1_156' title='bbox 1995 2033 2057 2091; x_wconf 93' lang='lat' dir='ltr'><em>in</em></span> <span class='ocrx_word' id='word_1_157' title='bbox 2080 2044 2208 2094; x_wconf 83' lang='lat' dir='ltr'><em>tota</em></span> 
     </span>
     <span class='ocr_line' id='line_1_19' title="bbox 103 2124 2207 2212; baseline -0.001 -22"><span class='ocrx_word' id='word_1_158' title='bbox 103 2132 450 2212; x_wconf 81' lang='lat' dir='ltr'><em>antiquitate</em></span> <span class='ocrx_word' id='word_1_159' title='bbox 476 2124 710 2210; x_wconf 76' lang='lat' dir='ltr'><em>recepto</em></span> <span class='ocrx_word' id='word_1_160' title='bbox 732 2173 746 2200; x_wconf 91' lang='lat'>7</span> <span class='ocrx_word' id='word_1_161' title='bbox 776 2149 884 2187; x_wconf 88' lang='lat' dir='ltr'><em>nec</em></span> <span class='ocrx_word' id='word_1_162' title='bbox 912 2127 1015 2186; x_wconf 90' lang='lat' dir='ltr'><em>ulli</em></span> <span class='ocrx_word' id='word_1_163' title='bbox 1045 2127 1257 2187; x_wconf 86' lang='lat' dir='ltr'><em>Christi</em></span> <span class='ocrx_word' id='word_1_164' title='bbox 1285 2139 1576 2208; x_wconf 88' lang='lat' dir='ltr'><em>praecepto</em></span> <span class='ocrx_word' id='word_1_165' title='bbox 1607 2126 2009 2188; x_wconf 84' lang='lat' dir='ltr'><em>adversantur.</em></span> <span class='ocrx_word' id='word_1_166' title='bbox 2042 2128 2207 2189; x_wconf 89' lang='lat' dir='ltr'><em>Tales</em></span> 
     </span>
     <span class='ocr_line' id='line_1_20' title="bbox 105 2221 2208 2304; baseline -0 -19"><span class='ocrx_word' id='word_1_167' title='bbox 105 2237 301 2285; x_wconf 89' lang='lat' dir='ltr'><em>autem</em></span> <span class='ocrx_word' id='word_1_168' title='bbox 325 2236 462 2283; x_wconf 87' lang='lat' dir='ltr'><em>sunt</em></span> <span class='ocrx_word' id='word_1_169' title='bbox 484 2224 670 2283; x_wconf 85' lang='lat' dir='ltr'><em>Missae</em></span> <span class='ocrx_word' id='word_1_170' title='bbox 693 2268 708 2298; x_wconf 94' lang='lat'>7</span> <span class='ocrx_word' id='word_1_171' title='bbox 729 2223 789 2281; x_wconf 90' lang='lat' dir='ltr'><em>in</em></span> <span class='ocrx_word' id='word_1_172' title='bbox 821 2221 1030 2304; x_wconf 87' lang='lat' dir='ltr'><em>quibus</em></span> <span class='ocrx_word' id='word_1_173' title='bbox 1053 2222 1207 2289; x_wconf 87' lang='lat' dir='ltr'><em>solus</em></span> <span class='ocrx_word' id='word_1_174' title='bbox 1236 2222 1509 2282; x_wconf 85' lang='lat' dir='ltr'><em>Sacerdos</em></span> <span class='ocrx_word' id='word_1_175' title='bbox 1533 2223 2028 2284; x_wconf 85' lang='lat' dir='ltr'><em>sacramentaliter</em></span> <span class='ocrx_word' id='word_1_176' title='bbox 2057 2246 2208 2284; x_wconf 86' lang='lat' dir='ltr'><em>com-</em></span> 
     </span>
     <span class='ocr_line' id='line_1_21' title="bbox 103 2310 1504 2398; baseline 0.001 -20"><span class='ocrx_word' id='word_1_177' title='bbox 103 2320 383 2378; x_wconf 89' lang='lat' dir='ltr'><em>municat.</em></span> <span class='ocrx_word' id='word_1_178' title='bbox 415 2321 580 2398; x_wconf 76' lang='lat' dir='ltr'><em>Ergo,</em></span> <span class='ocrx_word' id='word_1_179' title='bbox 682 2345 686 2350; x_wconf 93' lang='grc'><em>·</em></span> <span class='ocrx_word' id='word_1_180' title='bbox 1083 2310 1093 2326; x_wconf 70' lang='grc'><strong>”</strong></span> <span class='ocrx_word' id='word_1_181' title='bbox 1501 2388 1504 2390; x_wconf 11' lang='lat' dir='ltr'>v</span> 
     </span>
    </p>

    <p class='ocr_par' dir='ltr' id='par_1_6' title="bbox 104 2399 2237 2974">
     <span class='ocr_line' id='line_1_22' title="bbox 188 2399 2237 2496; baseline 0.001 -23"><span class='ocrx_word' id='word_1_182' title='bbox 188 2399 324 2473; x_wconf 79' lang='lat'><strong>304.</strong></span> <span class='ocrx_word' id='word_1_183' title='bbox 373 2415 451 2474; x_wconf 88' lang='lat' dir='ltr'><em>Ac</em></span> <span class='ocrx_word' id='word_1_184' title='bbox 475 2416 541 2472; x_wconf 89' lang='lat'><em>10</em></span> <span class='ocrx_word' id='word_1_185' title='bbox 572 2413 807 2495; x_wconf 89' lang='lat' dir='ltr'><em>quidem</em></span> <span class='ocrx_word' id='word_1_186' title='bbox 831 2460 846 2489; x_wconf 93' lang='lat'>7</span> <span class='ocrx_word' id='word_1_187' title='bbox 884 2414 1190 2495; x_wconf 88' lang='lat' dir='ltr'><em>primarius</em></span> <span class='ocrx_word' id='word_1_188' title='bbox 1227 2424 1285 2473; x_wconf 91' lang='lat' dir='ltr'><em>et</em></span> <span class='ocrx_word' id='word_1_189' title='bbox 1310 2413 1633 2496; x_wconf 82' lang='lat' dir='ltr'><em>praecipuus</em></span> <span class='ocrx_word' id='word_1_190' title='bbox 1663 2414 1794 2472; x_wconf 88' lang='lat' dir='ltr'><em>finis</em></span> <span class='ocrx_word' id='word_1_191' title='bbox 1829 2414 2097 2473; x_wconf 86' lang='lat' dir='ltr'><em>Sacrificii</em></span> <span class='ocrx_word' id='word_1_192' title='bbox 2125 2401 2237 2475; x_wconf 23' lang='lat' dir='ltr'><em>est*</em></span> 
     </span>
     <span class='ocr_line' id='line_1_23' title="bbox 104 2507 2207 2592; baseline 0.001 -23"><span class='ocrx_word' id='word_1_193' title='bbox 104 2513 222 2570; x_wconf 93' lang='lat' dir='ltr'><em>Deo</em></span> <span class='ocrx_word' id='word_1_194' title='bbox 246 2532 586 2590; x_wconf 85' lang='lat' dir='ltr'><em>supremum</em></span> <span class='ocrx_word' id='word_1_195' title='bbox 611 2509 794 2569; x_wconf 81' lang='lat' dir='ltr'><em>latriae</em></span> <span class='ocrx_word' id='word_1_196' title='bbox 822 2509 1044 2568; x_wconf 89' lang='lat' dir='ltr'><em>cultum</em></span> <span class='ocrx_word' id='word_1_197' title='bbox 1081 2508 1355 2569; x_wconf 80' lang='lat' dir='ltr'><em>exhibere</em></span> <span class='ocrx_word' id='word_1_198' title='bbox 1392 2530 1645 2591; x_wconf 89' lang='lat' dir='ltr'><em>eumque</em></span> <span class='ocrx_word' id='word_1_199' title='bbox 1668 2507 1837 2579; x_wconf 80' lang='lat' dir='ltr'><em>nohis</em></span> <span class='ocrx_word' id='word_1_200' title='bbox 1866 2511 2207 2592; x_wconf 68' lang='lat' dir='ltr'><em>propitiare,</em></span> 
     </span>
     <span class='ocr_line' id='line_1_24' title="bbox 107 2604 2211 2688; baseline 0.001 -24"><span class='ocrx_word' id='word_1_201' title='bbox 107 2605 318 2664; x_wconf 85' lang='lat' dir='ltr'><em>Christi</em></span> <span class='ocrx_word' id='word_1_202' title='bbox 345 2604 610 2664; x_wconf 89' lang='lat' dir='ltr'><em>fidelibus</em></span> <span class='ocrx_word' id='word_1_203' title='bbox 637 2617 765 2663; x_wconf 88' lang='lat' dir='ltr'><em>tum</em></span> <span class='ocrx_word' id='word_1_204' title='bbox 795 2605 941 2666; x_wconf 87' lang='lat' dir='ltr'><em>vivis</em></span> <span class='ocrx_word' id='word_1_205' title='bbox 975 2617 1102 2663; x_wconf 87' lang='lat' dir='ltr'><em>tum</em></span> <span class='ocrx_word' id='word_1_206' title='bbox 1133 2604 1419 2663; x_wconf 87' lang='lat' dir='ltr'><em>defunctis</em></span> <span class='ocrx_word' id='word_1_207' title='bbox 1454 2606 1686 2666; x_wconf 89' lang='lat' dir='ltr'><em>veniam</em></span> <span class='ocrx_word' id='word_1_208' title='bbox 1706 2651 1721 2680; x_wconf 92' lang='lat'>7</span> <span class='ocrx_word' id='word_1_209' title='bbox 1765 2606 2028 2687; x_wconf 89' lang='lat' dir='ltr'><em>requiem</em></span> <span class='ocrx_word' id='word_1_210' title='bbox 2051 2652 2066 2681; x_wconf 91' lang='lat'>7</span> <span class='ocrx_word' id='word_1_211' title='bbox 2103 2629 2211 2688; x_wconf 90' lang='lat' dir='ltr'><em>pa·-</em></span> 
     </span>
     <span class='ocr_line' id='line_1_25' title="bbox 108 2699 2208 2783; baseline 0.001 -26"><span class='ocrx_word' id='word_1_212' title='bbox 108 2720 233 2759; x_wconf 86' lang='lat' dir='ltr'><em>cem</em></span> <span class='ocrx_word' id='word_1_213' title='bbox 260 2703 570 2783; x_wconf 89' lang='lat' dir='ltr'><em>omniaque</em></span> <span class='ocrx_word' id='word_1_214' title='bbox 594 2700 882 2759; x_wconf 88' lang='lat' dir='ltr'><em>bonorum</em></span> <span class='ocrx_word' id='word_1_215' title='bbox 909 2722 1117 2780; x_wconf 85' lang='lat' dir='ltr'><em>genera</em></span> <span class='ocrx_word' id='word_1_216' title='bbox 1146 2701 1463 2781; x_wconf 85' lang='lat' dir='ltr'><em>impetrare</em></span> <span class='ocrx_word' id='word_1_217' title='bbox 1482 2746 1497 2774; x_wconf 88' lang='lat'>7</span> <span class='ocrx_word' id='word_1_218' title='bbox 1534 2722 1641 2781; x_wconf 81' lang='lat' dir='ltr'><em>pro</em></span> <span class='ocrx_word' id='word_1_219' title='bbox 1674 2699 1894 2759; x_wconf 85' lang='lat' dir='ltr'><em>collatis</em></span> <span class='ocrx_word' id='word_1_220' title='bbox 1914 2700 2208 2761; x_wconf 84' lang='lat' dir='ltr'><em>beneficiis</em></span> 
     </span>
     <span class='ocr_line' id='line_1_26' title="bbox 110 2790 2211 2879; baseline 0.003 -28"><span class='ocrx_word' id='word_1_221' title='bbox 110 2794 315 2873; x_wconf 87' lang='lat' dir='ltr'><em>gratias</em></span> <span class='ocrx_word' id='word_1_222' title='bbox 340 2817 524 2875; x_wconf 82' lang='lat' dir='ltr'><em>agere.</em></span> <span class='ocrx_word' id='word_1_223' title='bbox 562 2798 597 2855; x_wconf 91' lang='lat' dir='ltr'><strong>J</strong></span> <span class='ocrx_word' id='word_1_224' title='bbox 602 2818 694 2855; x_wconf 88' lang='lat' dir='ltr'><em>am</em></span> <span class='ocrx_word' id='word_1_225' title='bbox 721 2817 858 2856; x_wconf 88' lang='lat' dir='ltr'><em>vero</em></span> <span class='ocrx_word' id='word_1_226' title='bbox 883 2796 1003 2855; x_wconf 83' lang='lat' dir='ltr'><em>haec</em></span> <span class='ocrx_word' id='word_1_227' title='bbox 1034 2797 1227 2854; x_wconf 88' lang='lat' dir='ltr'><em>omnia</em></span> <span class='ocrx_word' id='word_1_228' title='bbox 1255 2795 1723 2877; x_wconf 87' lang='lat' dir='ltr'><em>independenter</em></span> <span class='ocrx_word' id='word_1_229' title='bbox 1748 2818 1779 2855; x_wconf 89' lang='lat' dir='ltr'><em>a</em></span> <span class='ocrx_word' id='word_1_230' title='bbox 1807 2796 2009 2879; x_wconf 91' lang='lat' dir='ltr'><em>populi</em></span> <span class='ocrx_word' id='word_1_231' title='bbox 2044 2790 2211 2858; x_wconf 89' lang='lat' dir='ltr'><em>com-</em></span> 
     </span>
     <span class='ocr_line' id='line_1_27' title="bbox 109 2889 2110 2974; baseline 0.003 -29"><span class='ocrx_word' id='word_1_232' title='bbox 109 2889 385 2948; x_wconf 88' lang='lat' dir='ltr'><em>munione</em></span> <span class='ocrx_word' id='word_1_233' title='bbox 414 2912 485 2949; x_wconf 82' lang='lat' dir='ltr'><em>ex</em></span> <span class='ocrx_word' id='word_1_234' title='bbox 521 2891 640 2950; x_wconf 90' lang='lat' dir='ltr'><em>sola</em></span> <span class='ocrx_word' id='word_1_235' title='bbox 672 2891 940 2950; x_wconf 88' lang='lat' dir='ltr'><em>Sacrificii</em></span> <span class='ocrx_word' id='word_1_236' title='bbox 972 2892 1195 2950; x_wconf 90' lang='lat' dir='ltr'><em>actione</em></span> <span class='ocrx_word' id='word_1_237' title='bbox 1232 2891 1524 2950; x_wconf 89' lang='lat' dir='ltr'><em>habentur</em></span> <span class='ocrx_word' id='word_1_238' title='bbox 1544 2936 1559 2965; x_wconf 96' lang='lat'>7</span> <span class='ocrx_word' id='word_1_239' title='bbox 1598 2903 1662 2949; x_wconf 91' lang='lat' dir='ltr'><em>ut</em></span> <span class='ocrx_word' id='word_1_240' title='bbox 1701 2914 1807 2973; x_wconf 91' lang='lat' dir='ltr'><em>per</em></span> <span class='ocrx_word' id='word_1_241' title='bbox 1834 2914 1893 2956; x_wconf 88' lang='lat' dir='ltr'><em>se</em></span> <span class='ocrx_word' id='word_1_242' title='bbox 1928 2904 2110 2974; x_wconf 86' lang='lat' dir='ltr'><em>patet.</em></span> 
     </span>
    </p>

    <p class='ocr_par' dir='ltr' id='par_1_7' title="bbox 108 2983 2230 3638">
     <span class='ocr_line' id='line_1_28' title="bbox 190 2983 2212 3065; baseline 0.002 -24"><span class='ocrx_word' id='word_1_243' title='bbox 190 2983 326 3042; x_wconf 82' lang='lat'><strong>305.</strong></span> <span class='ocrx_word' id='word_1_244' title='bbox 374 2985 441 3041; x_wconf 81' lang='lat'><em>20</em></span> <span class='ocrx_word' id='word_1_245' title='bbox 495 2987 639 3045; x_wconf 89' lang='lat' dir='ltr'><em>Cum</em></span> <span class='ocrx_word' id='word_1_246' title='bbox 696 2998 962 3046; x_wconf 86' lang='lat' dir='ltr'><em>veterum</em></span> <span class='ocrx_word' id='word_1_247' title='bbox 1018 2987 1298 3045; x_wconf 87' lang='lat' dir='ltr'><em>institutis</em></span> <span class='ocrx_word' id='word_1_248' title='bbox 1354 2997 1413 3045; x_wconf 89' lang='lat' dir='ltr'><em>et</em></span> <span class='ocrx_word' id='word_1_249' title='bbox 1467 2986 1885 3046; x_wconf 87' lang='lat' dir='ltr'><em>consuetudine</em></span> <span class='ocrx_word' id='word_1_250' title='bbox 1930 2987 2212 3065; x_wconf 88' lang='lat' dir='ltr'><em>ejusmodi</em></span> 
     </span>
     <span class='ocr_line' id='line_1_29' title="bbox 109 3077 2207 3160; baseline 0.002 -23"><span class='ocrx_word' id='word_1_251' title='bbox 109 3078 294 3138; x_wconf 86' lang='lat' dir='ltr'><em>Missae</em></span> <span class='ocrx_word' id='word_1_252' title='bbox 321 3077 502 3160; x_wconf 87' lang='lat' dir='ltr'><em>probe</em></span> <span class='ocrx_word' id='word_1_253' title='bbox 533 3080 823 3140; x_wconf 87' lang='lat' dir='ltr'><em>cohaerent</em></span> <span class='ocrx_word' id='word_1_254' title='bbox 845 3126 861 3155; x_wconf 89' lang='lat'>7</span> <span class='ocrx_word' id='word_1_255' title='bbox 903 3091 968 3139; x_wconf 91' lang='lat' dir='ltr'><em>ut</em></span> <span class='ocrx_word' id='word_1_256' title='bbox 1002 3103 1072 3141; x_wconf 83' lang='lat' dir='ltr'><em>ex</em></span> <span class='ocrx_word' id='word_1_257' title='bbox 1105 3082 1503 3142; x_wconf 86' lang='lat' dir='ltr'><em>monumentis</em></span> <span class='ocrx_word' id='word_1_258' title='bbox 1535 3081 1926 3141; x_wconf 87' lang='lat' dir='ltr'><em>ecclesiasticis</em></span> <span class='ocrx_word' id='word_1_259' title='bbox 1960 3094 2207 3142; x_wconf 88' lang='lat' dir='ltr'><em>constat.</em></span> 
     </span>
     <span class='ocr_line' id='line_1_30' title="bbox 109 3174 2230 3257; baseline 0.003 -27"><span class='ocrx_word' id='word_1_260' title='bbox 109 3175 259 3231; x_wconf 89' lang='lat' dir='ltr'><em>Nam</em></span> <span class='ocrx_word' id='word_1_261' title='bbox 307 3174 607 3232; x_wconf 86' lang='lat' dir='ltr'><em>Marcellus</em></span> <span class='ocrx_word' id='word_1_262' title='bbox 645 3175 910 3234; x_wconf 84' lang='lat' dir='ltr'><em>Pontifex</em></span> <span class='ocrx_word' id='word_1_263' title='bbox 951 3197 1106 3236; x_wconf 86' lang='lat' dir='ltr'><em>sacra</em></span> <span class='ocrx_word' id='word_1_264' title='bbox 1138 3177 1407 3257; x_wconf 76' lang='lat' dir='ltr'><em>mysteria</em></span> <span class='ocrx_word' id='word_1_265' title='bbox 1454 3177 1587 3235; x_wconf 88' lang='lat' dir='ltr'><em>fecit</em></span> <span class='ocrx_word' id='word_1_266' title='bbox 1622 3178 1683 3234; x_wconf 92' lang='lat' dir='ltr'><em>in</em></span> <span class='ocrx_word' id='word_1_267' title='bbox 1724 3176 1897 3236; x_wconf 90' lang='lat' dir='ltr'><em>domo</em></span> <span class='ocrx_word' id='word_1_268' title='bbox 1933 3179 2164 3237; x_wconf 82' lang='lat' dir='ltr'><em>Lucinae</em></span> <span class='ocrx_word' id='word_1_269' title='bbox 2196 3185 2230 3255; x_wconf 71' lang='lat'><em>7&#39;</em></span> 
     </span>
     <span class='ocr_line' id='line_1_31' title="bbox 108 3268 2216 3345; baseline 0.004 -21"><span class='ocrx_word' id='word_1_270' title='bbox 108 3268 500 3326; x_wconf 87' lang='lat' dir='ltr'><em>Nazianzenus</em></span> <span class='ocrx_word' id='word_1_271' title='bbox 548 3270 745 3327; x_wconf 78' lang='lat' dir='ltr'><em>senior·</em></span> <span class='ocrx_word' id='word_1_272' title='bbox 773 3270 835 3327; x_wconf 88' lang='lat' dir='ltr'><em>in</em></span> <span class='ocrx_word' id='word_1_273' title='bbox 877 3269 1189 3330; x_wconf 86' lang='lat' dir='ltr'><em>domestico</em></span> <span class='ocrx_word' id='word_1_274' title='bbox 1223 3271 1485 3340; x_wconf 87' lang='lat' dir='ltr'><em>cubiculo</em></span> <span class='ocrx_word' id='word_1_275' title='bbox 1505 3318 1520 3345; x_wconf 91' lang='lat'>7</span> <span class='ocrx_word' id='word_1_276' title='bbox 1564 3271 1899 3331; x_wconf 88' lang='lat' dir='ltr'><em>Ambrosius</em></span> <span class='ocrx_word' id='word_1_277' title='bbox 1930 3276 2126 3334; x_wconf 81' lang='lat' dir='ltr'><em>Romae</em></span> <span class='ocrx_word' id='word_1_278' title='bbox 2153 3276 2216 3333; x_wconf 89' lang='lat' dir='ltr'><em>in</em></span> 
     </span>
     <span class='ocr_line' id='line_1_32' title="bbox 110 3361 2216 3442; baseline 0.004 -24"><span class='ocrx_word' id='word_1_279' title='bbox 110 3361 362 3442; x_wconf 89' lang='lat' dir='ltr'><em>quadam</em></span> <span class='ocrx_word' id='word_1_280' title='bbox 392 3361 566 3420; x_wconf 90' lang='lat' dir='ltr'><em>domo</em></span> <span class='ocrx_word' id='word_1_281' title='bbox 597 3374 758 3420; x_wconf 88' lang='lat' dir='ltr'><em>trans</em></span> <span class='ocrx_word' id='word_1_282' title='bbox 793 3362 1062 3442; x_wconf 77' lang='lat' dir='ltr'><em>Tyberim</em></span> <span class='ocrx_word' id='word_1_283' title='bbox 1086 3410 1102 3439; x_wconf 97' lang='lat'>7</span> <span class='ocrx_word' id='word_1_284' title='bbox 1137 3366 1411 3425; x_wconf 88' lang='lat' dir='ltr'><em>Paulinus</em></span> <span class='ocrx_word' id='word_1_285' title='bbox 1442 3366 1700 3426; x_wconf 89' lang='lat' dir='ltr'><em>Nolanus</em></span> <span class='ocrx_word' id='word_1_286' title='bbox 1741 3369 1997 3427; x_wconf 86' lang='lat' dir='ltr'><em>instante</em></span> <span class='ocrx_word' id='word_1_287' title='bbox 2028 3379 2216 3427; x_wconf 87' lang='lat' dir='ltr'><em>morte</em></span> 
     </span>
     <span class='ocr_line' id='line_1_33' title="bbox 109 3456 2217 3544; baseline 0.004 -31"><span class='ocrx_word' id='word_1_288' title='bbox 109 3456 170 3514; x_wconf 90' lang='lat' dir='ltr'><em>in</em></span> <span class='ocrx_word' id='word_1_289' title='bbox 210 3456 378 3515; x_wconf 90' lang='lat' dir='ltr'><em>altari</em></span> <span class='ocrx_word' id='word_1_290' title='bbox 415 3469 550 3517; x_wconf 90' lang='lat' dir='ltr'><em>ante</em></span> <span class='ocrx_word' id='word_1_291' title='bbox 597 3457 876 3516; x_wconf 91' lang='lat' dir='ltr'><em>lectulum</em></span> <span class='ocrx_word' id='word_1_292' title='bbox 917 3480 1085 3519; x_wconf 90' lang='lat' dir='ltr'><em>suum</em></span> <span class='ocrx_word' id='word_1_293' title='bbox 1140 3473 1378 3542; x_wconf 76' lang='lat' dir='ltr'><em>parat03</em></span> <span class='ocrx_word' id='word_1_294' title='bbox 1440 3474 1506 3520; x_wconf 91' lang='lat' dir='ltr'><em>ut</em></span> <span class='ocrx_word' id='word_1_295' title='bbox 1560 3462 1668 3520; x_wconf 89' lang='lat' dir='ltr'><em>alia</em></span> <span class='ocrx_word' id='word_1_296' title='bbox 1721 3462 1891 3544; x_wconf 89' lang='lat' dir='ltr'><em>plura</em></span> <span class='ocrx_word' id='word_1_297' title='bbox 1951 3462 2217 3542; x_wconf 80' lang='lat' dir='ltr'><em>exempla</em></span> 
     </span>
     <span class='ocr_line' id='line_1_34' title="bbox 114 3553 2216 3638; baseline 0.003 -30"><span class='ocrx_word' id='word_1_298' title='bbox 114 3553 379 3610; x_wconf 83' lang='lat' dir='ltr'><em>omittam</em></span> <span class='ocrx_word' id='word_1_299' title='bbox 407 3553 514 3633; x_wconf 87' lang='lat' dir='ltr'><em>(l).</em></span> <span class='ocrx_word' id='word_1_300' title='bbox 542 3553 688 3610; x_wconf 87' lang='lat' dir='ltr'><em>Usus</em></span> <span class='ocrx_word' id='word_1_301' title='bbox 722 3574 854 3632; x_wconf 80' lang='lat' dir='ltr'><em>ergo</em></span> <span class='ocrx_word' id='word_1_302' title='bbox 876 3553 1471 3635; x_wconf 84' lang='lat' dir='ltr'><em>antiquitusobtinuit</em></span> <span class='ocrx_word' id='word_1_303' title='bbox 1501 3558 1699 3638; x_wconf 82' lang='lat' dir='ltr'><em>Missas</em></span> <span class='ocrx_word' id='word_1_304' title='bbox 1728 3556 2058 3616; x_wconf 85' lang='lat' dir='ltr'><em>celebrandi</em></span> <span class='ocrx_word' id='word_1_305' title='bbox 2086 3555 2216 3615; x_wconf 89' lang='lat' dir='ltr'><em>abs-</em></span> 
     </span>
    </p>
   </div>
   <div class='ocr_carea' id='block_1_6' title="bbox 180 3727 2219 3799">
    <p class='ocr_par' dir='ltr' id='par_1_8' title="bbox 180 3727 2219 3799">
     <span class='ocr_line' id='line_1_35' title="bbox 180 3727 2219 3799; baseline 0.004 -25"><span class='ocrx_word' id='word_1_306' title='bbox 180 3728 247 3792; x_wconf 78' lang='lat'><em>(1)</em></span> <span class='ocrx_word' id='word_1_307' title='bbox 284 3729 378 3779; x_wconf 82' lang='lat' dir='ltr'><em>cfr.</em></span> <span class='ocrx_word' id='word_1_308' title='bbox 412 3729 598 3779; x_wconf 83' lang='lat' dir='ltr'><em>Pellicia</em></span> <span class='ocrx_word' id='word_1_309' title='bbox 634 3748 711 3795; x_wconf 88' lang='lat' dir='ltr'><em>op.</em></span> <span class='ocrx_word' id='word_1_310' title='bbox 758 3732 836 3779; x_wconf 86' lang='lat' dir='ltr'><em>cit.</em></span> <span class='ocrx_word' id='word_1_311' title='bbox 873 3727 943 3778; x_wconf 90' lang='lat' dir='ltr'><em>De</em></span> <span class='ocrx_word' id='word_1_312' title='bbox 979 3727 1123 3781; x_wconf 84' lang='lat' dir='ltr'><em>Polit.</em></span> <span class='ocrx_word' id='word_1_313' title='bbox 1212 3732 1400 3783; x_wconf 85' lang='lat' dir='ltr'><em>Eccles.</em></span> <span class='ocrx_word' id='word_1_314' title='bbox 1447 3733 1532 3784; x_wconf 81' lang='lat' dir='ltr'><em>lib.</em></span> <span class='ocrx_word' id='word_1_315' title='bbox 1576 3748 1614 3781; x_wconf 87' lang='lat'><em>11</em></span> <span class='ocrx_word' id='word_1_316' title='bbox 1641 3770 1655 3795; x_wconf 89' lang='lat'><strong><em>,</em></strong></span> <span class='ocrx_word' id='word_1_317' title='bbox 1703 3750 1807 3799; x_wconf 88' lang='lat' dir='ltr'><em>cap.</em></span> <span class='ocrx_word' id='word_1_318' title='bbox 1863 3749 1954 3799; x_wconf 83' lang='lat'><em>103</em></span> <span class='ocrx_word' id='word_1_319' title='bbox 1991 3750 2078 3783; x_wconf 87' lang='lat' dir='ltr'><em>nec</em></span> <span class='ocrx_word' id='word_1_320' title='bbox 2123 3750 2219 3782; x_wconf 88' lang='lat' dir='ltr'><em>non</em></span> 
     </span>
    </p>
   </div>
  </div>
 </body>
</html>
