2502 4186
246 233 320 292 10

895 256 1214 295 TRACTATUS
1258 257 1326 292 DE
1369 256 1656 305 BAP'rlsuo.

242 400 584 472 firmatum3
651 397 797 456 illud
869 398 1028 456 enim
1083 398 1350 458 omnium
1394 400 1619 481 primus
1695 401 1939 482 protulit
2005 404 2346 464 Theodorus

246 493 670 555 Cantuariensis
701 492 762 550 in
793 512 895 549 suo
930 492 1350 553 Poeni‘tentia'li
1365 519 1390 563 ¹,-
1436 516 1607 575 porro
1651 494 1984 555 Theodorus
2017 497 2202 557 tribus
2239 501 2347 558 cir-

243 590 386 646 citer
428 586 629 646 seculis
680 607 712 643 a
752 586 950 644 Siricio
999 585 1194 645 distat.
1253 590 1599 669 Quanquam
1647 589 1920 650 dubitant
1978 593 2155 651 etiam
2197 594 2349 652 docti

242 683 394 757 viri,
436 692 634 739 utrum
668 679 778 739 hoc
807 681 1215 759 Poenitentiale
1247 682 1532 742 Theodori
1570 685 1661 744 sit.

324 774 424 832 20.
477 774 564 833 Ad
604 773 685 834 3¹¹¹
707 820 723 850 ,
760 777 919 837 Dis-t.
954 777 1014 834 Si
1042 776 1170 835 talis
1199 788 1479 858 praeterea
1521 778 1720 839 fuisset
1742 779 1952 839 Christi
1985 780 2253 841 voluntas
2275 827 2289 854 ,
2318 804 2351 840 a

243 890 356 950 qua
382 868 443 927 id
473 869 639 929 unice
666 869 920 951 pendet,
956 893 1145 938 conc.‚·
1185 893 1346 931 secus
1368 919 1383 948 ,
1425 884 1615 932 trans.
1656 875 1740 932 De
1771 873 1869 933 illa
1915 897 2087 957 porro
2124 887 2350 936 constat

243 986 313 1023 ex
344 985 518 1023 sensu
544 964 805 1024 Ecclesiae
836 965 1196 1025 traditionali
1231 979 1290 1026 et
1320 969 1485 1048 praxi
1511 968 1623 1047 (l).

1041 1158 1442 1212 PROPOSITIO
1481 1158 1553 1211 II.

255 1298 408 1357 Vera
452 1309 535 1356 est
567 1299 637 1356 de
669 1301 974 1377 Baptismi
1012 1301 1397 1359 Sci-eramento
1432 1301 1707 1359 doctrina
1743 1303 1946 1380 viqens
1979 1305 2050 1359 in
2083 1302 2354 1361 Ecclesia

323 1393 643 1462 Romana,
672 1414 800 1471 quae
816 1403 968 1450 tenet
979 1436 999 1463 ,
1029 1395 1385 1474 illumoeqne
1418 1397 1610 1453 valere
1633 1398 1752 1453 sive
1765 1417 1881 1475 per
1909 1400 2350 1456 immersionem

324 1491 444 1545 sive
458 1509 578 1567 per
601 1490 969 1566 infusionem
1006 1499 1118 1546 ant
1145 1494 1543 1568 aspersionem
1577 1493 1944 1568 conferatur.

325 1664 427 1722 21.
476 1665 598 1722 Hac
620 1665 847 1723 ratione
871 1676 1149 1746 concepta
1175 1667 1492 1747 propositio
1510 1640 1582 1724 de
1608 1665 1722 1725 fide
1743 1678 1858 1740 est,
1885 1688 2015 1725 cum
2039 1667 2113 1726 ab
2137 1667 2358 1750 aliquot

247 1759 452 1818 seculis
489 1760 552 1818 in
581 1759 825 1819 Ecclesia
854 1761 1114 1819 Romana
1148 1762 1478 1821 conferatur
1511 1761 1800 1843 baptisma
1839 1785 1944 1845 per
1969 1764 2319 1824 infusionem
2339 1809 2356 1838 .,

254 1864 430 1934 atque
479 1855 541 1912 in
588 1854 801 1914 Rituali
840 1858 1102 1915 Romano
1143 1878 1173 1914 a
1206 1859 1261 1916 S.
1296 1858 1395 1916 Pio
1428 1859 1473 1915 V
1511 1857 1667 1916 edito
1697 1869 1939 1939 utraque
1974 1860 2122 1918 ratio
2165 1859 2362 1941 bapti-

248 1949 418 2008 zandi
445 1954 615 2028 juxta
642 1951 1093 2033 uniuscujusque
1124 1952 1384 2012 Ecclesiae
1427 1954 1906 2013 consuetudinem
1946 1955 2067 2014 sive
2107 1975 2212 2036 per
2247 1956 2363 2013 im-

248 2046 599 2106 mersionem
633 2047 754 2108 sive
778 2068 886 2129 per
916 2047 1265 2107 infusionem
1311 2059 1411 2107 aut
1447 2050 1628 2108 etiam
1666 2070 1771 2129 per
1812 2050 2205 2130 aspersionem
2231 2071 2364 2131 pro-

247 2138 454 2215 beturz,
497 2143 736 2225 insuper
770 2165 804 2202 a
845 2144 1017 2202 Cone.
1057 2142 1212 2202 Trid.
1251 2143 1438 2202 editus
1474 2143 1568 2203 hic
1609 2166 1797 2204 canon
1836 2145 1914 2204 III
1946 2145 2020 2203 de
2068 2144 2362 2225 baptismo

249 2247 336 2296 est
374 2260 388 2295 2
430 2240 503 2297 Si
536 2244 674 2317 quis
710 2240 937 2300 dimem'c
952 2283 974 2311 ,
1014 2246 1082 2298 in
1117 2240 1385 2299 Ecclesia
1417 2241 1736 2310 Romana,
1771 2262 1906 2318 quoe
1943 2246 2221 2297 omnium
2247 2244 2363 2298 Ec-

249 2334 572 2391 clesiarum
612 2346 806 2393 mater
833 2346 917 2393 est
947 2347 1004 2392 ec
1036 2340 1332 2413 ma9¹istra
1350 2377 1373 2404 ‚
1421 2357 1542 2392 non
1573 2356 1688 2392 esse
1732 2355 1937 2393 veram
1966 2336 2038 2394 de
2076 2337 2371 2414 baptismi

252 2430 642 2488 Sacramento
682 2432 1059 2501 doctrinam,
1104 2430 1427 2487 anathema
1465 2435 1559 2488 sit.
2016 2425 2021 2427 ⁴

330 2526 431 2583 22.
481 2525 570 2584 Ad
596 2525 704 2584 hoc
731 2547 902 2608 porro
932 2525 1065 2585 fidei
1097 2525 1306 2604 dogma
1336 2526 1625 2585 tuendum
1647 2571 1663 2598 ‚
1701 2526 1837 2583 satis
1867 2537 1954 2584 est
1978 2524 2145 2583 nobis
2179 2537 2367 2584 osten-

252 2619 426 2695 dere,
477 2621 722 2680 modum
756 2618 1035 2702 baptismi
1074 2620 1413 2679 conferendi
1449 2642 1572 2678 non
1610 2631 1870 2700 spectare
1910 2619 1985 2679 ad
2019 2622 2365 2679 sacramenti

253 2715 564 2774 essentiam
617 2717 737 2776 sive
782 2715 1166 2774 substantiam
1193 2761 1209 2788 .,
1258 2715 1361 2775 sed
1402 2715 1476 2774 ad
1523 2736 1746 2774 meram
1790 2714 2191 2796 disciplinam,
2235 2737 2363 2796 quae

323 2908 394 2970 (1)
426 2906 579 2973 Atque
609 2908 686 2956 hic
718 2910 885 2973 juverit
924 2911 1155 2972 specimen
1183 2925 1268 2956 ex-

254 2989 416 3038 hibere
433 2992 639 3054 pessimae
661 2990 790 3052 fidei,
808 3009 900 3055 qua
917 2990 1128 3038 laborant
1154 3028 1166 3051 ‚
1189 3000 1271 3038 aut

256 3074 405 3136 turpis
426 3073 710 3135 ignorantiae,
733 3074 783 3119 in
799 3090 888 3137 qua
905 3083 1146 3120 versantur
1165 3072 1268 3137 plu-

257 3171 327 3202 res
382 3152 692 3201 protestantes
743 3157 861 3202 circa
915 3155 1178 3202 doctrinam
1225 3162 1270 3201 et

257 3238 438 3300 praxim
451 3234 664 3283 Ecclesiae
686 3234 947 3283 Catholicae.
963 3235 1120 3284 Refert
1144 3237 1269 3284 enim

260 3316 392 3382 Hugg
405 3318 454 3363 in
469 3315 813 3364 Controversiis
827 3333 935 3364 cam
946 3317 1269 3365 Breckenrid-

257 3414 313 3462 qe
329 3435 341 3458 ‚
368 3398 477 3446 alias
491 3401 570 3446 cit.
593 3397 818 3447 Controv.
843 3414 909 3449 vn
928 3436 941 3457 ‚
970 3417 1074 3464 pag.
1105 3416 1166 3464 72
1188 3435 1203 3460 ,
1224 3416 1272 3452 se

257 3480 530 3529 interfuisse.
560 3483 609 3528 in
637 3480 839 3529 Statibus
878 3481 1106 3530 foederatis
1132 3481 1272 3529 Arne-

261 3563 368 3610 ricae
394 3563 580 3611 cuidam
595 3565 853 3626 congressui
869 3564 1064 3628 generali
1083 3600 1095 3623 ‚
1114 3567 1164 3611 in
1181 3581 1272 3629 quo

263 3641 476 3707 Episcopi
523 3648 543 3706 (
573 3655 873 3709 protestantes
909 3645 924 3706 )
967 3645 1277 3694 discutiebant

264 3726 564 3789 quaestionem
585 3763 598 3789 ‚
637 3737 793 3776 utrum
831 3727 1013 3776 validus
1033 3729 1090 3776 sit
1115 3726 1281 3792 baptis·

1351 2924 1456 2956 mus
1474 2908 1666 2956 collatus
1693 2926 1718 2955 a
1746 2898 1988 2955 Sacerdote
2011 2906 2252 2955 catholico.
2278 2905 2366 2955 Sa·

1351 2993 1408 3038 tis
1434 2989 1632 3038 difficilis
1666 2992 1760 3038 visa
1799 2992 1907 3053 ipsis
1934 2999 2002 3037 est
2023 2990 2121 3036 haec
2153 2991 2367 3053 quaestio.

1353 3072 1476 3120 Hinc
1500 3072 1726 3138 quosdam
1767 3072 2003 3135 legarunt,
2040 3082 2094 3118 ut
2131 3089 2231 3119 eam
2268 3087 2367 3118 ma-

1352 3165 1451 3202 ture
1502 3154 1852 3218 perpenderent.
1904 3151 1994 3216 Qui
2041 3155 2091 3201 iu
2140 3161 2368 3200 conventu

1352 3237 1590 3301 frequenti
1618 3235 1871 3283 retulerunt
1900 3235 2158 3282 invalidum
2175 3250 2268 3282 esse
2287 3233 2368 3280 hu·

1349 3318 1556 3383 jusmodi
1595 3317 1822 3381 baptisma
1864 3317 1923 3363 ob
1957 3318 2038 3364 has
2067 3316 2178 3363 duas
2205 3316 2369 3378 praeci-

1354 3417 1467 3464 puas
1501 3402 1695 3446 rationes
1740 3417 1753 3446 :
1792 3407 1837 3444 1⁰
1877 3399 1945 3445 Eo
1987 3397 2111 3463 quod
2142 3414 2167 3443 a
2197 3395 2370 3443 Catho-

1355 3481 1454 3529 licis
1482 3481 1823 3529 administretur
1860 3477 2118 3528 infantibus
2146 3478 2374 3541 baptisma

1355 3562 1510 3627 lingua
1545 3563 1697 3611 latina
1728 3565 1898 3631 (quam
1937 3561 2135 3626 profecto
2171 3560 2374 3607 infantes

1356 3663 1452 3694 non
1487 3647 1800 3711 intelligunt).
1826 3645 1977 3693 Altera
1997 3679 2010 3702 ‚
2046 3645 2156 3705 quia
2183 3642 2241 3690 ab
2263 3643 2374 3706 ipsis

1362 3728 1620 3793 baptizatur
1639 3731 1688 3776 in
1705 3727 1814 3776 oleo.
1829 3727 1991 3775 Risum
2006 3726 2195 3774 teneatis
2213 3723 2369 3772 amici!
