2502 4186
2067 258 2186 319 253

335 284 457 320 CAP.
502 283 590 319 111.
640 282 708 316 DE
751 281 820 317 EO
864 280 1013 331 QUOD
1057 281 1156 317 SUB
1200 279 1472 331 QUALIBET
1519 278 1763 316 SACRAM.
1812 280 1936 318 E'l'c.

157 426 297 484 221.
341 425 430 484 Ad
471 425 554 484 7¹1¹
578 469 594 499 7
640 425 801 482 Dist.
844 425 930 482 Ita
965 434 1032 481 ut
1066 423 1291 504 possint
1332 421 1504 501 longe
1553 420 1888 483 solidiorem
1925 423 2205 484 consola?

79 524 299 582 tionem
320 521 428 581 sibi
451 541 785 602 comparare
811 542 882 579 ex
911 517 1253 578 obedientiae
1288 517 1499 577 merito
1521 563 1537 592 7
1563 539 1751 585 conc.,·
1771 541 1931 579 secus
1950 566 1966 596 7
1993 532 2184 581 trans.

80 620 147 677 In
169 618 258 676 his
281 617 438 677 enim
457 662 472 690 7
509 614 649 696 quid
673 616 853 694 magis
889 608 1170 673 conducat
1200 611 1274 670 ad
1307 611 1570 672 fidelium
1607 613 1922 674 utilitatem
1956 627 2016 675 et
2047 615 2183 675 soli-

52 710 216 772 'dam
249 711 703 772 consolationem
730 756 745 781 7
781 707 1056 768 standum
1081 718 1168 766 est
1192 706 1454 767 Ecclesiae
1471 707 1720 786 judiciO,
1761 730 1888 790 quae
1923 732 1994 770 ex
2015 711 2189 792 longo

79 830 143 867 ac
179 808 455 866 diuturno
488 803 1089 887 experimento-satis¹
1115 803 1430 883 comperit,
1479 802 1621 884 quid
1665 804 1846 882 magis
1890 805 2184 886 expediat.

79 905 225 962 Vera
254 902 400 960 ratio
430 947 445 976 7
496 908 675 982 quare
710 898 984 960 nonnulli
1024 897 1198 958 etiam
1243 896 1523 957 Catholici
1553 897 1873 958 vehemens
1911 899 2058 958 illud
2095 901 2191 961 de-

78 997 354 1056 siderium
383 996 762 1055 concessionis
800 993 986 1053 calicis
1015 991 1418 1074 patefecerunt
1438 1037 1455 1066 7
1494 994 1714 1073 partim
1754 993 2074 1074 repetenda
2105 1006 2191 1054 est

79 1112 150 1150 ex
185 1090 282 1150 illa
321 1103 543 1151 naturae
584 1101 796 1149 nostrae
833 1087 1173 1159 affectione,
1217 1108 1330 1168 qua
1358 1087 1602 1146 nitimur
1640 1089 1703 1146 in
1745 1090 1996 1148 vetitum
2026 1091 2192 1171 cupi-

77 1207 323 1267 musque
347 1197 589 1265 negata7
626 1184 843 1265 partim
881 1203 951 1241 ex
985 1179 1240 1263 quadam
1273 1194 1670 1264 praeconcepta
1713 1205 1814 1265 spe
1853 1183 2074 1243 facilius
2105 1206 2192 1244 re-

80 1281 325 1342 vocandi
370 1279 712 1340 dissidentes
753 1278 828 1336 ad
857 1276 1120 1335 Ecclesiae
1160 1277 1445 1337 unitatem
1475 1277 1592 1357 (1).
1635 1280 1769 1337 Jam
1816 1300 1955 1338 vero
1978 1324 1994 1353 7
2031 1280 2079 1338 si
2120 1301 2193 1339 ex

78 1376 239 1435 factis
275 1375 588 1458 aliquando
615 1371 1084 1434 concessionibus
1123 1393 1363 1452 arguere
1384 1372 1555 1432 liceat
1577 1417 1593 1447 7
1634 1395 1711 1432 an
1740 1373 2012 1455 expediat
2050 1373 2193 1434 cali-

76 1476 207 1530 cem'
221 1472 524 1531 restituere
547 1515 562 1544 7
589 1469 686 1530 vix
719 1489 980 1549 unquam
1004 1466 1291 1548 expediet.
1320 1468 1426 1525 Eas
1458 1468 1617 1526 enim
1643 1469 2038 1529 concessiones
2063 1469 2196 1529 nul·

77 1563 162 1623 los
185 1588 448 1648 unquam
471 1566 692 1623 fructus
716 1562 997 1634 attulisse,
1029 1572 1193 1643 patet
1207 1582 1278 1620 ex
1306 1561 1406 1637 iis7
1424 1583 1553 1643 quae
1577 1563 1702 1622 fuse
1727 1563 1986 1644 disputat
2015 1566 2194 1625 Bene-

77 1658 263 1720 dictus
296 1662 422 1720 XIV
454 1658 577 1741 (2);
606 1658 706 1739 qui
738 1668 1020 1740 praeterea
1051 1676 1146 1715 eos
1188 1677 1392 1715 omnes
1420 1668 1682 1717 recenset
1709 1703 1724 1733 7
1745 1657 1978 1739 ‘quibus
2015 1659 2194 1718 etiam

75 1881 288 1930 adversus
311 1881 570 1940 haereticos,
589 1878 774 1927 nullum
795 1878 997 1926 fructum
1026 1876 1083 1925 ad
1166 1886 1376 1925 mentum
1429 1877 1685 1925 infantibus
1727 1877 1929 1927 Ecclesia
1985 1879 2191 1928 admini-

76 1950 268 2012 salutem
300 1964 613 2011 'necessarium
652 1978 706 2009 ex
746 1962 886 2009 unica
912 1963 1084 2023 'sump-
1169 1969 1310 2007 strare
1337 1961 1578 2007 consuevit
1594 1961 1744 2026 ,quin
1771 1970 2010 2025 propterea
2033 1962 2194 2010 adver-

74 2047 198 2093 tione
210 2046 358 2093 amitti
377 2081 390 2103 7
409 2044 621 2100 demum,
642 2059 773 2106 prop.
792 2047 865 2102 ιγ’,
889 2044 1045 2090 statuit
1066 2059 1080 2089 :
1146 2045 1149 2048 ⁴
1169 2041 1273 2087 sarii
1297 2040 1426 2088 litem
1458 2041 1669 2089 Ecclesiae
1703 2034 1960 2107 intendant.
1985 2041 2074 2092 Sed
2091 2043 2191 2093 Cfr.

75 2124 223 2174 Nihil
262 2122 534 2190 spiritualis
570 2123 759 2188 fructus
791 2124 985 2188 capitur
1029 2139 1087 2170 ex
1168 2123 1385 2171 Bellarm.
1413 2123 1499 2171 loc.
1533 2126 1612 2171 cit.

77 2206 264 2254 duabus
294 2205 536 2271 speciebus
553 2242 566 2266 7
592 2203 717 2269 quod
741 2220 838 2252 non
865 2204 1090 2269 capiatur

78 2304 135 2335 ex
162 2304 278 2335 mm.
314 2286 463 2352 Quam
483 2287 826 2335 conclusionem
848 2303 1090 2350 argumen-

78 2373 134 2417 tis
166 2372 425 2418 intrinsecis
463 2380 507 2417 et
543 2371 808 2418 extrinsecis
837 2368 981 2417 solide
1005 2367 1089 2416 ad-

83 2454 233 2499 struit.
254 2451 468 2499 Attamen
484 2450 616 2499 Alex.
635 2451 813 2499 Alensis
843 2460 887 2499 et
918 2449 1093 2514 Gaspar

82 2533 288 2582 Casalius
311 2535 478 2581 camin
505 2533 699 2581 dubium
723 2542 934 2581 revocant
949 2552 962 2594 5
980 2532 1093 2580 Vas-

77 2634 191 2681 quez
208 2633 311 2665 vero
331 2653 344 2677 7
364 2619 431 2664 In
446 2632 500 2663 111
511 2623 646 2680 part.
673 2614 728 2663 S.
760 2615 933 2663 Thom.
968 2615 1089 2678 disp.

82 2715 219 2759 ccxv,
248 2716 346 2763 cap.
381 2716 408 2746 2
429 2735 442 2758 7
475 2708 629 2746 censet
655 2715 750 2747 esse
776 2697 1059 2763 probabilius
1077 2733 1090 2758 7

84 2782 305 2846 majorem
349 2781 551 2828 fructum
597 2783 748 2845 gratiae
799 2798 853 2828 ex
901 2789 1096 2847 utraque

86 2863 234 2926 specie
259 2862 400 2927 hujus
412 2861 694 2911 Sacramenti
720 2880 862 2928 quam
881 2880 932 2911 ex
952 2863 1093 2912 altera

85 2954 266 2991 tantum
295 2946 484 3008 percipi.
516 2944 647 2993 Prior
677 2947 900 2994 sententia
935 2948 1093 2993 verisi-

84 3026 237 3072 milior
261 3025 454 3073 videtur.
476 3025 690 3075 Ceterum
709 3027 1003 3075 accidentalis
1018 3027 1095 3075 hic

84 3107 262 3155 fructus
299 3107 543 3171 peculiaris
565 3145 578 3165 7
616 3110 653 3155 si
691 3110 835 3172 reipsa
875 3108 1091 3170 daretur,

86 3199 200 3237 esset
222 3188 406 3252 'prorsus
438 3188 764 3254 negligendus,
798 3206 905 3238 cum
942 3192 1096 3255 graves

83 3287 231 3318 causae
271 3270 465 3318 suadent
506 3270 695 3318 calicem
740 3288 836 3318 non
881 3271 1096 3320 omnibus

84 3369 179 3400 esse
205 3355 462 3417 promiscue
491 3353 865 3418 permittendum.
887 3353 953 3402 Ea
976 3365 1096 3403 certe

86 3445 297 3483 constans
315 3436 403 3482 fuit
423 3435 636 3483 Ecclesiae
663 3434 826 3498 agendi
843 3437 979 3483 ratio.
997 3435 1093 3495 Sic,

87 3520 298 3580 quamvis
326 3529 499 3565 certum
538 3519 625 3577 sit,
656 3520 848 3580 gratiam
880 3533 935 3564 ex
963 3534 1097 3581 opere

89 3611 268 3663 operato
319 3612 419 3648 tum
478 3600 534 3648 ab
582 3600 872 3648 Eucharistia
931 3610 1030 3647 tum
1071 3620 1096 3650 a

90 3677 449 3731 Confirmatione
482 3683 681 3747 parvulis
713 3683 910 3731 conferri
929 3716 944 3741 7
983 3693 1097 3731 atta·

91 3775 197 3809 men
225 3762 485 3828 a'plurihus
511 3765 674 3815 seculis
697 3775 920 3816 neutrum
936 3763 1098 3815 Sacra-

1240 2205 1301 2268 (l)
1338 2204 1616 2270 Cujusmodi
1645 2215 1765 2255 certe
1789 2205 1881 2255 fuit
1901 2205 2190 2270 Cassander,

1173 2289 1252 2353 qui
1281 2324 1294 2347 7
1339 2287 1423 2335 zeli
1454 2289 1529 2335 sui
1564 2294 1682 2335 aestu
1726 2288 1976 2353 abreptus,
2015 2290 2196 2354 longius

1175 2386 1316 2435 quam
1348 2387 1431 2434 par
1473 2379 1590 2417 esset
1631 2386 1901 2436 progressus
1941 2381 2023 2419 est.
2061 2370 2199 2435 Quod

1176 2461 1345 2516 spectat
1391 2451 1450 2499 ad
1490 2448 1769 2499 Gersonium
1799 2488 1813 2512 7
1861 2469 2055 2501 asserere
2096 2469 2195 2501 non

1176 2533 1368 2592 dubito,
1401 2548 1476 2581 eos
1496 2570 1509 2592 7
1539 2535 1621 2598 qui
1650 2550 1732 2598 pro
1761 2537 2092 2583 communione
2113 2535 2195 2583 lai-

1176 2631 1338 2662 corum
1370 2613 1455 2662 sub
1492 2624 1687 2680 utraque
1714 2618 1863 2680 specie
1897 2619 1996 2682 ejus
2038 2626 2198 2665 aucto-

1175 2699 1359 2744 ritatem
1395 2696 1698 2760 adducunt,
1772 2715 2020 2763 nunquam
2071 2699 2199 2751 hunc

1178 2787 1421 2826 tractatum
1451 2777 1632 2843 legisse.
1661 2777 1840 2828 Acriter
1866 2780 2096 2846 siquidem
2120 2782 2199 2829 in·-

1178 2863 1293 2908 sistit
1322 2863 1373 2907 in
1408 2870 1501 2909 toto
1530 2870 1722 2910 tractatu
1740 2897 1757 2923 ‚
1794 2870 1845 2910 ut
1869 2862 1998 2910 nulla
2021 2865 2198 2913 ratione

1178 2959 1288 2991 usus
1325 2944 1477 2992 calicis
1515 2942 1852 3007 concedatur3'
1876 2944 2109 2992 invehitur
2148 2947 2199 2993 in

1178 3025 1429 3088 Bohemos‚
1448 3027 1529 3091 qui
1549 3025 1683 3073 illum
1704 3025 1980 3091 expetebant
2000 3063 2013 3086 7
2045 3012 2199 3075 osten-

1179 3110 1338 3174 ditque
1376 3108 1507 3172 plura
1543 3105 1841 3156 incommoda
1878 3124 1936 3156 ex
1966 3109 2198 3174 ejusmodi

1179 3193 1473 3238 concessione
1509 3192 1636 3238 oriri.
1675 3189 1779 3240 Cfr.
1815 3192 1914 3255 ipse
1946 3192 2047 3256 ejus
2075 3201 2198 3239 trac-
2239 3185 2243 3188 ’

1179 3283 1300 3320 tatus
1319 3309 1330 3330 7
1351 3282 1465 3319 tom.
1493 3289 1510 3318 1
1531 3309 1543 3331 7
1565 3289 1670 3336 pag.
1694 3268 1794 3334 458
1815 3309 1828 3333 ,
1862 3274 1912 3319 in
1942 3290 2048 3338 opp.
2086 3272 2199 3321 edit.

1141 3375 1145 3383 ·>
1178 3354 1316 3403 Ellies
1330 3353 1519 3402 Du-Pin
1540 3391 1553 3412 7
1575 3353 1812 3418 Antwerp.
1840 3351 1986 3421 1706,
2003 3356 2199 3419 inscrip-

1178 3446 1251 3484 tus
1281 3454 1294 3484 ε
1328 3436 1507 3485 Contra
1539 3434 1758 3483 haeresim
1779 3436 1836 3483 de
1864 3437 2197 3484 communiam

1180 3518 1412 3568 laicorum
1437 3517 1525 3565 sub
1551 3528 1753 3582 utraque
1783 3519 1958 3585 specie.

1178 3626 1180 3629 ·
1215 3601 1278 3663 (2)
1297 3597 1375 3648 De
1391 3599 1571 3664 Sacris.
1596 3601 1786 3663 Missos,
1808 3600 1891 3649 lib.
1909 3616 1963 3659 117
1989 3615 2094 3663 cap.
2112 3597 2195 3659 237

1179 3700 1231 3733 n.
1274 3698 1327 3746 17
1363 3693 1408 3731 et
1435 3699 1565 3747 seqq.
2146 3679 2150 3683 ’
