2502 4186
533 270 655 309 cAP.
701 271 743 307 1.
790 270 857 308 mi
899 269 1173 310 vamum
1215 267 1452 308 sAann.
1499 266 1761 306 commu.
2125 248 2198 307 91

130 409 367 471 eruitur.
412 411 639 474 Etenim
679 413 737 471 S.
775 413 1047 491 IrenaeUS,
1085 409 1253 469 Cont.
1284 409 1486 467 kaercs.
1518 405 1619 466 lib.
1651 406 1758 482 IV,
1783 402 1979 465 scribit
2009 428 2023 465 t
2062 407 2203 487 Qui-

122 506 485 584 buscumque
514 511 675 564 enim
696 507 1075 585 imponebant
1093 504 1354 582 Apostoli
1382 522 1602 560 manus
1617 546 1632 575 ‚
1672 502 2049 578 accipiebant
2070 503 2205 581 Spi-

125 602 317 659 ritum
347 602 668 671 Sanctum,
700 605 810 678 qui
847 610 927 658 est
964 619 1091 657 esca
1130 601 1262 653 vitoe
1296 596 1383 674 (1)
1409 639 1427 670 ‚
1465 593 1708 674 ideoque
1743 594 1922 673 gratia
1953 596 2203 655 sanctifi-

126 714 279 754 canS.
322 695 411 752 Sic
442 696 615 752 etiam
647 693 1028 752 Tertullianus
1049 736 1065 766 7
1103 689 1205 747 lib.
1245 691 1336 749 Dc
1371 690 1680 767 Baptismo
1710 710 1728 747 :
1770 690 2003 748 Dehinc
2036 689 2206 771 (post

126 788 523 868 Baptismum)
562 810 781 847 manus
826 791 1204 866 imponitur,
1247 806 1362 863 per
1405 785 1863 844 benedictio-nem
1909 786 2206 845 advocans

126 891 183 939 et
203 886 469 940 invitans
497 884 796 960 Spiritum
829 875 1112 940 Sanctum
1133 879 1242 958 (2)
1277 877 1628 960 Theophilus
1657 878 2044 937 Antiochenus
2067 882 2103 939 J
2108 902 2205 938 us-

124 974 248 1032 tino
286 996 509 1034 coaevus
542 975 697 1035 idem
728 975 1028 1034 manifeste
1062 973 1328 1052 indigitat
1353 1014 1371 1043 ,
1411 972 1665 1032 scribens
1693 974 1797 1031 Ad
1821 974 2165 1044 Autolicum
2180 1016 2206 1046 ,

122 1066 227 1126 lib.
273 1069 298 1126 I
344 1094 360 1127 x
397 1069 523 1128 Nos
571 1071 696 1128 ideo
749 1068 1085 1128 Christiani
1128 1089 1447 1139 vocamur,
1488 1068 1645 1146 quod
1687 1069 1966 1151 Dei-olco
2010 1089 2207 1148 unqu-

122 1183 268 1221 mur
307 1162 416 1242 (3).

207 1259 265 1316 9.
313 1259 382 1317 Et
419 1258 480 1317 hi
517 1256 749 1338 quidem
785 1255 858 1316 ad
899 1258 949 1315 II
995 1257 1252 1317 seculum
1290 1257 1612 1338 pertinent.
1657 1259 1739 1317 Ex
1772 1258 1942 1317 tertio
1978 1259 2210 1320 veroin

126 1363 403 1434 promptu
445 1363 580 1410 sunt
625 1352 683 1410 S.
734 1352 1051 1434 Cyprianus
1082 1363 1163 1424 -et
1209 1351 1591 1410 FirmilianUS.
1644 1352 1960 1433 Cyprianus
2009 1353 2207 1427 enim,

125 1447 325 1526 Epist.
369 1446 642 1518 LXXII,
689 1447 987 1507 contendit
1017 1446 1290 1507 adversus
1330 1444 1689 1527 Stephanum
1714 1490 1731 1520 7
1775 1446 2060 1522 satis-non
2088 1467 2211 1507 esse

130 1540 410 1600 haereticis
439 1539 513 1598 ad
550 1540 808 1600 Ecclesiae
849 1543 1042 1600 sinum
1078 1540 1454 1600 redeuntibus
1486 1560 1693 1597 manus
1730 1539 2064 1620 imponere,
2110 1538 2214 1600 sed

125 1654 357 1714 prorsus
410 1633 849 1715 rebaptizandos
903 1658 998 1695 eos
1047 1657 1166 1695 esse
1189 1679 1206 1712 ‚
1265 1635 1398 1716 quia
1452 1645 1597 1692 tunc
1643 1635 1925 1707 demum,
1982 1635 2173 1715 inquit
2193 1678 2210 1711 ,

114 1730 289 1808 pleno
325 1731 694 1806 sanctificari
729 1742 785 1796 ct
826 1753 939 1790 osse
979 1732 1137 1792 Filii
1168 1733 1289 1790 Dei
1309 1739 1598 1808 possunt,
1641 1734 1700 1786 si
1722 1739 1970 1807 utroque
2002 1730 2216 1788 Sacra-

124 1834 315 1881 mento
350 1836 678 1883 nascantur
699 1825 808 1903 (4).
850 1827 918 1883 Et
947 1826 1143 1904 Epist.
1179 1823 1488 1894 LXXIII,
1530 1808 1815 1882 disserens
1844 1822 1915 1881 de
1949 1823 2143 1882 tinctis
2182 1846 2215 1882 a

125 1916 429 1998 Philippo
415 1941 476 1976 m
508 1920 803 1978 Samaria.
841 1921 1013 1999 Quod
1036 1922 1264 1991 deerat
1297 1919 1518 1999 inquit
1543 1920 1614 1976 id
1638 1941 1677 2007 a
1704 1919 1879 1976 Petro
1904 1929 1958 1976 et
1982 1921 2217 1978 Joanne

119 2014 356 2088 factum
386 2025 467 2073 est
484 2058 506 2085 ,
544 2026 613 2071 ut
640 2019 900 2072 oratione
926 2036 1041 2094 pro
1067 2019 1148 2073 eis
1184 2015 1421 2087 hahita,
1458 2023 1512 2071 et
1545 2001 1730 2071 manu
1762 2016 2042 2091 imposita
2065 2056 2086 2084 ,
2116 2018 2218 2072 in·-

128 2118 436 2165 vocarctur
475 2120 529 2166 ct
575 2110 1002 2187 infunderetur
1045 2131 1226 2188 snper
1268 2130 1357 2185 eos
1410 2110 1677 2188 Spiritus
1717 2111 1984 2167 Sanctus.
2050 2110 2224 2184 Quod

134 2222 299 2258 nunc
325 2223 549 2280 quoquc
571 2205 741 2280 apud
754 2225 858 2261 nos
873 2210 1135 2280 yeritur,
1157 2215 1259 2276 ut,
1292 2208 1402 2283 qui
1423 2207 1490 2261 in
1509 2205 1780 2264 Ecclesia
1804 2205 2218 2282 baptizantur,

121 2302 462 2374 proepositis
508 2300 786 2355 Ecclesioe
828 2299 1186 2376 offiarantur,
1234 2309 1288 2354 ct
1323 2319 1438 2375 per
1484 2309 1748 2356 nostram
1788 2303 2115 2356 orationem
2169 2307 2225 2354 ct

134 2410 351 2448 manus
381 2396 811 2470 impositionem
862 2396 1161 2471 Spiritum
1206 2393 1495 2450 Sanctum
1537 2402 2015 2468 consequantur,
2060 2401 2113 2448 et
2147 2394 2223 2449 si-

126 2488 379 2563 qriaculo
405 2487 698 2545 dominico
733 2497 1220 2548 consummentur
1249 2485 1357 2564 (5).
1392 2484 1604 2543 Eadem
1626 2483 1804 2544 habet
1825 2485 2219 2560 FirmilianUS,

134 2577 504 2661 ejusdemque
530 2583 796 2640 meminit
823 2604 1029 2640 manus
1053 2582 1430 2662 impositionis
1454 2626 1471 2657 7
1504 2601 1629 2662 quae
1665 2580 1821 2662 apud
1851 2581 2086 2639 Asianos
2118 2579 2226 2638 ob-

137 2673 390 2750 tinebat,
427 2687 485 2734 et
524 2698 651 2755 quae
689 2676 842 2758 apud
874 2677 1036 2736 Afros
1065 2689 1195 2758 post
1233 2677 1521 2758 Baptisma
1557 2676 1631 2734 ad
1660 2675 2073 2734 conferendum
2096 2675 2226 2757 Spi-

139 2767 312 2826 ritum
338 2771 391 2828 S.
423 2769 806 2830 adhibebatur
837 2772 942 2852 (6).
974 2772 1075 2829 His
1101 2792 1172 2830 ex
1194 2771 1395 2830 eodem
1420 2771 1608 2830 seculo
1638 2770 1751 2829 duo
1781 2770 1946 2848 adjici
1974 2769 2226 2846 debent,

142 2859 350 2920 scilicet
368 2865 698 2944 Anonymus
719 2878 915 2925 auctor
931 2865 1063 2924 libri
1079 2868 1165 2925 Dc
1183 2867 1651 2944 Rchaptismato,
1669 2865 2027 2945 synchronus
2042 2868 2105 2924 B.
2125 2867 2230 2944 Cy-

144 2955 344 3034 priano
368 2968 424 3040 et
450 2959 504 3016 S.
523 2960 816 3019 Cornelius
844 2965 1014 3042 Papa.
1040 2961 1200 3020 Prior
1225 2962 1376 3019 inter
1393 2971 1579 3018 cetera
1606 2960 1838 3017 scribit:
1869 2965 1987 3018 Per
2012 2981 2230 3017 manus

143 3053 566 3128 impositionem
596 3055 885 3135 Episcopi
921 3057 1107 3114 datur
1151 3059 1479 3133 unicuique
1526 3056 1790 3113 crede-nti
1824 3057 2086 3132 Spiritus
2131 3055 2190 3112 S.
2204 3097 2232 3126 ,

210 3281 275 3343 (Ῑ)
312 3280 425 3345 Cap·
457 3279 520 3330 33
540 3318 553 3345 2
580 3301 626 3332 Π·
653 3301 697 3334 2.
1217 3288 1309 3336 loc.
1342 3288 1529 3335 editoris
1554 3288 1711 3335 adnot.

212 3362 278 3424 (2)
316 3363 426 3427 Cap.
470 3361 529 3423 8,
580 3368 630 3412 in
675 3384 816 3431 quem
851 3369 1006 3419 locum
1052 3372 1136 3421 cfr.
1291 3370 1352 3431 (la)
1390 3369 1460 3417 De
1509 3386 1602 3435 quo
1647 3368 1700 3417 S.
1741 3368 1947 3433 Martyris
1991 3367 2094 3415 loco
2141 3366 2232 3413 cfr

148 3440 211 3490 1⁴³
241 3443 402 3492 Cerda.
1229 3451 1502 3499 Sirmondus
1535 3453 1585 3497 in
1622 3449 1948 3498 Antirrketico
1986 3464 2051 3509 11,
2098 3465 2144 3510 p.
2180 3463 2235 3504 ι,

217 3525 282 3584 (3)
317 3535 547 3592 Τοιγαροῦν
571 3529 694 3590 ἡμεῖς
720 3526 869 3578 τούτου
897 3533 1043 3579 εἵνεκεν
1067 3554 1147 3581 κω
1233 3551 1333 3599 cap.
1355 3531 1383 3580 5
1401 3550 1540 3596 ,opp
1558 3531 1698 3583 Sirm
1717 3542 1924 3589 tom.1v‚
1947 3529 2070 3577 Paris
2096 3524 2234 3593 1696,

148 3602 356 3668 >sonipes-90⁶
386 3609 647 3673 Χριστιόινοι,
670 3606 733 3658 ἔτι
753 3610 984 3676 χρώμεθα
1005 3609 1147 3662 ’ἔλαιον
1300 3613 1370 3677 (5)
1406 3614 1530 3661 Edit.
1565 3614 1714 3661 Maur.
1745 3630 1849 3676 pag.
1888 3611 2000 3658 132.

151 3693 279 3736 Θεοῦ.
303 3689 358 3737 N.
388 3706 442 3737 12
460 3726 477 3752 ‚
500 3692 608 3740 edit.
627 3692 804 3740 Maran.
821 3692 918 3740 Cfr.
954 3697 1003 3740 in
1027 3694 1153 3742 hunc
1301 3695 1364 3758 (6)
1400 3695 1522 3743 lbid.
1558 3713 1659 3759 pag.
1692 3692 1800 3759 147.
