2502 4186
279 220 395 279 246
929 235 1248 274 raacoesrus
1290 237 1359 272 nn
1401 237 1800 276 aucusms‘ns.

282 391 342 441 et
369 378 876 452 commemoratiO,
909 377 1104 436 minus
1124 377 1344 459 quippe
1361 378 1678 460 requiritur
1694 378 1771 438 ad
1784 383 2400 443 commemorationem

288 496 465 557 quam
507 471 584 531 ad
607 473 1191 553 repraesentationem
1218 472 1457 551 alicujus
1485 473 1571 532 rei
1596 472 1706 554 (1).

365 567 508 626 204.
558 565 648 627 Ad
678 566 812 657 Ama
838 566 991 648 Ney.
1030 567 1250 650 Scopus
1279 568 1438 628 enim
1475 568 1736 650 Apostoli
1770 568 1832 627 in
1869 568 2055 629 citatis
2095 571 2285 632 verbis
2314 585 2402 634 est

289 661 599 722 ostendere
651 663 1060 723 necessitatem
1106 663 1465 745 probationis
1486 710 1502 739 ,
1542 686 1719 746 quam
1760 665 2004 748 quisque
2047 668 2404 749 praemittere

287 756 504 833 debet,
541 769 859 840 antequam
890 759 966 819 ad
999 781 1222 839 sacram
1257 760 1504 842 synaxin
1533 760 1803 836 accedat,
1841 783 1964 819 non
1990 772 2190 820 autem
2216 762 2405 822 incul-

289 852 462 912 candi
507 854 816 937 utriusque
853 854 1103 936 symboli
1148 856 1584 938 sumptionem,
1637 865 1703 913 ut
1747 867 1975 916 constat
2019 879 2091 916 ex
2131 858 2408 917 orationis

286 948 475 1024 serie3
509 951 591 1010 ait
629 951 788 1011 enim
815 973 828 1009 ε
863 953 1088 1012 Probet
1113 963 1316 1012 autem
1350 974 1407 1011 se
1443 956 1650 1032 ipsum
1686 951 1854 1010 bomo
1878 996 1896 1026 ,
1942 964 1997 1012 et
2021 958 2108 1013 sic
2142 955 2212 1012 de
2242 976 2409 1038 pane

290 1046 394 1105 illo
425 1048 564 1107 edat
599 1058 656 1106 et
678 1049 750 1107 de
784 1050 966 1108 calice
988 1050 1161 1108 bibat
1194 1048 1310 1128 (2).
1337 1047 1404 1107 Id
1433 1059 1559 1108 est:
1596 1046 1812 1107 Probet
1861 1067 1963 1107 seu
1989 1050 2243 1109 excutiat
2268 1071 2412 1110 con-

294 1141 600 1202 scientiam
625 1164 827 1218 suam·⁹
862 1155 1183 1226 antequam
1208 1143 1285 1203 ad
1319 1143 1739 1203 Eucharistiam
1771 1142 2026 1203 accedat.
2113 1153 2117 1157 ’

372 1236 525 1309 205.
561 1238 652 1300 Ad
682 1237 803 1313 5¹¹²,
842 1241 1000 1299 Dist.
1045 1240 1106 1298 Si
1141 1238 1252 1298 sub
1285 1238 1564 1298 alterutra
1597 1239 1788 1322 specie
1823 1261 1947 1298 non
1981 1237 2220 1299 daretur
2252 1251 2409 1299 totus

297 1348 359 1399 et
384 1339 611 1418 integer
654 1334 917 1395 Christus
937 1380 953 1410 .,
990 1356 1177 1402 conc.,·
1203 1334 1258 1394 si
1289 1344 1448 1393 totus
1481 1334 1655 1394 detur
1675 1381 1692 1411 η
1735 1335 1823 1394 uti
1852 1335 2211 1395 ostendimus
2235 1380 2251 1409 ,
2287 1357 2417 1416 neq.
2480 1342 2483 1344 ’

292 1435 380 1493 Ex
403 1432 496 1491 his
531 1441 846 1514 propterea
884 1429 1151 1512 sequitur
1172 1474 1189 1504 ‚
1235 1428 1513 1490 eumdem
1551 1430 1808 1489 fructum
1831 1476 1847 1506 ,
1896 1430 2103 1490 ceteris
2139 1428 2377 1512 paribus
2398 1474 2415 1505 ‚

293 1528 518 1612 percipi
549 1527 673 1589 sive
701 1516 775 1585 ab
809 1546 878 1586 eo
898 1571 914 1602 .,
945 1525 1047 1608 qui
1073 1547 1255 1584 unam
1275 1571 1291 1601 ,
1324 1526 1447 1587 sive
1472 1524 1546 1584 ab
1578 1547 1678 1601 e0.‚
1705 1527 1807 1608 qui
1827 1538 2138 1608 utramque
2166 1527 2420 1609 speciem

294 1622 508 1683 sumat.
542 1621 776 1682 Falsum
815 1633 1131 1704 propterea
1164 1632 1288 1696 est,
1326 1643 1433 1703 per
1473 1620 1934 1681 subtractionem
1961 1623 2133 1681 unius
2171 1620 2420 1703 symboli

296 1717 592 1779 dimidiari
627 1719 872 1778 Coenam
903 1727 1004 1776 aut
1039 1716 1478 1792 haereditatem,
1522 1728 1591 1776 ut
1622 1717 1942 1780 adversarii
1982 1718 2294 1778 Ecclesiam
2320 1738 2421 1777 ca·-

295 1814 668 1875 lumniantur
697 1813 807 1894 (3).

380 1909 523 1969 206.
571 1907 706 1987 obj.
749 1907 1023 1968 secunda.
1064 1909 1129 1967 10
1156 1910 1358 1967 Patres
1394 1907 1673 1984 tradunt⁷
1716 1931 1788 1968 ex
1812 1908 2103 1968 dominico
2130 1920 2422 1991 praecepto

304 2004 630 2088 quemlibet
654 2005 843 2064 teneri
885 2003 961 2062 ad
990 2003 1178 2062 calicis
1202 2004 1617 2084 sumptionem.
1654 2005 1833 2062 201ta
1871 2006 1929 2063 S.
1967 2004 2286 2086 Cyprianus
2329 2025 2425 2062 eos

303 2100 686 2185 reprehendit
705 2146 721 2175 ‚
749 2099 850 2182 qui
879 2103 951 2159 in
986 2101 1171 2159 calice
1217 2099 1517 2158 dominico
1550 2100 1982 2178 sanctificando
2026 2110 2082 2157 et
2114 2100 2283 2178 plebi
2307 2103 2429 2156 mi-

306 2199 629 2257 m'straudo
677 2219 794 2256 uon
841 2198 947 2255 boc
982 2200 1258 2275 faciunt,
1312 2196 1474 2274 quod
1505 2196 1684 2254 Jesus
1729 2196 1999 2254 Christus
2033 2195 2334 2256 Dominus
2382 2203 2437 2252 et

303 2299 465 2353 Deus
491 2305 682 2352 noster
710 2295 1021 2372 Sacrificii
1049 2293 1236 2371 hujus
1278 2302 1492 2350 auctor
1519 2302 1574 2349 et
1609 2293 1810 2350 doctor
1838 2295 1989 2370 fecit
2011 2302 2065 2351 et
2093 2292 2296 2350 docuit
2315 2289 2430 2370 (4).

308 2389 376 2449 30
402 2393 587 2472 Atque
620 2389 683 2447 in
705 2390 986 2447 Sermone
1021 2390 1090 2447 de
1112 2408 1283 2447 coena
1307 2389 1569 2446 Domini
1593 2413 1611 2446 :
1635 2388 1757 2447 Lea·
1773 2431 1791 2463 ,
1829 2387 2050 2469 inquit,
2072 2406 2240 2446 esum
2273 2387 2432 2444 San-

297 2489 512 2566 quinis
532 2485 816 2566 probibet
831 2528 854 2559 ,
877 2485 939 2545 E
944 2485 1289 2566 vangelium
1313 2487 1640 2564 praecipit,
1669 2493 1744 2542 ut
1770 2484 2027 2543 bibatur
2061 2481 2176 2560 (5).
2213 2477 2430 2539 Similia

378 2832 445 2895 (1)
481 2820 579 2880 cfr.
596 2828 829 2892 Bemnus,
848 2831 940 2879 loc.
960 2832 1040 2880 cit.
1061 2850 1111 2880 n.
1144 2833 1257 2880 131.
1412 2830 1500 2878 sub
1535 2829 1690 2895 specie
1721 2829 1876 2894 panis
1893 2863 1910 2889 ,
1946 2827 2185 2891 reliquam
2212 2825 2301 2874 sub
2329 2842 2434 2892 spe-

376 2913 448 2975 (2)
481 2930 498 2960 1
530 2911 636 2961 Cor.
668 2930 752 2975 xl,
787 2910 872 2962 28.
1411 2913 1485 2960 cie
1510 2913 1651 2972 vini,
1685 2911 1882 2959 seorsim
1908 2911 2042 2958 sumi
2068 2927 2100 2958 a
2125 2909 2268 2958 laicis
2298 2909 2432 2957 arbi-

375 2994 451 3058 (3)
485 2994 708 3061 Apposite
739 2991 950 3044 Becanus
981 2995 1074 3044 loc.
1104 2997 1185 3046 cit.
1206 3013 1255 3042 n.
1276 2994 1327 3056 5,
1410 3003 1620 3043 trantar.
1651 2993 1723 3042 Et
1752 3002 1914 3041 tamen
1940 2994 2133 3058 utrique
2152 3031 2165 3053 ‚
2197 3001 2297 3040 tam
2327 2992 2431 3039 Lu-

319 3077 525 3142 Utrique
545 3114 559 3138 ‚
598 3080 752 3144 inquit
775 3114 792 3139 ,
843 3080 1010 3125 merito
1047 3077 1285 3141 arquendi
1304 3094 1322 3126 .-
1410 3075 1620 3138 tberani,
1640 3093 1786 3141 quam
1803 3075 2107 3134 Calvinistae‚
2118 3083 2431 3141 posteaquam

319 3159 604 3208 Calvinistoe
622 3197 636 3221 ,
667 3162 784 3224 quia
814 3159 1022 3208 Carnem
1044 3168 1089 3207 et
1115 3159 1332 3222 Sanqui-
1412 3176 1511 3207 rem
1546 3161 1704 3224 ipsam
1737 3158 1965 3224 sacrileqe
1998 3158 2333 3223 dissiparunt,
2374 3156 2432 3203 de

314 3257 424 3288 uem
454 3240 640 3289 Christi
666 3241 839 3290 tollunt
860 3260 884 3290 e
913 3240 1261 3301 Sacramento,
1288 3249 1333 3288 et
1412 3241 1524 3289 solis
1554 3240 1778 3307 symbolis
1811 3240 1942 3289 litem
1971 3241 2111 3288 nobis
2139 3239 2428 3297 intendunt,

313 3331 409 3370 tota
440 3322 715 3370 baereditate
738 3324 824 3385 (ut
849 3324 945 3389 ipsi
960 3323 1157 3385 vocant)
1183 3322 1331 3370 dissi·
1404 3323 1610 3388 perinde
1639 3339 1696 3370 ac
1731 3321 1836 3381 illi,
1859 3323 1949 3386 qui
1965 3357 1981 3383 ‚
2010 3321 2256 3385 absumpto
2273 3318 2434 3384 patri-

307 3413 428 3469 pata
445 3438 460 3464 ,
482 3413 666 3469 praeter
687 3405 846 3452 uvidas
875 3404 1089 3462 tabulas,
1111 3403 1243 3452 nibil
1259 3422 1331 3451 re·
1413 3406 1573 3452 monio
1588 3443 1601 3465 ‚
1622 3404 1678 3453 de
1696 3404 1844 3451 nudis
1865 3402 2102 3451 codicillis
2125 3401 2430 3450 altercantur.

312 3486 540 3551 linquunt
563 3486 702 3535 laicis
720 3506 739 3545 ;
761 3486 1038 3535 Lutberani
1052 3525 1066 3549 ‚
1087 3489 1203 3551 quia
1232 3503 1332 3534 nou
1413 3486 1511 3535 Cfr.
1539 3490 1675 3535 etiam
1702 3486 1815 3534 ibid.
1845 3505 1894 3533 n.
1922 3483 1988 3533 68
2011 3521 2024 3546 ,
2052 3494 2097 3533 et
2148 3481 2242 3532 135
2268 3492 2311 3530 et
2333 3499 2430 3547 seq.

311 3570 547 3617 viventem
578 3578 622 3616 et
652 3570 920 3633 inteyrum,
957 3569 1040 3616 sed
1077 3576 1318 3616 mort-aum
1485 3569 1552 3633 (lt)
1589 3568 1758 3634 Epist.
1792 3585 1936 3628 Lxm,
1974 3567 2039 3614 ad
2071 3564 2341 3613 Coecilium.

313 3658 357 3698 et
385 3650 641 3698 dissectum
670 3650 920 3700 Christum
949 3650 1198 3716 leqatariis
1228 3651 1328 3698 dis·
1482 3652 1544 3717 (5)
1567 3651 1624 3699 In
1638 3652 1842 3717 append.
1860 3669 1969 3716 opp.
1986 3647 2188 3714 S.Cypr.
2208 3646 2293 3695 col.
2317 3645 2429 3704 113,

313 3732 564 3794 tribuant,
607 3734 803 3799 ejusque
841 3733 1106 3782 dimidiam
1138 3743 1330 3800 partem
1415 3735 1527 3783 edit.
1558 3734 1714 3784 Maur.
