2502 4186
250 205 400 283 ι440
861 223 1181 264 raam-ssus
1222 226 1293 263 nn
1336 226 1725 268 ronm'rssnrm.

1149 366 1392 425 CAPUT
1435 367 1531 427 lv.

1066 524 1134 560 nu
1176 515 1618 563 SATISFAGTI‘ONE.

368 684 505 753 183.
556 689 844 763 Contritio
871 700 932 751 et
963 689 1259 774 Confessio
1297 689 1612 750 essentiam
1639 690 2002 752 constituunt
2041 693 2400 757 Sacramenti

284 787 689 863 Poenitentiae‚
739 795 800 846 et
838 784 914 844 ad
962 784 1198 867 culpam
1238 796 1299 845 et
1338 806 1584 867 poenam
1626 796 1904 847 aeternam
1949 788 2405 851 condonandam

289 883 599 943 conferunt
627 907 644 956 ς
678 880 1000 941 Satisfactio
1033 879 1294 959 ejusdem
1321 881 1719 960 integritatem
1758 882 2059 943 constituit
2078 929 2096 961 ,
2125 885 2407 946 inservit-

288 973 403 1061 que
424 972 498 1038 ad
525 972 654 1037 eam
674 996 864 1058 poenae
894 975 1234 1059 temporalis
1252 987 1484 1058 partem
1509 977 1926 1037 remittendam
1948 1023 1964 1053 7
1989 1000 2117 1061 quae
2143 980 2408 1062 plerum—

289 1095 404 1157 que
436 1083 702 1133 remanet
727 1084 862 1154 post
898 1073 1340 1132 Sacramentum
1373 1071 1759 1152 persolvenda
1794 1074 2005 1133 sivein
2043 1074 2153 1134 hac
2183 1077 2306 1138 sive
2344 1078 2408 1136 in

289 1169 471 1230 altera
503 1170 643 1230 vita.
674 1170 773 1228 Est
794 1177 991 1228 autem
1017 1167 1338 1227 Satisfactio
1366 1169 1761 1250 compensatio
1793 1169 2019 1247 injuriae
2041 1172 2162 1229 Deo
2196 1173 2411 1233 nostris

292 1264 542 1347 peccatis
569 1263 768 1325 illatae.
802 1266 870 1322 In
896 1263 1061 1322 omni
1101 1261 1389 1344 siquidem
1418 1263 1576 1342 gravi
1608 1271 1842 1345 peccato
1868 1274 2152 1347 tanquam
2182 1267 2412 1346 gemina

292 1360 618 1442 proprietas
645 1359 968 1442 reperitur,
995 1378 1210 1440 nempe
1237 1357 1422 1440 culpae
1456 1368 1514 1418 et
1541 1380 1734 1440 poenae
1775 1370 2009 1420 aeternae
2042 1371 2236 1420 reatus
2257 1405 2273 1436 .,
2309 1361 2411 1443 qui

296 1454 541 1531 tollitur,
558 1455 759 1514 statim
786 1475 853 1514 ac
874 1453 1053 1514 homo
1067 1475 1202 1513 cum
1216 1455 1337 1513 Deo
1357 1453 1683 1538 ingratiam
1706 1453 1860 1514 redit
1880 1499 1896 1530 a
1922 1466 1981 1514 et
2004 1466 2199 1515 reatus
2222 1476 2413 1538 poenae

301 1550 638 1632 temporalis
656 1596 672 1624 ,
707 1550 807 1632 qui
834 1548 1185 1632 plerumque
1203 1561 1470 1608 remanet
1497 1561 1630 1631 post
1664 1548 1861 1609 delicti
1884 1546 2374 1611 condonationem
2394 1597 2411 1628 ‚

302 1656 362 1704 et
376 1666 484 1726 pro
507 1649 668 1723 cujus
685 1646 1014 1727 expiatione
1029 1644 1298 1703 homines
1325 1644 1744 1726 eleemosynas,
1767 1646 2056 1706 orationes
2077 1658 2137 1706 et
2156 1647 2378 1725 jejunia
2397 1691 2414 1722 ‚

234 1808 237 1812 ,
299 1750 368 1798 ut
409 1738 579 1799 docet
616 1739 1026 1799 Tridentinum
1070 1738 1189 1819 (l),
1243 1739 1469 1820 aliaque
1520 1741 1616 1821 pia
1665 1762 1839 1821 opera
1859 1786 1875 1815 ‚
1917 1740 2013 1802 vel
2058 1763 2266 1823 poenas
2299 1741 2418 1804 sive

303 1847 515 1916 sponte
545 1846 839 1917 susceptas
859 1880 875 1910 ‚
902 1835 1022 1895 sive
1037 1835 1330 1917 patienter
1353 1834 1648 1909 tolerataS‚
1677 1835 1799 1898 sive
1822 1859 1853 1895 a
1880 1835 2186 1895 Sacerdote
2204 1836 2413 1914 injun—

302 1943 421 1990 ctas
456 1929 675 1990 debent
713 1934 833 1990 Deo
867 1930 1234 2013 persolvere,
1274 1943 1339 1989 ut
1379 1953 1487 2011 pro
1526 1930 1677 1991 virili
1707 1933 1983 2010 injuriam
2010 1936 2130 1993 Deo
2164 1933 2416 2015 peccatis

305 2026 528 2086 illatam
564 2037 948 2108 compensent
967 2071 983 2102 .‚
1016 2027 1257 2107 ejusque
1281 2027 1525 2105 justitiae
1552 2026 1924 2086 satisfaciant.

390 2122 528 2183 184.
578 2124 973 2182 Protestantes
1026 2143 1267 2182 omnem
1323 2121 1738 2180 Satisfactionis
1782 2125 2189 2183 necessitatem
2240 2122 2403 2186 velut

309 2217 523 2278 Christi
539 2219 691 2278 cruci
705 2220 1045 2297 injuriosam
1059 2218 1362 2297 reJiciunt3
1397 2239 1531 2276 cum
1559 2218 1621 2276 in
1644 2219 1905 2300 ipsorum
1928 2230 2242 2301 systemate
2268 2222 2423 2279 Deus

308 2312 478 2372 nobis
499 2314 752 2395 imputet
776 2313 990 2373 Christi
1015 2315 1257 2390 merita,
1285 2334 1360 2372 ne
1387 2334 1628 2394 poenam
1657 2335 1691 2372 a
1716 2312 1884 2373 nobis
1906 2326 2198 2397 exposcat.
2235 2317 2424 2373 Immo

308 2409 545 2468 unicum
567 2408 725 2467 hunc
748 2430 871 2468 esse
895 2410 1241 2470 meritorum
1262 2408 1478 2468 Christi
1501 2408 1772 2469 effectum
1802 2410 2158 2491 profitentur
2175 2408 2285 2492 (2).
2309 2407 2422 2468 Ad-

314 2525 511 2567 versus
534 2526 710 2587 quem
739 2526 996 2566 errorem
1022 2505 1096 2565 sit
2236 2503 2238 2505 ’

1116 2672 1528 2726 PROPOSITIO
1566 2673 1610 2726 Ῑ.

312 2813 455 2874 Non·
492 2824 611 2874 tota
641 2817 832 2875 simul
854 2837 1044 2896 poma
1076 2837 1218 2875 cum
1243 2818 1425 2896 culpa
1460 2835 1691 2895 semper
1717 2818 2056 2874 remittitur
2078 2836 2119 2873 a
2152 2815 2306 2882 De0‚·
2329 2815 2432 2874 sed

381 2912 782 2990 plerumque,
822 2933 1010 2991 poena
1056 2922 1282 2972 oeterna
1327 2916 1545 2970 virtute
1593 2911 1857 2970 clavium
1907 2912 2149 2971 sublata
2163 2954 2186 2983 ,
2240 2932 2429 2991 poena

394 3008 738 3085 temporalis
781 3018 990 3066 manet
1025 3007 1392 3067 exsolvenda.

293 3210 297 3214 ·
379 3172 533 3241 185.
563 3185 649 3243 De
677 3183 794 3244 fide
820 3194 912 3245 est
934 3184 1057 3245 haec
1080 3183 1432 3266 propositiO,
1446 3188 1614 3263 juxta
1637 3205 1926 3244 canonem
1955 3185 2063 3242 XII
2083 3228 2099 3258 ,
2128 3203 2267 3242 sess,
2299 3183 2429 3241 XIV

385 3372 451 3435 (1)
487 3371 611 3421 Sese.
652 3390 721 3433 vr,
753 3391 855 3439 cap.
889 3371 970 3437 14.
1177 3360 1179 3362 .
1408 3389 1489 3440 per
1519 3376 1865 3424 renovationam
1909 3377 2173 3424 interiorem
2195 3412 2208 3434 ‚
2243 3375 2320 3424 sed
2364 3391 2431 3422 so·

383 3451 453 3519 (2)
493 3453 548 3503 ln
569 3464 700 3503 tract.
728 3454 810 3504 De
830 3454 974 3513 Grat.
999 3494 1014 3518 ‚
1038 3473 1147 3506 cum
1173 3473 1326 3520 agere·
1394 3448 1507 3505 'lum
1540 3460 1626 3523 tegi
1656 3474 1736 3505 seu
1776 3474 1873 3505 non
1898 3459 2119 3523 imputari
2154 3457 2213 3507 ad
2242 3474 2426 3522 poenam

317 3548 423 3584 mus
476 3535 534 3584 de
571 3534 914 3586 Justificatione
946 3571 962 3596 ,
1008 3538 1322 3600 ostendimus,
1411 3556 1570 3587 eorum
1595 3547 1812 3604 peccata,
1844 3541 1906 3588 ita
1926 3540 2129 3605 utculpa
2159 3555 2340 3604 semper
2354 3540 2424 3588 vi-

317 3618 618 3667 Protestantes
637 3621 770 3685 juxta
786 3637 962 3668 novum
976 3637 1114 3668 suum
1129 3629 1329 3686 systema
1411 3631 1512 3687 geat
1540 3624 1590 3670 in
1616 3623 1771 3671 anima
1799 3622 2063 3688 justificati.

312 3700 551 3752 docuisse,
580 3702 795 3751 homines
825 3703 1018 3752 minime
1042 3700 1317 3751 sanctificari
