2502 4186
2068 207 2185 268 393

713 238 836 277 CAP.
884 239 949 278 11.
995 238 1065 276 DE
1106 233 1493 276 colv'rmrlows.

80 382 234 443 dano
262 426 280 456 ,
319 391 421 439 aut
444 381 739 440 serviliter
770 382 1011 451 servili,
1047 400 1242 445 co,nc.‚·
1273 376 1416 437 dum
1444 374 1706 457 loquitur
1739 372 1813 432 de
1847 373 2058 433 timore
2084 393 2189 431 su-

77 475 441 559 pernaturali
467 497 532 535 ac
559 478 917 556 simpliciter
939 479 1148 534 servili
1175 484 1242 533 ut
1263 471 1458 532 medio
1485 470 1560 529 ad
1586 467 1923 548 fugiendam
1950 466 2186 550 culpam

80 581 140 631 et
165 593 408 653 poenam
429 616 447 645 ,
481 593 614 651 neq.
658 570 922 631 Alterum
947 571 1106 630 enim
1137 568 1409 628 timorem
1436 564 1510 625 ab
1535 564 1720 623 altero
1751 565 1807 622 S.
1836 563 2188 643 Augustinus

81 677 281 747 aperte
305 664 605 744 distinguit
623 709 639 739 .,
663 685 737 724 ae¹
757 665 1011 746 priorem
1033 662 1268 745 quidem
1289 706 1306 736 ‚
1330 670 1538 742 utpote
1567 659 1841 718 vitiosum
1864 692 1881 732 ἡ
1906 657 2186 731 damnat3

81 760 466 841 posteriorem
493 779 635 819 vero
664 757 882 840 ubique
906 756 1298 818 commendat.
1334 757 1420 815 En
1451 752 1662 836 quibus
1694 751 1885 812 verbis
1912 752 2188 811 timorem

81 853 452 913 mundanum
487 873 554 912 ac
588 855 884 912 serviliter
919 853 1182 913 servilem
1219 848 1509 910 describat
1545 870 1561 907 :
1610 847 1699 908 Et
1736 849 1889 905 latro
1909 891 1926 922 ‚
1966 846 2192 928 inquit,

82 953 252 1007 timet
273 949 543 1020 malum,
581 958 637 1006 et
661 949 779 1007 ubi
804 968 928 1007 non
958 956 1182 1026 potest,
1221 967 1342 1005 non
1368 948 1527 1025 facit
1538 967 1562 1012 ,·
1597 953 1653 1002 et
1685 953 1886 1002 tamen
1911 942 2063 1000 latro
2089 952 2190 1000 est.

80 1042 244 1103 Deus
272 1046 434 1101 enim
469 1063 571 1102 cor
608 1047 968 1121 interroqat,
1007 1062 1130 1100 non
1164 1061 1444 1099 manum.
1487 1038 1696 1120 Lupus
1729 1040 1892 1096 venit
1932 1037 2019 1095 ad
2049 1037 2195 1095 ovile

83 1140 286 1195 ovium
299 1180 322 1209 ,
359 1141 583 1217 quaerit
613 1136 894 1195 invadere
913 1180 931 1209 ‚
969 1139 1194 1214 quoerit
1208 1136 1512 1215 juyulare
1531 1179 1548 1209 ,
1597 1137 1824 1214 quoerit
1850 1134 2132 1192 devorare
2174 1153 2195 1196 ;

84 1233 344 1312 viyilant
358 1243 659 1312 pastores,
685 1232 916 1289 latrant
937 1250 1114 1290 canes
1141 1251 1164 1298 ,¹
1194 1231 1358 1289 nihil
1374 1239 1596 1310 potest,
1628 1230 1786 1288 nibil
1805 1231 2045 1307 aufert,
2071 1247 2197 1286 non

86 1327 339 1394 occidit‚·
385 1327 491 1387 sed
518 1337 711 1385 tamen
754 1331 937 1405 lupus
981 1330 1175 1400 venit,
1206 1327 1389 1405 lupus
1411 1325 1587 1385 redit.
1626 1323 1998 1403 Numquid,
2040 1325 2194 1403 quia

86 1442 249 1482 ovem
286 1441 405 1480 non
442 1423 614 1492 tulit,
650 1421 780 1480 ideo
814 1421 994 1500 lupus
1026 1423 1222 1491 venit,
1265 1430 1322 1478 et
1352 1424 1476 1478 ovis
1497 1419 1675 1483 *redit
1718 1418 1808 1500 (l)
1833 1417 1862 1477 52
1901 1418 2198 1477 Timorem

82 1537 227 1576 vero
253 1510 759 1597 supernaturalem
782 1535 847 1574 ac
881 1514 1223 1595 simpliciter
1249 1513 1521 1574 servilem
1538 1559 1554 1588 ,
1587 1534 1769 1595 quem
1801 1515 1955 1573 Deus
1978 1531 2199 1595 nempe

87 1612 151 1670 in
182 1611 355 1671 eorde
386 1611 631 1686 excitat,
671 1614 910 1691 ejusque
939 1608 1255 1668 utilitatem
1278 1609 1360 1667 ita
1387 1608 1665 1690 praeclare
1685 1608 2011 1692 proponit:
2047 1609 2201 1688 Quo·

88 1707 298 1778 modo,
332 1710 391 1764 si
419 1706 621 1763 videas
649 1725 817 1762 avem
847 1705 1031 1763 veluti
1039 1707 1187 1781 jam
1216 1704 1425 1761 cadere
1462 1707 1534 1762 in
1563 1705 1976 1783 muscipulam
1993 1745 2018 1776 ,
2036 1704 2202 1783 facis

87 1807 374 1882 majorem
402 1803 753 1880 strepitum,
779 1810 851 1858 ut
868 1800 1013 1858 volet
1031 1799 1101 1857 de
1121 1801 1468 1879 muscipula
1495 1821 1511 1859 ε
1539 1804 1628 1859 sic
1658 1810 1714 1858 et
1736 1809 2036 1879 martyres
2043 1802 2192 1878 jam

76 1901 233 1976 forte
262 1897 464 1974 aliqui
483 1899 756 1974 ipsorum
779 1894 1174 1953 intendebant
1190 1896 1404 1954 collum
1433 1898 1502 1953 in
1528 1895 1901 1955 dulcedinem
1919 1899 2058 1954 vitoe
2079 1895 2200 1953 liu-

65 1995 181 2070 jus
197 2014 216 2057 ‚·
248 1991 552 2050 Dominus
587 1993 702 2069 qui
731 2000 863 2048 erat
895 1992 968 2048 in
1002 1990 1168 2060 illis,
1197 1991 1347 2068 fecit
1384 1994 1704 2070 strepitum
1731 1990 2152 2070 yehennarum
2178 2030 2201 2060 ,

84 2097 142 2145 et
167 2096 379 2145 erutus
405 2095 490 2143 est
512 2105 723 2164 passer
750 2085 821 2142 de
855 2087 1199 2164 muscipula
1229 2089 1649 2144 venantium...
1677 2087 2030 2166 ,Muscipula
2070 2096 2204 2144 erat

87 2180 327 2239 dulcedo
361 2183 496 2238 vitoe
528 2179 714 2258 liujus
733 2178 843 2259 (2).
867 2178 1056 2251 Quare
1083 2199 1202 2237 non
1239 2177 1429 2238 solum
1451 2224 1467 2254 .,
1507 2190 1575 2238 ut
1606 2178 1859 2245 vidimus
1879 2226 1896 2258 .,
1925 2201 2198 2264 expresse

160 2426 221 2491 (1)
247 2425 406 2476 Serm.
440 2441 642 2488 uxvm,
671 2425 736 2476 al.
760 2442 857 2478 xlx.
874 2423 946 2475 De
971 2422 1100 2475 verb.

90 2509 259 2575 Apost.
281 2526 333 2557 n.
370 2524 446 2557 10.

161 2591 223 2654 (2)
259 2589 450 2638 Enarr.
494 2591 551 2638 in
599 2589 688 2638 Ps.
720 2606 891 2650 cxxm,
935 2607 986 2637 n.
1022 2605 1100 2638 12.

97 2673 219 2723 Huic
245 2675 509 2722 testimonio
528 2673 653 2722 aliud
681 2669 876 2738 adjicere
907 2670 1023 2720 libet
1049 2687 1103 2720 ex

98 2756 262 2804 eodem
290 2755 341 2805 S.
368 2754 565 2804 Dat-‚tore
585 2791 598 2815 ‚
634 2755 759 2820 quod
785 2753 921 2819 plane
944 2751 1101 2802 decre·

100 2839 268 2885 torium
299 2847 365 2886 est
384 2837 600 2886 adversus
625 2835 905 2900 Novatore83
929 2838 995 2884 sic
1017 2837 1104 2902 igi-

101 2929 177 2966 tur
193 2920 288 2983 ipse
315 2918 536 2984 loquitur,
556 2916 712 2967 Serm.
731 2935 829 2966 ctxn
846 2954 859 2977 ‚
884 2915 955 2967 De
976 2917 1102 2966 verb.

102 3001 269 3066 Apost.
301 3017 317 3048 ι
351 2999 459 3049 Cor.
492 3010 567 3059 vi,
607 3018 659 3049 n.
682 2999 718 3072 β
764 3017 778 3048 =
820 2998 952 3048 Dico
996 3016 1106 3065 erqo

84 3082 190 3130 ..tibi
216 3101 233 3129 .·
263 3081 466 3129 libidine
493 3098 604 3130 cum
632 3083 784 3130 victus
812 3081 954 3130 habes
989 3098 1104 3130 con-

97 3166 395 3224 sentientem,
418 3180 566 3229 quare
583 3180 681 3211 non
693 3165 948 3211 committis
963 3162 1108 3212 adul·-

96 3248 270 3294 terium
285 3250 310 3294 ?
345 3245 394 3293 E
397 3253 416 3293 t
442 3245 772 3310 respondebis,
813 3245 932 3308 quia
967 3246 1108 3293 timeo

97 3329 390 3394 ychennam„
445 3329 586 3376 timeo
631 3325 925 3392 supplicium
959 3327 1109 3390 iynis

96 3412 265 3460 oeterni
280 3448 293 3470 ‚
319 3411 459 3458 timeo
459 3409 710 3476 judicium
732 3407 943 3470 Christi,
968 3410 1110 3457 timeo

97 3494 364 3542 societatem
382 3489 588 3547 diaboli,
621 3506 683 3538 ne
703 3491 896 3556 puniar
910 3488 971 3537 ab
991 3488 1073 3537 illo
1093 3526 1110 3545 ,

98 3583 274 3622 etcum
305 3572 385 3621 illo
424 3572 637 3621 ardeam.
676 3571 850 3637 Quid?
891 3571 1111 3619 dicturus
1148 3580 1156 3583 ⁷

99 3672 205 3703 sum
219 3674 238 3703 .·
259 3654 380 3703 male
402 3657 539 3703 times
554 3659 578 3702 ?
607 3654 852 3722 Quomodo
867 3655 957 3704 tibi
979 3656 1108 3705 dice·

99 3729 206 3783 bam
256 3737 312 3785 dc
350 3736 622 3786 adversario
645 3775 658 3798 ,
711 3738 829 3801 quia
875 3741 1113 3803 quaercbat

1181 2443 1353 2495 corpus
1381 2436 1520 2477 tuum
1547 2428 1774 2478 occidere.
1803 2427 1894 2478 Ibi
1921 2430 2054 2477 onim
2081 2436 2206 2478 recte

1182 2508 1398 2558 dicebam
1410 2530 1426 2557 .·
1449 2509 1572 2559 male
1589 2512 1726 2559 times
1738 2532 1758 2569 ;
1788 2527 2009 2560 securum
2028 2518 2073 2560 te
2083 2511 2204 2577 fecit

1184 2591 1434 2642 Dominus
1462 2602 1576 2641 tuus
1594 2631 1607 2654 ‚
1632 2592 1797 2641 dicens
1813 2612 1828 2643 .-
1847 2593 2010 2643 Nolite
2032 2595 2202 2643 timere

1183 2692 1258 2724 eos
1275 2714 1288 2737 ,
1330 2677 1417 2742 qui
1440 2691 1610 2743 corpus
1633 2675 1872 2724 occidunt.
1906 2675 2062 2725 Modo
2089 2693 2200 2724 cum

1183 2760 1307 2810 dicis
1341 2760 1470 2810 mihi
1491 2778 1505 2809 ε
1537 2759 1805 2826 qelicnnam
1834 2762 1976 2808 timeo
1994 2798 2007 2820 ‚
2037 2759 2205 2808 ardere

1183 2844 1324 2891 timeo
1338 2877 1353 2903 ,
1374 2843 1431 2889 in
1445 2849 1674 2890 (eternum
1681 2843 1867 2907 punire
1886 2843 2028 2891 timeo
2048 2878 2062 2901 ‚
2085 2840 2206 2906 quid

1184 2922 1405 2972 dicturus
1458 2926 1603 2979 sum?
1652 2923 1789 2972 Male
1830 2924 2009 2972 times?
2057 2922 2203 2971 Vane

1185 3007 1361 3054 times?
1413 3004 1526 3054 Non
1571 3005 1752 3064 audeo,
1813 3004 2202 3070 quandoquidem

1184 3090 1288 3155 ipse
1306 3087 1572 3150 Dominus,
1599 3086 1756 3135 ablato
1772 3089 1941 3136 timore
1958 3123 1972 3146 ‚
2002 3085 2209 3154 subjecit

1185 3174 1444 3232 timorem‚·
1492 3177 1537 3218 et
1572 3171 1645 3218 ait
1667 3206 1681 3228 ,
1723 3169 1813 3217 ubi
1840 3169 1969 3217 dixit
2002 3188 2019 3218 .-
2053 3167 2201 3217 nolite

1187 3257 1352 3303 timere
1386 3270 1462 3302 eos
1482 3291 1496 3313 ‚
1533 3262 1620 3301 etc.
1668 3251 1792 3301 Cum
1818 3268 1927 3317 erqo
1960 3250 2206 3300 Dominus

1186 3338 1402 3386 timorem
1433 3337 1720 3398 incusserit,
1746 3343 1790 3383 et
1805 3333 2103 3383 vehementer
2119 3334 2206 3381 in-

1188 3420 1390 3467 cusserit
1406 3456 1419 3479 ‚
1451 3404 1769 3483 et'repetendo
1794 3417 1988 3466 verbum
2005 3416 2207 3464 commi-

1189 3501 1431 3549 nationem
1468 3501 1787 3565 9eminavcrit
1801 3534 1817 3560 ‚
1867 3498 2087 3546 dictu-rus
2127 3511 2209 3560 eqo

1190 3599 1297 3630 sum
1315 3601 1332 3629 .·
1361 3581 1483 3630 male
1513 3583 1692 3630 times?
1738 3578 1842 3627 Ista
1883 3595 1981 3627 non
2020 3577 2199 3626 dicam.

1194 3663 1352 3713 Plane
1369 3667 1484 3712 time
1499 3700 1515 3726 ,
1550 3662 1682 3711 nihil
1703 3661 1873 3709 melius
1896 3662 2062 3722 times,
2083 3657 2213 3707 nihil

1195 3754 1262 3794 est
1289 3746 1414 3811 quod
1443 3747 1598 3812 maqis
1623 3747 1789 3793 timere
1817 3742 2001 3793 debeas.
