2502 4186
303 236 424 310 286
939 253 1261 294 'raacurus
1304 254 1373 294 mi
1416 253 1813 292 nucnmrs'ru.

304 400 426 460 lam
463 393 759 457 Vincentii
791 392 1114 453 Lirinensis
1148 415 1163 451 τ
1195 394 1360 473 quod
1383 415 1651 474 semper,
1679 395 1843 473 quod
1863 397 2084 475 ubique
2105 442 2123 475 ,
2154 399 2317 478 quod
2348 401 2428 458 ab

305 493 608 556 omnihus.

385 587 527 650 272.
578 588 666 647 Ne
691 584 830 669 quid
857 585 1012 645 desit
1040 583 1117 644 ad
1144 583 1473 645 absolutam
1500 586 1912 668 propositionis
1937 597 2149 647 nostrae
2185 589 2425 650 demon·
2496 629 2502 651 .

305 685 649 746 strationem
665 730 681 759 .‚
715 681 986 746 addimus
1006 727 1022 756 ,
1051 681 1341 741 rationem
1360 681 1554 762 ipsam
1572 681 1955 762 theologicam
1976 682 2038 741 id
2062 684 2423 748 confirmare.

305 781 539 853 Etenim
574 779 930 839 Sacrificium
958 789 1043 836 est
1083 778 1227 840 ritus
1253 823 1268 852 ,
1314 798 1428 858 quo
1471 779 1659 836 Deum
1697 800 2039 860 supremum
2069 800 2265 838 rerum
2296 802 2428 839 om-

304 878 473 936 nium
515 875 834 935 Dominum
872 875 1258 956 profitemur,
1303 894 1367 934 ac
1418 876 1729 954 propterea
1787 885 1876 934 est
1926 886 2086 935 actus
2135 873 2426 955 religionis

308 974 487 1034 totius
509 971 856 1054 praecipuus.
884 970 1057 1043 Hinc,
1078 967 1577 1051 quemadmodum
1598 968 1801 1051 religio
1818 992 2062 1053 quaeque
2077 971 2430 1033 Sacrificium

307 1058 551 1140 habuit
580 1069 660 1129 sic
684 1078 744 1132 et
771 1067 1084 1130 christiana
1114 1088 1287 1151 suum
1307 1065 1521 1130 habeat
1545 1078 1797 1148 oportet.
1834 1067 2205 1148 Presbyteii
2190 1091 2430 1150 lnsuper

306 1176 370 1227 et
404 1164 671 1246 Episcopi
700 1161 775 1223 ab
800 1162 1211 1244 Apostolorum
1234 1148 1402 1221 aetate
1441 1162 1779 1225 Sacerdotes
1822 1173 1880 1221 et
1929 1163 2240 1244 Pontifices
2294 1174 2434 1222 sunt

306 1259 586 1343 appellati
621 1259 740 1340 (l);
784 1270 844 1318 at
891 1259 1051 1319 enim
1082 1262 1251 1336 juxta
1306 1256 1637 1321 doctrinam
1687 1259 1746 1317 S.
1791 1257 1995 1334 Pauli
2048 1258 2194 1323 Heb.
2242 1260 2421 1333 VIII

310 1355 530 1418 habere
569 1352 746 1414 debet
781 1352 1058 1417 Sacerdos
1093 1354 1340 1432 aliquid
1373 1354 1534 1432 quod
1562 1354 1782 1433 offerat.
1825 1353 1984 1418 Nihil
2027 1326 2185 1419 aliud
2232 1365 2430 1414 autem

312 1450 583 1515 catholici
599 1448 941 1532 Sacerdotes
975 1447 1232 1508 offerunt
1273 1470 1451 1529 quam
1498 1450 1596 1508 SS.
1641 1448 2094 1524 Eucharistiam3
2150 1471 2285 1530 ergo
2323 1450 2434 1509 ista

313 1558 400 1626 est
427 1568 635 1608 verum
664 1557 722 1606 et
751 1546 990 1627 proprie
1028 1544 1250 1604 dictum
1278 1545 1648 1609 Sacrificium.
1685 1546 1853 1619 Quod
1886 1547 2081 1626 ,magis
2108 1546 2284 1610 etiam
2309 1567 2436 1605 cer-

311 1655 442 1701 tum
474 1642 540 1700 fit
570 1664 639 1702 ex
682 1652 970 1723 perpetuo
999 1639 1272 1700 altarium
1310 1662 1416 1699 usu
1438 1686 1454 1715 .,
1495 1662 1624 1723 quae
1657 1662 1890 1723 semper
1929 1642 1992 1705 in
2033 1641 2281 1706 Ecclesia
2310 1641 2437 1700 fue-

311 1750 486 1813 runt,
528 1758 773 1821 quaeque
797 1739 922 1819 ipsa
951 1735 1194 1801 Ecclesia
1221 1735 1468 1796 solemni
1501 1738 1618 1801 ritu
1643 1737 1913 1803 dedicare
1937 1739 2256 1802 consuevit.
2286 1737 2438 1798 Sane

311 1837 710 1904 Protestantes
743 1879 760 1910 .‚
804 1833 905 1914 qui
943 1832 1305 1895 sustulerunt
1340 1833 1729 1909 Sacrificium,
1764 1855 1881 1892 una
1919 1854 2055 1892 cum
2076 1834 2203 1914 ipso
2238 1844 2297 1891 et
2333 1835 2440 1892 Sa-

313 1930 560 1990 cerdotis
590 1951 810 1992 nomen
843 1940 903 1989 et
948 1928 1149 1988 altaria
1206 1928 1425 2010 pariter
1461 1926 1845 1989 aboleverunt
1879 1928 1993 2007 (2).
2040 1929 2167 1986 Huc
2198 1927 2439 1987 demum

314 2026 533 2086 accedit
556 2024 932 2090 ineluctabile
957 2035 1374 2104 argumentum
1402 2024 1857 2105 praescriptionis
1877 2070 1892 2098 ,
1920 2045 2035 2104 quo
2062 2025 2129 2086 fit
2147 2071 2162 2100 ᾖ
2189 2034 2256 2081 ut
2277 2023 2440 2099 nulla

317 2133 452 2183 aetas
490 2121 564 2185 ab
595 2121 942 2186 adversariis
975 2119 1255 2202 assignari
1282 2119 1496 2202 possit,
1541 2141 1654 2201 qua
1687 2119 1944 2201 primum
1973 2119 2036 2178 in
2069 2117 2313 2186 Ecclesia
2341 2120 2441 2177 Sa-

314 2219 594 2278 crificium
619 2217 885 2281 oblatum
903 2218 980 2277 sit
1001 2263 1017 2292 ,
1050 2216 1237 2276 donec
1253 2216 1666 2298 perveniamus
1687 2215 1762 2281 ad
1786 2215 2161 2299 apostolicam
2182 2260 2198 2291 ‚
2223 2215 2343 2275 imo
2367 2215 2443 2276 ad

317 2314 537 2374 Christi
560 2316 739 2398 ipsius
764 2315 1194 2374 institutionem
1217 2312 1328 2395 (3).

1143 2450 1630 2497 D1FFICULTATES.

396 2563 536 2623 273.
581 2562 713 2645 obj.
759 2564 821 2622 1ο
857 2565 1057 2623 Patres
1092 2585 1214 2622 non
1248 2562 1420 2622 aliam
1445 2562 1794 2645 plerumque
1821 2562 1883 2621 in
1909 2561 2259 2620 Eucharistia
2288 2561 2444 2620 obla-

323 2660 545 2720 tionem
579 2643 868 2740 agnovere
923 2681 1100 2740 quam
1153 2659 1688 2742 repraesentativam
1736 2666 1914 2739 atque
1970 2658 2442 2716 commemorati-

320 2777 459 2819 vam
493 2756 764 2822 Sacrificii
804 2755 987 2817 crucis
1010 2800 1026 2829 ,
1069 2756 1139 2813 2⁰
1180 2754 1340 2837 quod
1384 2754 1624 2813 unicum
1664 2764 1723 2812 et
1754 2752 2043 2832 singulare
2068 2755 2244 2812 Novae
2283 2753 2444 2832 Legis

259 2903 261 2907 ,
321 2851 675 2915 Sacrificium
706 2861 1042 2916 constanter
1060 2849 1382 2933 appellant.
1412 2849 1478 2909 30
1503 2847 1694 2908 Sicubi
1717 2870 1854 2909 vero
1891 2847 2310 2907 Eucharistiam
2337 2849 2445 2907 Sa-

322 3014 693 3067 Dissertazione
737 3013 855 3063 sullo
892 3022 1012 3063 stato
1046 3013 1223 3063 actuale
1268 3012 1346 3062 del
1429 3013 1589 3066 scribit
1609 3030 1623 3061 ε
1646 3013 1874 3062 ,Μεηεαηι
1888 3013 2027 3062 nobis
2041 3012 2172 3061 dedit
2186 3013 2445 3078 (Christus),

323 3097 751 3153 Protestantesimo
767 3097 821 3144 in
844 3095 1139 3161 Inqhilterra
1159 3134 1173 3158 ‚
1196 3095 1344 3147 Roma
1428 3096 1487 3142 in
1518 3111 1615 3160 qua
1646 3094 1897 3160 epulemur
1918 3132 1932 3156 ‚
1973 3110 2073 3143 ‘non
2104 3095 2254 3142 altare
2269 3134 2286 3155 ,
2306 3112 2449 3160 super

331 3176 455 3242 1837
479 3203 493 3239 ·‚
525 3197 630 3243 pag.
670 3176 749 3229 18.
1430 3178 1555 3243 quod
1577 3178 1804 3244 offeratur
1830 3178 2030 3227 victima
2046 3215 2058 3237 ‚
2077 3194 2173 3225 non
2189 3177 2450 3227 sacerdotes

397 3259 461 3324 (l)
498 3259 599 3314 Cfr.
620 3259 838 3311 Bellarm.
862 3258 943 3308 De
955 3258 1173 3308 Euchar.
1191 3259 1278 3307 lib.
1296 3278 1342 3320 v,
1430 3261 1754 3320 consecravit,
1780 3261 1868 3324 qui
1889 3258 2156 3316 immolent,
2177 3260 2259 3307 sed
2276 3261 2448 3311 minis-

326 3360 430 3409 cap.
471 3357 550 3408 17.
583 3341 683 3390 Cfr.
716 3344 855 3393 etiam
873 3341 1126 3390 Cotelerius
1142 3378 1155 3398 ‚
1196 3344 1344 3391 Patr.
1432 3351 1527 3390 tros
1541 3381 1558 3403 ,
1581 3343 1668 3406 qui
1682 3358 1876 3389 sacrum
1897 3341 2094 3408 epulum
2112 3342 2427 3390 distribuant.

326 3423 502 3491 Apost.
528 3433 645 3472 tom.
674 3440 723 3482 1,
743 3426 794 3472 in
827 3434 1038 3472 annotat.
1066 3425 1115 3470 in
1143 3425 1346 3488 priorem
1503 3423 1572 3488 (3)
1591 3424 1918 3489 Wegscheider
1935 3422 2157 3490 fatetur‚S
2178 3425 2297 3488 174,
2323 3424 2449 3488 quod

327 3505 380 3558 S.
397 3507 651 3561 Clementis
669 3501 837 3572 Epist.
853 3505 919 3554 ad
939 3504 1163 3554 Corinth.
1183 3524 1234 3554 n.
1258 3503 1344 3570 4ο.
1431 3505 1566 3554 Satis
1593 3514 1778 3553 mature
1795 3569 1797 3571 Ι
1800 3507 1916 3571 jam
1945 3502 2197 3569 Sacrificii
2229 3506 2360 3552 notio
2385 3505 2451 3552 ad

401 3589 466 3654 (2)
504 3587 626 3637 Sane
653 3587 917 3647 calmas,
962 3584 1128 3637 Instit.
1156 3587 1240 3636 lib.
1278 3605 1345 3649 iv,
1433 3604 1617 3638 coenam
1645 3603 1834 3635 sacram
1865 3589 2002 3636 vario
2044 3586 2180 3635 modo
2209 3585 2450 3651 applicata

329 3639 356 3735 S
388 3686 478 3730 ια,
514 3671 709 3737 loquens
731 3670 788 3721 de
813 3670 1076 3719 differentia
1105 3673 1227 3717 inter
1258 3670 1349 3718 Eu·
1433 3679 1502 3718 est
1524 3707 1537 3731 ,
1566 3687 1621 3717 ac
1646 3672 1762 3718 citat
1783 3669 1809 3718 J
1817 3672 2020 3719 ustinum
2043 3706 2057 3730 ‚
2088 3668 2312 3718 Irenaeum
2329 3705 2343 3729 ‚
2363 3668 2450 3733 Cy-

329 3751 589 3808 charistiam
603 3763 648 3804 et
656 3749 939 3809 Sacrificium
954 3753 1137 3818 proprie
1148 3752 1347 3814 dietum,
1435 3755 1652 3817 priunum
1673 3788 1688 3814 ‚
1729 3762 1819 3806 ete.
