2502 4186
431 250 434 252 Δ
490 231 641 269 -cu,
690 233 755 268 11.
803 233 870 269 nn
913 232 1376 271 comuaunloms
1419 231 1713 271 inlusum.-
2032 211 2145 270 113

173 371 271 428 49.
318 369 610 449 Colligitur
651 371 743 446 30,
786 375 1031 451 graviter
1068 374 1282 453 pariter
1309 366 1528 432 'errasse
1565 371 1853 431 Morinum
1880 416 1896 445 ,
1938 372 2148 431 Lucam

95 461 456 521 Holstenium
478 475 536 522 et
563 466 930 524 Sirmondum
950 510 966 540 .,
992 466 1131 524 dum
1157 476 1528 524 autumarunt
1545 510 1563 538 ,
1596 464 1732 523 olim
1761 464 1832 523 ab
1866 465 2152 548 Episcopis

98 555 293 613 datam
330 556 498 614 fuisse
533 557 627 615 vel
670 559 804 638 ipsis
841 558 1094 616 Diaconis
1139 558 1468 616 facultatem
1498 558 2008 618 Confirmationem
2047 558 2152 618 ad-

99 649 484 707 ministrandi.
533 651 776 708 Unicum
824 652 1078 731 ipsorum
1126 650 1566 708 fundamentum
1622 652 1683 708 in
1732 650 1919 710 verbis
1980 654 2157 717 Inno-

101 742 272 800 centii
301 743 325 799 I
355 743 604 821 positum
630 754 716 800 est
735 789 750 816 ,
791 743 1084 803 scribentis
1112 742 1184 800 ad
1216 745 1552 802 Decentium
1587 766 1601 801 :
1638 750 1720 801 De
1745 746 1834 802 his
1855 767 1984 803 vero
2010 748 2160 825 hap-

103 839 330 907 tizatiS,
411 840 522 912 qui
583 847 784 914 postea
841 859 879 894 a
927 838 1241 907 doemom‘O,
1314 842 1454 895 vitio
1509 839 1710 915 aliquo
1770 849 1881 895 aut
1927 849 2163 916 peccato

105 931 522 986 interveniente
542 972 557 1002 ,
595 934 1015 1008 arripiuntur,
1035 939 1117 986 est
1147 930 1396 986 sollicita
1422 932 1649 988 dilectio
1683 941 1789 988 tua
1809 974 1830 1002 ,
1857 936 1915 988 si
1931 953 1969 988 a
1995 933 2164 991 Pres-

108 1022 298 1098 bytero
337 1022 423 1078 vel
455 1023 718 1080 Diacono
744 1026 972 1100 possint
993 1032 1100 1079 aut
1132 1022 1379 1079 debeant
1415 1027 1772 1102 consiqnari.
1810 1024 1980 1102 Quod
2015 1024 2117 1083 hoc
2141 1067 2166 1096 ,

107 1118 225 1170 m'sz
240 1111 571 1192 Episcopus
578 1117 927 1193 pr‘oeceperit
939 1155 959 1183 ,
977 1134 1096 1171 non
1119 1115 1265 1171 licet.
1291 1112 1363 1173 Ν
1357 1120 1554 1174 ameis
1575 1137 1789 1175 ‘manus
1810 1117 2168 1194 imponenda

113 1211 352 1264 omnino
371 1228 488 1264 non
507 1217 616 1281 est,
636 1198 758 1263 m'si
774 1206 1104 1284 Episcopus
1128 1213 1534 1267 auctoritatem
1551 1210 1776 1268 dederit
1786 1211 1855 1267 id
1873 1211 2174 1287 efficiendi3

113 1312 185 1359 ut
217 1312 414 1367 autem
437 1303 582 1379 fiat,
619 1289 906 1379 Episcopi
931 1313 1011 1359 est
1036 1305 1364 1379 imperare,
1389 1314 1460 1360 ut
1477 1325 1695 1366 manus
1722 1309 1777 1362 ei
1801 1307 1887 1362 vel
1919 1327 1958 1363 a
1994 1306 2174 1364 Pres-

118 1397 313 1474 bytero
367 1398 456 1454 vel
475 1417 512 1452 a
541 1399 740 1453 ceteris
780 1397 1007 1453 clericis
1043 1400 1392 1473 imponatur
1414 1397 1521 1476 (l).
1569 1399 1700 1455 Jam
1736 1419 1908 1473 ver0,
1947 1409 2011 1457 ut
2044 1399 2172 1457 ani-

114 1489 424 1549 madvertit
457 1489 706 1546 Moretus
738 1489 943 1547 Morini
980 1489 1199 1560 editor,
1240 1500 1298 1547 et
1333 1487 1592 1568 pluribus
1630 1491 1932 1548 confirmat
1973 1494 2173 1550 Petrus

114 1583 387 1641 Coustant
411 1580 486 1639 ad
510 1581 603 1639 cit.
631 1581 797 1662 epist.
817 1625 831 1653 ,
859 1581 1049 1640 nullus
1069 1592 1154 1640 est
1183 1581 1276 1640 hic
1297 1603 1484 1640 sermo
1519 1583 1590 1641 de
1620 1583 1986 1658 Sacramento
2027 1585 2172 1642 Con-

110 1675 446 1733 firmationis
467 1719 481 1747 ,
512 1673 668 1755 quod
681 1686 828 1732 tunc
839 1676 1112 1755 temporis
1133 1697 1247 1733 una
1273 1696 1404 1733 cum
1431 1678 1720 1756 Baptismo
1744 1688 1802 1736 et
1826 1677 2176 1735 Eucharistia

111 1769 526 1830 conferebatur.
564 1769 720 1829 Adde
740 1815 755 1843 ,
792 1771 964 1828 nimis
993 1769 1237 1851 probare
1264 1770 1493 1830 laudata
1518 1771 1692 1832 verba
1712 1817 1728 1848 ,
1771 1794 1933 1854 posse
1961 1794 2175 1854 nempe

117 1865 456 1946 Episcopum
491 1863 704 1949 clericis
735 1863 1001 1922 omnibus
1040 1865 1360 1946 promiscue
1394 1865 1725 1924 facultatem
1757 1867 2178 1925 communicare

111 1958 551 2025 administrandi
590 1958 1129 2032 Confirmationem,
1170 1958 1324 2040 quod
1357 1980 1530 2018 nemo
1575 1959 1812 2034 dixerit,
1858 1962 2179 2042 praesertim

113 2073 243 2111 cum
268 2051 505 2111 Ecclesia
529 2054 781 2111 Romana
813 2073 960 2131 aegre
989 2073 1214 2133 semper
1252 2055 1591 2113 concesserit
1618 2053 1711 2114 vel
1754 2055 1888 2135 ipsis
1934 2053 2179 2135 Presby-

116 2146 254 2203 teris
285 2145 435 2203 hanc
467 2145 846 2204 confirmandi
885 2145 1214 2204 facultatem
1246 2190 1262 2219 ,
1290 2157 1355 2204 ut
1387 2158 1548 2226 patet
1588 2169 1658 2207 ex
1698 2148 1792 2206 cit.
1843 2149 1898 2209 S.
1923 2148 2178 2227 Gregorii

121 2239 393 2315 M.Epz'st.
411 2240 493 2295 ad
502 2239 867 2317 Episcopum
887 2239 1324 2298 Calaritanum.
1336 2228 1531 2319 Agitur
1546 2242 1736 2322 itaque
1752 2243 1814 2300 in
1830 2241 2068 2323 epistola
2084 2243 2177 2300 cit.

127 2330 198 2389 de
221 2334 334 2389 ritu
360 2331 644 2412 Episcopis
660 2342 948 2392 reservato
970 2353 1173 2389 manus
1194 2333 1530 2413 imponendi
1544 2334 1715 2413 super
1737 2355 2174 2416 energumenos,

198 2423 297 2482 50.
343 2425 442 2482 His
485 2423 823 2504 praelibatis,
865 2429 989 2501 jam
1032 2424 1347 2484 accedimus
1383 2426 1457 2484 ad
1490 2427 1883 2486 definitionem
1942 2427 2177 2486 Concilii

119 2517 435 2578 Tridentini
456 2517 948 2600 propugnandam,
974 2530 1146 2599 prout
1159 2524 1331 2597 jacet.
1349 2521 1478 2579 Dixi
1493 2533 1680 2600 prout
1687 2527 1873 2599 jacet,
1899 2543 2030 2583 cum
2057 2522 2176 2580 Tri-

119 2748 266 2807 tiam,
299 2763 443 2811 quam
476 2746 688 2813 plerique
717 2754 976 2811 sequuntur
999 2782 1011 2806 ,
1053 2746 1108 2793 de
1190 2746 1282 2796 est,
1324 2753 1418 2802 qua·
1454 2737 1616 2786 docent
1644 2755 1722 2802 per
1759 2738 2060 2787 characterem
2107 2756 2181 2786 sa-

123 2829 264 2874 irrita
285 2827 648 2891 Confirmatione
665 2862 680 2889 ,
702 2844 843 2891 quam
858 2827 1112 2890 Presbyter
1191 2819 1462 2867 cei-dotalem
1492 2819 1774 2883 presbyteros
1803 2819 2009 2867 obtinere
2032 2829 2178 2883 potes-

124 2908 330 2970 conferat
368 2910 471 2956 sine
518 2907 738 2956 Ecclesiae
777 2915 861 2955 aut
906 2907 1113 2954 Romani
1191 2910 1329 2948 tatem
1347 2901 1618 2959 radicalem,
1641 2912 1691 2948 ut
1705 2910 1866 2949 vocant
1885 2938 1898 2959 ,
1930 2911 1974 2948 et
1998 2900 2178 2949 inchoa·

126 2985 374 3050 Pontifici-5
416 2989 554 3035 venia
570 3005 591 3049 ,-
645 2989 848 3054 dumque
880 2989 1113 3052 profitetur
1193 2991 1286 3029 tam
1312 2982 1370 3028 ad
1394 2982 1600 3045 quaedam
1629 2984 1785 3030 munia
1823 2981 2032 3030 obeunda
2060 2985 2178 3030 circa

125 3083 170 3116 se
213 3085 308 3115 non
354 3071 563 3133 assequi,
610 3086 702 3133 quo
753 3078 884 3132 pacto
938 3070 1113 3116 irritum
1197 3079 1357 3126 corpus
1373 3062 1536 3109 Christi
1562 3064 1832 3126 mysticum,
1858 3064 2179 3126 perficiendam

128 3150 286 3197 evadat
318 3148 657 3196 Sacramentum
695 3158 872 3213 propter
908 3151 1118 3199 omissam
1198 3142 1255 3190 ab
1279 3160 1355 3201 eo,
1380 3145 1459 3207 qui
1485 3142 1563 3190 tali
1587 3143 1748 3190 fruitur
1775 3145 1825 3190 in
1853 3143 2050 3191 Ecclesia
2076 3161 2184 3192 auc-

128 3245 255 3287 rem,
292 3244 394 3293 quae
426 3244 479 3275 ex
528 3228 680 3274 divina
717 3229 994 3275 institutione
1024 3245 1120 3275 non
1199 3225 1403 3282 toritate,
1444 3241 1466 3269 a
1511 3240 1604 3288 quo
1645 3223 1812 3270 scilicet
1855 3224 2179 3288 delegationem

128 3311 183 3357 sit
227 3311 412 3356 omnino
457 3306 744 3368 essentialis,
788 3325 930 3372 quum
964 3307 1120 3356 Sacra·
1199 3303 1460 3353 Sacerdotes
1490 3305 1717 3367 accipiunt
1745 3304 1800 3351 a‘d
1823 3321 1875 3352 ea
1899 3304 2044 3352 officia
2074 3320 2183 3369 prae-

129 3399 388 3437 mentorum
417 3389 604 3436 essentia
631 3405 657 3434 a
686 3388 778 3434 solo
807 3388 958 3437 divino
995 3406 1104 3436 auc·
1187 3385 1358 3444 stands,
1375 3401 1474 3450 quae
1488 3387 1530 3433 vi
1544 3386 1681 3432 solius
1694 3385 1956 3433 characteris
1974 3395 2183 3450 praestare

127 3479 222 3518 tore
260 3471 464 3534 pendeat.
512 3469 581 3516 At.
607 3467 822 3531 Theologi
870 3469 1110 3532 multiplici
1188 3484 1283 3514 non
1322 3476 1518 3530 possent,
1572 3465 1668 3514 Cfr.
1713 3465 1926 3515 Bellarm.
1974 3467 2058 3515 lib.
2100 3465 2180 3514 De

129 3553 300 3599 ratione
317 3568 362 3599 se
378 3550 435 3598 ab
457 3550 543 3597 hac
563 3548 827 3596 difficultate
845 3549 1109 3612 expediunt.
1197 3547 1422 3610 Confirm.
1459 3564 1556 3611 cap.
1605 3547 1661 3594 13
1682 3582 1696 3607 ,
1728 3564 1781 3595 n.
1819 3563 1893 3611 17.

129 3630 295 3679 Ceteris
332 3648 464 3695 porro
498 3631 697 3690 omissis,
736 3631 1024 3677 communior
1061 3645 1112 3678 ea
1244 3628 1326 3691 „(1)
1365 3627 1472 3694 Cap.
1509 3628 1574 3689 6,
1612 3645 1661 3675 n.
1691 3622 1767 3692 9(

205 3724 270 3780 T.
322 3724 416 3782 vl.
1914 3717 1950 3775 8
