2502 4186
285 193 404 254 438
913 208 1234 248 rammi-us
1277 211 1344 247 nn
1388 210 1775 250 romu-euru.

286 379 441 418 num
475 358 678 415 lumen
706 354 795 413 ad
828 375 928 412 eas
963 358 1079 414 rite
1111 353 1541 433 dzjqnoacendas
1554 397 1579 426 ,
1625 364 1681 413 et
1713 355 1955 415 uberem
2001 364 2274 437 qratiam
2319 361 2406 420 ad

286 451 707 533 reparandum
734 450 1036 523 damnum
1062 450 1143 507 ah
1177 451 1304 508 illis
1330 451 1573 508 illatum
1610 448 1721 530 (1).

369 545 508 605 178.
560 543 674 604 Sed
697 554 977 626 praeterea
1003 565 1173 602 usum
1199 543 1518 604 confitendi
1535 555 1772 626 peccata
1806 546 2054 607 venialia
2082 549 2402 631 antiquitus

286 641 608 704 obtinuisse
657 649 903 700 constat.
953 639 1185 699 Etenim
1229 638 1656 714 Ter·tullianu8‚
1695 641 1758 699 in
1799 639 2035 703 lib.-De
2053 645 2363 723 pudicitia
2379 690 2404 720 ,

283 758 463 821 quem
475 740 606 815 jam
641 734 995 796 Montanista
1014 735 1406 816 conscripsit,
1435 734 1592 794 inter
1613 746 1846 817 peccata
1879 737 2276 815 remissibilia,
2307 761 2409 799 seu

283 853 415 916 quae
453 832 672 896 virtute
709 829 966 906 clavium
1007 829 1229 890 remitti
1258 840 1517 911 sspossunt
1543 874 1559 904 ,
1597 830 1849 912 plurima
1893 843 2127 913 peccata
2158 833 2410 894 venialia

281 938 545 991 recenset
565 927 686 1007 (2).
716 927 783 986 S.
811 923 1291 1008 CyprianuS„lib.
1321 926 1412 986 De
1435 927 1656 1004 lapsis,
1678 925 2054 987 defidelibus
2087 930 2270 990 aetatis
2292 950 2414 990 suae

283 1021 484 1085 scribit
519 1044 534 1082 z
569 1021 762 1101 Apud
793 1021 1133 1082 Sacerdotes
1171 1021 1293 1081 Dei
1313 1021 1576 1079 dolenter
1608 1023 2056 1102 &simpliciter
2081 1025 2415 1103 confitentes

275 1120 716 1198 exomoloqesz‘m
735 1120 1110 1177 conscientiae
1124 1118 1412 1196 faciunt,
1442 1120 1650 1176 animi
1673 1123 1777 1176 eze-i
1790 1119 2037 1198 pondus
2066 1130 2376 1198 exponunt
2393 1165 2410 1195 .,

283 1215 616 1274 salutarem
669 1213 959 1275 medelam
979 1217 1197 1291 parvis
1233 1213 1369 1272 licet
1426 1223 1484 1270 et
1519 1213 1773 1272 modieis
1811 1215 2172 1274 vulneribus
2198 1220 2419 1294 exqui-

283 1319 437 1368 runt
458 1307 567 1388 (3).
603 1310 659 1368 S.
687 1308 928 1368 Basilius
960 1305 1112 1368 hanc
1144 1308 1376 1390 praxim
1411 1307 1571 1390 apud
1597 1308 2068 1370 sanctimoniales
2093 1308 2413 1370 obtinuisse

281 1415 533 1464 testatur
569 1404 681 1486 (4).
730 1407 789 1464 S.
827 1404 1235 1484 Augustinus-2
1269 1405 1517 1484 Semper
1547 1405 1817 1482 confitere
1836 1451 1859 1481 ,.,
1907 1405 2103 1488 inquit
2121 1431 2147 1480 7·
2179 1426 2414 1486 semper

283 1500 463 1561 habea
476 1543 498 1573 ,
523 1501 687 1581 quod
707 1500 1080 1579 confitearis.
1101 1501 1462 1579 Dtffieileest
1488 1504 1556 1559 in
1585 1501 1700 1560 hac
1727 1506 1888 1573 vita,
1912 1513 1995 1560 ut
2029 1505 2122 1561 sie
2145 1512 2419 1560 mutetur

282 1596 451 1656 homo
463 1639 485 1667 ,
521 1606 595 1655 ut
625 1597 785 1657 nihil
816 1600 1270 1655 inveniaturin
1305 1617 1368 1655 eo
1380 1638 1404 1668 ,
1440 1597 1605 1675 quod
1637 1598 2117 1677 reprehendatur
2147 1595 2258 1676 (5).
2291 1598 2417 1656 Ma-

283 1689 562 1755 billonius
591 1735 608 1766 7
646 1692 709 1750 in
755 1692 952 1771 Proef.
991 1692 1080 1750 ad
1117 1691 1272 1751 Acta
1299 1694 1507 1752 Samot.
1530 1693 2068 1753 Benedietz'norum
2095 1693 2173 1751 111
2196 1691 2410 1763 seculi,

287 1785 545 1851 ostendit
563 1832 579 1862 ,
613 1786 752 1846 olim
781 1787 938 1850 viros
962 1786 1365 1869 :piossingulis
1384 1785 1589 1847 diebus
1616 1798 1719 1846 aut
1743 1787 1991 1870 singulis
2014 1787 2224 1847 saltem
2256 1785 2417 1847 heb-

287 1880 551 1940 domadis
598 1883 863 1942 confiteri
904 1882 1104 1942 solitos
1131 1881 1305 1941 fuisse
1340 1913 1379 1957 ,·
1412 1881 1588 1963 idque
1628 1881 1990 1942 ordinarium
2031 1880 2414 1963 fuissevapud

288 1975 633 2051 monaclloS‚
660 1975 850 2035 allatis
873 1976 1246 2036 diversorum
1264 1975 1541 2035 ordinum
1573 1978 1805 2036 statutis
1826 2022 1843 2052 .,
1875 1978 2113 2037 evincit.
2136 1976 2419 2037 Ostendit

286 2073 563 2153 insuper,
602 2082 663 2130 et
710 2071 870 2153 apud
904 2070 1080 2132 laicos
1106 2070 1384 2132 'eamdem
1412 2069 1898 2132 consuetudinem
1926 2073 2174 2153 viguisse
2194 2098 2210 2147 ς
2232 2073 2420 2132 ainter

285 2177 474 2227 cetera
509 2166 779 2249 exempla
825 2166 994 2226 affert
1038 2166 1205 2247 illud
1229 2169 1288 2226 S.
1326 2165 1620 2246 Segolenae
1641 2212 1656 2242 .,
1687 2189 1818 2249 quae
1842 2167 2000 2249 apud
2045 2166 2420 2228 Sacerdotem

287 2261 640 2322 monachum
674 2284 876 2343 parva
927 2267 1305 2342 minimaque
1323 2274 1620 2342 peccata,
1677 2268 1808 2323 sine
1853 2265 2089 2344 quibus·
2123 2286 2239 2324 esse
2300 2285 2420 2323 non

272 2381 639 2440 possumne,
697 2382 840 2420 eum
868 2365 1090 2440 qravz'a
1128 2361 1419 2431 deessent,
1478 2381 1618 2422 eum
1664 2362 1956 2440 lacrymis
1996 2363 2266 2440 confessa
2311 2371 2413 2420 eet.

289 2455 382 2514 Sic
409 2455 568 2537 apud
593 2458 925 2536 Drogonem
950 2456 1284 2537 episcopum
1305 2442 1665 2514 Meldensem
1688 2455 1871 2536 ipsius
1892 2455 2133 2515 fratrem
2160 2453 2419 2536 quotidie

286 2549 674 2610 confitebatur
702 2553 1026 2633 Imperator
1049 2549 1371 2611 Ludovicus
1400 2552 1552 2609 Pius.
1580 2549 1904 2632 Alia-plura
1935 2550 2107 2628 hujus
2147 2548 2420 2608 ususdo-

285 2657 557 2707 cumenta
582 2669 654 2707 ex
677 2648 1023 2730 antiquitate
1065 2647 1379 2728 proferunt
1414 2647 1674 2705 Morinus
1710 2645 1799 2726 (6)
1821 2690 1837 2720 ‚
1882 2644 2276 2704 Renaudotius
2308 2645 2420 2725 (7),

285 2741 606 2802 Martenius
645 2744 734 2825 (8)
755 2790 771 2820 ,
815 2743 1185 2803 Chardonius
1222 2742 1338 2822 (9),
1374 2742 1456 2800 ita
1493 2753 1563 2800 ut
1583 2762 1818 2800 necesse
1852 2763 1974 2800 non
2017 2740 2094 2799 sit
2121 2761 2186 2799 ea
2215 2740 2420 2821 singil-

282 2834 451 2894 latim
482 2840 788 2920 persequi:
819 2860 889 2898 ex
915 2838 1125 2921 quibus
1147 2837 1474 2897 luculenter
1495 2846 1752 2911 constat,
1778 2848 1907 2894 tum
1936 2836 2002 2893 in
2033 2834 2281 2894 Ecclesia
2309 2838 2419 2894 La-

278 2930 406 2990 tina
434 2976 452 3007 ,
492 2943 622 2992 tum
650 2934 712 2992 in
750 2934 996 2994 Ecclesia
1032 2954 1246 3015 graeca,
1283 2953 1348 2992 ac
1383 2931 1625 3012 reliquis.
1666 2929 2047 2990 orientalibus
2087 2930 2416 2989 christianis

282 3029 650 3090 societatibus
695 3030 965 3092 eamdem
998 3032 1229 3112 praxim
1271 3028 1661 3089 communiter
1693 3029 1867 3087 fuisse
1903 3039 2217 3109 receptam.
2245 3029 2413 3109 Ergo.

348 3220 410 3283 (1)
448 3219 574 3278 Part,
604 3238 638 3269 n
658 3259 672 3282 ‚
713 3239 814 3287 cap.
861 3238 940 3289 19.
1471 3221 1536 3286 (6)
1572 3219 1644 3270 De
1661 3220 1845 3268 Poenit.
1872 3220 1958 3269 lib.
1982 3239 2025 3282 v,
2043 3236 2145 3285 cap.
2166 3216 2253 3279 3,5
2274 3229 2318 3268 et
2335 3220 2419 3267 32.

348 3302 410 3363 (2)
447 3302 564 3366 Cap.
605 3319 665 3368 19
685 3336 703 3364 ‚
739 3304 851 3353 edit.
881 3303 1084 3368 Rigaltii.
1474 3305 1536 3368 (7)
1564 3303 1757 3368 Perpet.
1774 3302 1832 3350 de
1848 3302 1997 3366 lafoi,
2017 3312 2135 3350 tom.
2158 3320 2206 3359 v,
2223 3302 2307 3350 liv.
2326 3319 2381 3349 m
2401 3337 2414 3360 ‚

345 3383 416 3446 (3)
454 3383 567 3447 Pag.
601 3399 714 3450 190,
735 3386 841 3434 edit.
864 3386 1065 3434 Maurin.
1403 3390 1481 3442 ch.
1517 3387 1569 3436 6.

344 3465 413 3530 (k)
440 3465 637 3533 Requlae
650 3468 841 3516 brevius
854 3467 1320 3531 tractatoe,1nterrog,
1478 3470 1543 3535 (8)
1581 3469 1651 3520 De
1677 3471 1832 3534 antiq.
1863 3466 2052 3517 Eccles.
2093 3467 2226 3516 ritib.
2252 3465 2334 3513 lib.
2369 3482 2416 3526 1,

285 3566 333 3596 1v
352 3585 365 3607 ,
388 3565 498 3614 opp.
533 3560 649 3598 tom.
680 3566 713 3597 u
739 3587 752 3610 ‚
782 3566 886 3614 pag.
910 3547 1031 3612 415,
1062 3548 1175 3598 edit.
1202 3547 1315 3596 Gar·
1402 3563 1518 3618 part,
1542 3567 1582 3600 11
1602 3590 1615 3612 ‚
1654 3569 1758 3617 cap.
1796 3549 1847 3610 5,
1881 3560 1968 3599 art.
2001 3548 2052 3598 5.

284 3633 437 3680 nierii.
1469 3633 1534 3698 (9)
1572 3635 1714 3682 Ηίεε.
1754 3633 1835 3680 des
1866 3632 2173 3692 Sacremem,
2204 3641 2315 3679 tom.
2346 3646 2413 3688 11,

345 3713 414 3778 (5)
449 3713 692 3786 *Euam-ae
715 3718 771 3764 in
808 3714 941 3764 Psal.
974 3732 1076 3764 xmx
1097 3751 1111 3775 ‚
1154 3734 1205 3765 n.
1260 3713 1315 3762 6.
1401 3716 1476 3765 ch.
1500 3713 1553 3776 6,
1592 3733 1698 3780 pag.
1730 3711 1795 3765 52
1826 3724 1871 3763 et
1897 3731 2028 3780 seqq.
