2502 4186
274 173 391 243 342
904 192 1229 236 TRACTA‘rus
1272 193 1341 227 ne
1383 193 1770 232 nucfflmsru.

271 347 656 430 singularibus
671 347 934 428 personis
949 368 1016 406 ac
1034 347 1277 426 negotiis
1294 344 1403 428 (l).
1424 348 1644 406 Omnes
1661 347 2099 432 liturgiographi
2118 398 2136 429 .‚
2168 354 2393 411 Renau-

245 446 466 507 ‘dotius
484 487 500 516 ,
529 442 877 502 Assemanus
894 487 910 516 ,
943 441 1315 501 Mabillonius
1338 443 1628 523 ceterique
1651 442 1851 502 Missas
1875 464 1984 524 pro
2007 445 2400 525 singularibus

279 538 542 622 personis
573 536 894 619 applicatas
919 536 1297 617 collegerunt.

352 633 427 693 37
435 633 499 693 8.
545 633 698 692 Hinc
737 633 958 715 optime
993 634 1051 692 S.
1087 632 1338 693 Thomas
1362 655 1434 693 ex
1458 632 1716 693 Ecclesiae
1746 633 2095 693 universalis
2125 637 2288 716 praxi
2319 637 2401 698 ita

277 739 725 810 argumentatur
758 750 772 786 ε
814 729 888 786 Sz·
907 750 1041 809 erqo
1068 730 1433 810 suffragium
1454 750 1568 808 pro
1599 731 1809 789 multis
1832 732 2071 809 factum
2102 732 2253 788 valet
2272 735 2403 790 sin-

264 826 430 905 yulis
452 835 686 883 tantum
702 867 726 896 ,
751 845 823 883 ac
848 828 1032 904 cipro
1049 846 1170 884 uno
1186 836 1426 884 tantum
1440 825 1608 902 fieret
1620 867 1641 895 ,
1670 825 1926 901 videtur,
1952 827 2114 904 quod
2132 826 2405 886 Ecclesia

274 942 395 979 non
413 921 624 980 debuit
647 925 961 980 instituere
976 963 998 992 ,
1033 931 1107 979 ut
1126 942 1245 1000 pro
1264 922 1467 1000 aliquo
1482 921 1653 997 fieret
1679 923 2074 1000 sz‘nyularz'ter
2096 922 2169 982 M
2168 927 2290 980 issa
2318 922 2410 980 vel

275 1021 507 1097 oratic,
537 1017 640 1074 sed
671 1017 835 1095 quod
866 1037 1098 1095 semper
1115 1018 1416 1077 diceretur
1444 1037 1560 1096 pro
1590 1017 1872 1075 omnihus
1888 1017 2166 1095 fidelibus
2191 1019 2406 1096 defun·
2466 1070 2469 1071 γ

273 1115 384 1171 ctis
409 1135 428 1178 ‚·
454 1112 798 1191 quodpatet
833 1133 948 1171 esse
972 1113 1206 1190 falsum
1237 1112 1346 1192 (2).

357 1205 495 1265 379.
541 1207 688 1284 Tum
746 1206 922 1285 igitur
973 1229 1046 1265 ex
1092 1218 1305 1266 natura
1352 1208 1438 1266 rei
1462 1252 1478 1282 7
1531 1218 1660 1273 tum
1709 1228 1782 1266 ex
1827 1205 2094 1265 doctrina
2143 1218 2203 1266 et
2240 1207 2407 1289 praxi

283 1300 614 1374 constanti,
654 1300 971 1362 universali
999 1322 1064 1359 ac
1085 1312 1374 1382 perpetua
1399 1301 1658 1362 Ecclesiae
1676 1313 1906 1361 constat
1925 1347 1941 1376 ,
1958 1324 2124 1383 posse
2148 1324 2180 1361 a
2207 1303 2407 1361 Sacer-

278 1394 414 1454 dote
455 1396 691 1454 Missam
730 1395 1057 1478 specialiter
1096 1397 1379 1480 applicari
1422 1420 1524 1457 seu
1565 1398 1761 1458 offerri
1798 1420 1906 1480 pro
1940 1397 2228 1480 aliquibus
2269 1419 2407 1479 per-

275 1491 471 1566 sonis,
522 1513 638 1572 quo
682 1492 783 1550 fiat
828 1503 895 1550 ut
939 1492 1198 1574 specialis
1238 1493 1456 1553 fructus
1494 1493 1598 1568 iis,
1644 1514 1752 1574 pro
1789 1492 2002 1574 quibus
2041 1491 2401 1575 applicatur,

279 1586 483 1646 ceteris
513 1585 792 1668 paribus,
824 1587 1262 1669 proveniat(3).

1083 1738 1574 1807 DlFFicuLTATES.

367 1916 511 1976 380.
561 1915 693 1994 Obj.
742 1918 803 1975 1Ο
842 1917 1011 1990 Quod
1047 1927 1135 1974 est
1169 1916 1381 1974 infiniti
1415 1915 1623 1974 valoris
1646 1961 1662 1991 .,
1706 1916 2029 1994 cujusmodi
2064 1929 2148 1976 est
2180 1918 2407 1976 Sacrifi-

286 2013 439 2071 cium
457 2023 767 2086 nostrum
795 2033 916 2070 non
940 2011 1121 2092 magis
1146 2010 1420 2093 prodesse
1450 2021 1641 2093 potest
1669 2013 1771 2069 uni
1791 2034 1942 2092 pro
1964 2034 2078 2093 quo
2109 2013 2410 2118 speciatim

287 2107 564 2181 offertur
605 2129 782 2188 quam
818 2107 1095 2166 universo
1127 2106 1394 2165 fidelium
1430 2106 1640 2181 coetui3
1671 2106 1740 2164 2⁰
1771 2108 2095 2188 praesertim
2121 2107 2166 2165 si
2193 2108 2411 2165 fructus

284 2204 360 2262 sit
395 2152 678 2282 geneialis
711 2215 770 2263 et
802 2202 1054 2294 singulos
1096 2214 1217 2261 tam
1257 2204 1421 2262 vivos
1458 2224 1636 2284 quam
1676 2202 1738 2259 in
1782 2202 2062 2261 charitate
2110 2201 2414 2261 defunctos

287 2298 776 2380 comprehendat·
807 2309 868 2356 at
894 2310 1098 2357 omnes
1122 2299 1309 2381 reipsa
1335 2299 1690 2357 Sacrificium
1710 2299 1896 2358 Missae
1916 2298 2413 2381 comprehendere

287 2392 442 2453 binae
459 2393 572 2453 illae
606 2395 897 2453 orationes
924 2393 1220 2471 indicant,
1247 2416 1376 2475 quae
1401 2394 1463 2452 in
1494 2398 1616 2472 ejus
1645 2393 2034 2454 celebratione
2057 2394 2375 2453 recitantur
2394 2437 2409 2466 ,

347 2609 420 2675 (l)
457 2610 533 2658 Uti
562 2628 635 2659 ex.
665 2626 731 2675 gr.
770 2628 850 2676 pro
878 2611 1159 2675 Imperatore
1177 2648 1190 2671 ,
1223 2629 1304 2676 pro
1389 2611 1485 2659 Cfr.
1515 2628 1619 2676 opp.
1641 2611 1750 2661 edit.
1777 2610 2002 2658 Ruinartii
2025 2648 2040 2674 ,
2074 2611 2214 2659 Paris.
2250 2610 2378 2679 1699
2406 2642 2420 2666 ‚

285 2693 438 2758 Rege,
478 2710 559 2758 pro
589 2695 766 2757 sponsis
787 2730 800 2752 ‚
836 2704 923 2741 etc.
951 2693 1007 2740 In
1031 2692 1302 2741 Sacramen-
1391 2712 1495 2758 pag.
1521 2689 1619 2758 947
1649 2730 1662 2752 ,
1692 2710 1798 2741 cum
1827 2703 1937 2740 nota
1973 2694 2178 2742 editoris.

285 2777 411 2823 tax-iis
433 2773 677 2823 Gelasiano
698 2793 750 2823 ac
768 2774 1005 2823 Leoniano
1021 2813 1033 2836 ,
1055 2776 1185 2823 editis
1209 2779 1303 2840 pri·
1456 2775 1525 2838 (2)
1559 2777 1614 2824 ln
1641 2774 1886 2840 Supplem.
1909 2787 2058 2841 quest.
2094 2792 2150 2841 71
2174 2813 2187 2835 ‚
2214 2784 2296 2823 art.
2332 2773 2414 2823 13.

289 2875 419 2905 mum
442 2874 466 2904 a
497 2857 553 2906 Β.
582 2857 720 2906 Card.
759 2858 1007 2907 Thomasio
1026 2897 1038 2918 ‚
1070 2877 1122 2907 ac
1136 2859 1305 2908 deinde
1458 2858 1641 2921 <3)Cfr.
1658 2858 1930 2916 Menenius,
1949 2857 2029 2904 De
2043 2859 2258 2921 antiquis
2275 2855 2415 2905 Eccl.

285 2958 312 2987 a
329 2939 597 2999 Muratori0‚
628 2943 920 3004 reperiuntur
936 2944 1180 3001 orationes,
1199 2945 1305 3007 qui-
1389 2941 1523 2988 ritib.
1542 2942 1626 2989 lib.
1652 2958 1667 2988 ι
1687 2978 1699 2998 ,
1730 2950 1817 2987 art.
1850 2957 1901 3006 9,
1931 2938 1968 3004 S
1987 2937 2018 2987 8
2043 2957 2055 3002 3
2081 2951 2179 2987 tum
2204 2950 2289 2986 art.
2318 2954 2372 3002 17
2396 2976 2410 2999 2.

283 3020 373 3069 bus
398 3022 523 3069 dona
561 3023 826 3088 offeruntur
848 3031 891 3069 et
915 3023 1136 3071 divi—num
1164 3026 1309 3079 auri·
1398 3023 1520 3071 Ord.
1555 3041 1632 3080 vx,
1681 3040 1782 3086 cap.
1826 3020 1886 3084 4,
1929 3033 2014 3070 art.
2062 3039 2075 3069 ι
2112 3059 2125 3082 ,
2164 3020 2192 3088 ᾗ
2231 3018 2293 3082 6,
2337 3021 2418 3068 ubi

288 3105 408 3154 lium
434 3121 526 3170 pro
559 3105 863 3171 offerentibus
898 3108 1041 3154 enixe
1078 3108 1307 3173 efflaqita-
1396 3106 1544 3170 plures
1568 3116 1767 3152 recenset
1783 3105 1937 3154 Missas
1958 3143 1971 3164 ‚
1999 3121 2101 3170 quae
2123 3121 2201 3169 pro
2217 3103 2419 3167 singula-

285 3192 381 3234 tur.
420 3186 661 3250 Gregorius
695 3187 953 3237 Turonens.
985 3189 1071 3237 lib.
1105 3189 1184 3237 De
1209 3189 1308 3255 glo·
1395 3189 1522 3235 ribus
1547 3190 1751 3252 personis
1778 3199 1854 3236 aut
1896 3204 2193 3252 personarum
2230 3186 2420 3233 coetibus

282 3268 362 3332 'ria
386 3268 639 3332 confessor.
659 3304 673 3328 ,
709 3287 811 3334 cap.
840 3268 905 3318 65
924 3309 937 3328 ‚
978 3272 1143 3330 refert,
1189 3272 1312 3336 quod
1397 3270 1616 3318 celebrari
1635 3281 1983 3319 consueverant.
2002 3269 2056 3317 Id
2083 3273 2233 3334 ipsum
2248 3274 2423 3315 constat

287 3350 456 3398 mulier
500 3349 721 3416 quaedam}
745 3354 952 3417 quotidie
983 3354 1140 3401 feeerit
1181 3353 1311 3400 obla·
1398 3371 1450 3401 ex
1482 3353 1754 3400 Mabillonio
1775 3387 1788 3412 ,
1834 3351 1904 3401 De
1920 3352 2087 3415 liturq.
2122 3349 2379 3398 Galt'ae'cana
2403 3384 2415 3405 ‚

224 3451 236 3463 —
290 3433 471 3479 tionem
493 3449 586 3497 pro
622 3436 852 3481 memoria
876 3438 1003 3491 viri,
1030 3451 1132 3482 non
1154 3435 1310 3500 diffisa
1398 3434 1599 3500 append.
1627 3453 1652 3481 v
1672 3470 1685 3495 ,
1714 3453 1817 3500 pag.
1839 3433 1940 3497 463
1959 3472 1971 3494 ‚
1995 3431 2115 3496 465.
2154 3431 2252 3479 Cfr.
2285 3432 2421 3476 etiam

286 3515 342 3562 de
363 3515 575 3562 Domini
590 3517 949 3577 misericordia,
986 3518 1109 3582 quod
1126 3518 1317 3567 haberet
1398 3520 1455 3565 de
1492 3516 1729 3566 Berlendis
1749 3555 1761 3577 ‚
1798 3535 1874 3583 op.
1898 3520 1975 3565 cit.
2004 3514 2082 3564 De
2108 3510 2425 3572 oblationibus·
2498 3506 2500 3508 ’

284 3596 534 3660 defunctus
559 3599 765 3662 requiem
786 3601 844 3646 in
861 3599 958 3661 die,
989 3618 1084 3665 qua
1101 3601 1315 3649 Domino
1398 3599 1462 3646 ad
1494 3599 1673 3660 altare,
1713 3618 1817 3665 pag.
1869 3598 1966 3647 253
2000 3608 2046 3646 et
2075 3613 2206 3661 seqq.
2236 3604 2279 3641 et
2313 3592 2422 3641 alibi

286 3677 568 3727 oblationem
584 3698 677 3746 pro
709 3683 813 3748 ejus
843 3683 1009 3729 anima
1043 3682 1311 3732 delibasset.
1401 3687 1588 3749 passim.
