2502 4186
803 229 928 270 cur.
978 229 1065 269 ιιι.
1115 231 1182 268 »Ε
1228 227 1610 269 conrnssloun.
2089 205 2222 266 421

184 373 341 433 133.
389 375 523 432 Jam
564 393 702 433 vero
736 373 858 432 haec
894 373 1472 433 omnia-documenta
1506 382 1814 451 assurgunt
1842 392 1873 430 a
1902 370 2096 447 seculo
2121 372 2227 430 XII

116 469 197 529 ad,
216 467 391 527 secul.
415 470 506 526 Vl.
539 471 717 527 Porro
738 467 929 527 seculo
947 469 991 524 V
1026 468 1082 525 S.
1106 467 1458 546 Augustinus
1477 512 1492 541 ‚
1517 478 1583 525 ut
1605 477 1969 552 peccatorem
1989 466 2229 526 inducat

113 564 188 622 ad
225 564 661 637 Poenitentiam'¹
680 563 825 620 dum
860 562 1013 620 bona
1038 561 1400 623 ..valetudine
1449 561 1697 634 fruitur,
1749 561 1902 620 hanc
1938 562 2226 621 rationem

113 659 336 739 profert
373 681 386 717 :
430 659 591 737 Quia
607 700 631 728 ,
661 661 720 715 si
764 658 850 715 ad
868 658 1173 714 >ultimum
1209 660 1346 713 vitoe
1386 661 1638 727 steterit,
1691 662 1907 727 nescit,
1942 661 1997 715 si
2027 662 2228 736 ipsam

115 754 548 826 Paenitentiam
576 754 842 830 accipere
857 795 878 821 ,
900 772 974 809 ac
1002 751 1124 821 Deo
1150 743 1207 813 et
1226 751 1531 808 Sacerdoti
1554 760 1805 828 peccata
1826 772 1939 808 sua
1964 752 2233 830 corzfiteri

99 854 327 927 poterit
353 844 461 925 (1).
497 845 684 905 Secul.
717 848 789 905 IV
818 848 872 906 S.
906 844 1236 918 Ambrosius
1255 890 1272 919 ,
1298 856 1447 904 teste
1469 843 1712 903 Paulino
1739 845 1802 902 in
1826 849 1954 923 ejus
1977 845 2093 904 vita
2118 847 2226 920 ‚in

119 942 471 1023 excipiendis
508 943 740 1001 secretis
774 941 1036 1000 fidelium
1064 939 1533 1010 Confessionibus
1576 961 1804 999 summa
1844 939 2124 1023 chari-tate
2162 962 2229 1000 ac

105 1036 475 1116 benignitate
497 1058 735 1119 operam
759 1035 1015 1095 navabat
1052 1037 1411 1114 :Siquidem
1439 1063 1456 1110 ‚-
1487 1034 1717 1109 scribit,
1745 1037 2232 1114 quotiescumque

109 1133 206 1190 illi
229 1133 456 1210 aliquis
479 1134 550 1191 ob
573 1132 1035 1211 percipiendam
1069 1132 1496 1189 Paenitentiam
1522 1132 1735 1209 lapsus
1761 1151 1895 1188 suos
1930 1133 2230 1209 confessus

100 1237 252 1294 resset
272 1270 295 1297 ,
334 1232 423 1285 ita
450 1227 671 1303 flebat,
711 1238 781 1285 ut
815 1236 870 1284 et
898 1228 1073 1284 illum
1096 1226 1238 1302 flere
1271 1227 1672 1305 compellerem
1718 1227 2038 1284 videbatur
2062 1231 2227 1284 enim

113 1323 240 1380 sihi
247 1376 249 1379 ,
269 1323 654 1401 cumjacente
660 1327 887 1400 jacere.
929 1326 1378 1387 Causasjautem
1398 1325 1751 1400 >criminum
1767 1364 1790 1391 ,
1816 1342 1949 1400 quoe
1974 1322 2076 1379 illi
2098 1343 2227 1379 con—

101 1419 393 1494 fitebatur
411 1460 433 1488 ‚
488 1418 650 1475 nulli
695 1421 820 1475 nisi
858 1417 1115 1475 Domino
1157 1418 1300 1486 soli,
1355 1405 1527 1494 apud
1569 1437 1743 1494 quem
1779 1412 2224 1489 intercedebat,

112 1513 466 1591 loquebatur
501 1510 610 1591 (2).
650 1512 771 1571 See.
800 1512 878 1569 ΙΙΙ
903 1511 1177 1591 Origenes
1202 1522 1404 1569 monet
1425 1511 1780 1591 poenitentes
1804 1556 1819 1586 7
1861 1522 1932 1568 ut
1961 1516 2225 1569 circum-

109 1611 378 1686 spiciant
389 1649 410 1678 ,
433 1610 539 1665 oui
550 1598 1038 1686 presbyterorum
1065 1607 1275 1665 debent
1295 1605 1563 1682 confiteri
1571 1616 1886 1683 peccat-um
1909 1595 2087 1663 suum
2112 1606 2221 1685 (3)

110 1703 232 1761 Sec.
278 1703 329 1760 ΙΙ
364 1701 598 1760 labente
641 1693 869 1759 celebre
911 1711 999 1758 est
1041 1700 1295 1773 factum,
1349 1698 1505 1779 quod
1550 1698 1729 1757 refert
1772 1701 1827 1756 S.
1860 1702 2111 1758 Irenaeus
2153 1701 2226 1760 de

110 1795 449 1855 mulieribus
471 1817 502 1853 a
518 1794 722 1853 Marco
742 1794 1158 1875 praestigiatore
1187 1793 1547 1853 circumactis
1571 1838 1585 1866 .,
1626 1813 1752 1874 quae
1777 1805 1982 1873 postea
2005 1797 2091 1854 acl
2110 1797 2229 1854 Dei

107 1893 443 1952 Ecclesiam
469 1911 715 1965 reversoe
747 1879 886 1948 cum
927 1891 1159 1968 reliquo
1189 1911 1296 1947 suo
1327 1910 1527 1948 errore
1567 1889 1671 1946 hoe
1695 1910 1924 1968 quoque
1948 1893 2222 1969 confessce

110 1997 258 2046 sunt
281 1984 370 2066 (4)
391 2031 407 2059 ,
435 2006 648 2065 nempe
670 1983 991 2043 secundum
1014 2005 1222 2065 corpus
1252 2005 1312 2042 se
1333 1982 1406 2041 ab
1427 2004 1494 2042 eo
1512 1978 1965 2060 contaminataS‚
1992 2006 2223 2044 necnon

106 2082 257 2140 miro
271 2081 334 2138 in
349 2081 543 2162 ipsum
565 2099 762 2153 amore
792 2073 1070 2138 exarsisse
1091 2124 1106 2152 .,
1137 2077 1450 2149 nonnullas
1476 2099 1616 2150 vero
1645 2099 1843 2136 earum
1867 2079 1975 2138 hoc
1999 2081 2223 2139 crimen

108 2175 370 2234 confiteri
419 2174 630 2234 veritas
669 2195 702 2231 a
738 2174 859 2232 vita
903 2173 1008 2232 Dei
1047 2172 1379 2254 desperasse
1426 2172 1536 2251 (5)
1580 2172 1968 2232 Tertullianus
2011 2175 2219 2234 eodem
2275 2205 2278 2207 >

109 2270 300 2329 seculo
339 2269 582 2327 damnat
618 2290 745 2344 (305,
780 2269 880 2349 qui
902 2269 1376 2347 publicationem
1409 2271 1511 2325 sui
1546 2268 1839 2347 sziffuqere
1877 2280 1986 2327 aut
2019 2270 2088 2327 de
2124 2271 2223 2327 elie

109 2371 177 2422 in
217 2366 377 2422 diem
415 2365 654 2443 differre
682 2373 1110 2441 praesumunt,
1157 2363 1411 2441 pudoris
1468 2367 1663 2442 maqis
1714 2384 1996 2422 memores
2032 2387 2218 2443 quam

109 2462 323 2518 salutis
346 2458 455 2538 (6).
481 2459 555 2518 Hi
579 2458 898 2540 loquuntur
917 2456 989 2533 de
1005 2479 1110 2516 usu
1131 2451 1516 2517 Confessionis
1535 2469 1817 2539 tanquam
1834 2459 2218 2540 proveniente

177 2655 240 2719 (1)
280 2654 675 2713 Serm.cccxc111,
704 2655 815 2704 alias
853 2657 1006 2702 Hom.
1027 2671 1115 2715 xm,
1201 2671 1309 2702 cum
1354 2671 1526 2719 maqno
1566 2654 1722 2703 labore
1747 2656 1924 2720 fratres
1952 2673 2055 2704 eam
2098 2673 2214 2704 con-

109 2735 190 2784 De
222 2737 590 2785 Poenitentzbus.
619 2737 763 2784 Totus
800 2753 951 2784 sermo
981 2747 1049 2784 est
1063 2736 1119 2820 de
1202 2739 1479 2797 vertissent,
1526 2753 1663 2785 omne
1703 2746 1886 2802 tempus
1925 2740 1982 2785 in
2026 2754 2215 2786 exomo-

106 2818 196 2866 hoc
225 2829 508 2882 argumento.
1201 2818 1345 2882 quesi
1366 2821 1734 2867 consummavit.
1772 2820 1828 2866 Et
1855 2838 1906 2868 n.
1938 2836 1966 2884 7
2000 2817 2217 2867 :Multas

179 2900 246 2962 (2)
286 2899 346 2948 N.
380 2900 463 2966 39.
580 2900 583 2905 ’
1105 2954 1109 2959 ,
1200 2900 1491 2947 seduxerunt
1508 2899 1878 2966 mulieres,quae
1893 2903 2214 2949 cauterizatas

177 2980 244 3043 (23)
283 2979 398 3029 Loc.
431 2983 510 3028 cit.
1200 2984 1520 3030 conscientias
1547 2981 1769 3030 habentes
1793 3020 1805 3041 ‚
1850 2982 2068 3046 quoedam
2104 2985 2214 3047 qui-

132 3062 240 3125 (lo)
281 3062 385 3110 Lib.
411 3080 426 3109 1
444 3079 589 3126 ,.cap
619 3059 672 3116 6,
702 3078 753 3109 n.
782 3062 830 3109 3
1201 3065 1304 3112 dem
1330 3065 1471 3111 etiam
1499 3066 1555 3111 in
1587 3064 1838 3128 manifesto
1866 3064 2213 3129 exomologesin

175 3145 240 3206 (5)
279 3143 404 3192 Ibid.
439 3161 543 3208 cap.
574 3143 643 3191 13
674 3143 782 3191 edit.
805 3142 943 3190 Mass.
977 3160 1026 3192 n
1065 3140 1119 3203 5,
1194 3145 1647 3210 faciunt3quoedam
1675 3154 1834 3193 autem
1855 3146 2214 3195 reverentesltoc

110 3225 192 3273 ubi
247 3228 415 3273 iterum
464 3225 619 3272 scribit
657 3241 673 3274 ε
723 3222 818 3270 Hae
861 3223 1120 3287 soepissime
1200 3230 1395 3293 ipsum,
1426 3230 1481 3274 in
1506 3227 1698 3275 silentio
1728 3230 1906 3275 sensim
1940 3230 2217 3293 semetipsas

108 3323 342 3354 conversoe
374 3306 438 3353 ad
463 3305 514 3353 E
516 3305 734 3353 eclesiam
763 3303 867 3351 Dei
895 3303 1118 3367 confessae
1201 3309 1478 3367 retrahunt,
1525 3309 1829 3375 desperantes
1859 3327 1890 3356 a
1934 3312 2035 3358 vita
2066 3309 2167 3357 Dei
2187 3329 2210 3369 ;

107 3396 251 3443 sunt,
283 3396 329 3435 et
357 3387 620 3435 secundum
641 3403 812 3452 corpus
831 3387 1120 3432 extermina·
1200 3391 1420 3456 quoedam
1458 3391 1650 3455 quidem
1687 3394 1743 3439 in
1785 3400 1936 3440 totum
1985 3391 2214 3439 abscesse-

106 3479 180 3517 tas
221 3487 269 3516 se
308 3469 368 3518 ab
408 3487 458 3517 eo
506 3468 630 3517 velut
666 3468 899 3535 cupidine
951 3474 998 3514 et
1039 3468 1118 3514 in·-
1201 3483 1352 3534 runt‚·
1383 3473 1606 3539 quoedam
1626 3482 1784 3522 autem
1804 3476 1933 3521 inter
1960 3482 2214 3535 utrumque

102 3552 374 3615 flammatos
414 3550 549 3599 valde
588 3550 726 3599 illum
776 3567 823 3597 se
876 3547 1116 3596 dilexisse.
1203 3554 1444 3605 dubitant,

110 3633 199 3681 Ubi
231 3644 442 3698 praeterea
464 3634 603 3681 refert
635 3634 691 3682 de
711 3650 850 3681 uxore
878 3630 1118 3698 cujusdam
1272 3637 1340 3701 (6)
1379 3638 1484 3687 Lib,
1520 3636 1591 3687 De
1629 3634 1802 3689 Paemflc,
1840 3637 1927 3684 loc.
1958 3637 2036 3683 cit.

108 3715 192 3763 Dia
221 3718 297 3763 oni
352 3720 412 3764 ita
458 3717 642 3780 abrepta
680 3733 694 3762 ε
750 3711 866 3763 Post
919 3715 1125 3763 deinde,
