2502 4186
643 205 764 241 cn..
811 204 866 243 v.
914 205 982 241 nr.
1025 201 1301 257 numm,
1346 203 1533 240 roam
1575 201 1698 241 mc.
2120 181 2237 242 463

139 348 286 405 Hine
326 347 384 404 S.
423 344 757 405 Ambrosius
799 368 813 403 ε
853 347 972 406 Jus
1008 351 1110 404 Ιιοο
1127 387 1151 419 ,
1189 344 1414 426 inquit,
1459 345 1596 402 solis
1625 345 1992 423 permissum
2025 344 2236 403 Sacer—

122 441 370 498 ·dotibus
399 451 481 498 est
502 441 613 522 (1).
630 443 686 501 S.
714 438 952 500 Basilius
981 462 994 498 ε
1023 441 1279 499 Peccata
1307 444 1386 497 iis
1409 440 1679 516 confiteri
1702 459 1921 498 necesse
1939 450 2031 497 ‘est
2055 484 2071 514 ‚
2102 445 2234 519 qui-

130 535 243 592 bus
276 542 707 613 mysteriorum
748 536 868 594 Dei
919 535 1257 593 concredita
1295 544 1380 592 est
1421 535 1781 612 dispensatio
1823 533 1930 612 (2).
1967 533 2019 591 S.
2058 535 2171 594 Leo
2212 560 2230 595 .·.

129 632 232 687 Sic
282 630 510 688 divinoe
551 630 835 688 bonitatis
870 630 1178 708 praesidiis
1221 630 1550 699 ordinatis,
1590 638 1662 685 ut
1695 629 2075 708 indulyentia
2118 631 2238 690 Dei

128 728 259 782 nisi
288 725 834 803 supplicationibus
865 723 1248 783 Sacerdotum
1280 733 1532 801 nequeat
1564 724 1823 780 obtineri
1859 723 1970 801 (3).
2012 723 2233 784 Exinde

135 817 441 898 colligebat
463 820 524 876 S.
546 821 579 877 J
585 841 715 877 oan.
737 818 1206 898 Cl1rysostomUS,·
1219 815 1551 876 Sacerdotes
1575 817 2026 898 Imperatoribus
2049 839 2113 877 ac
2127 821 2234 878 Re-

128 913 291 992 gibus
306 912 654 992 praecellere.
672 914 774 972 His
801 913 1077 972 omnibus
1092 913 1443 994 praeiverant
1466 913 1738 991 Origenes
1754 956 1770 985 ,
1795 911 2183 971 Tertullianus
2206 958 2223 988 ,

129 1008 448 1087 Cyprianus
462 1007 695 1089 aliique,
720 1029 968 1089 quorum
984 1007 1311 1067 testimonia
1331 1007 1595 1087 superius
1626 1006 2011 1088 protulimu33
2048 1030 2227 1088 quare

120 1124 364 1162 necesse
394 1125 515 1161 non
537 1115 629 1162 est
656 1102 916 1183 pluribus
940 1102 1245 1162 ostendere
1270 1102 1578 1162 veritatem
1595 1144 1610 1173 ,
1640 1123 1816 1182 quam
1847 1103 2112 1160 omnium
2136 1124 2229 1162 se—

130 1196 398 1255 culorum
433 1197 769 1278 quotidiana
799 1198 992 1278 praxis
1020 1196 1344 1264 luculenter
1376 1195 1759 1254 demonstrat.

217 1291 362 1350 239.
410 1291 601 1350 Valori
629 1314 802 1373 porro
837 1291 1213 1351 absolutionis
1260 1312 1382 1349 non
1418 1289 1646 1349 officere
1681 1290 2055 1350 Sacerdotum
2092 1314 2230 1373 pra-

130 1388 375 1446 vitatem
400 1431 418 1463 ,
462 1386 728 1448 definivit
768 1386 1105 1447 Tridentina
1145 1385 1409 1468 Synodus
1453 1387 1517 1444 in
1541 1385 1746 1445 eodem
1778 1408 1998 1447 canone
2057 1387 2230 1469 paulo

131 1494 268 1540 ante
300 1481 571 1556 adducto,
610 1487 767 1560 cujus
794 1483 979 1564 prima
1015 1503 1148 1563 pars
1185 1482 1308 1541 haec
1336 1492 1424 1540 est
1459 1502 1473 1539 z
1503 1482 1577 1539 Si
1599 1477 1736 1561 quis
1762 1483 2010 1554 diaerit,
2040 1504 2231 1541 saeer-

122 1579 277 1636 dotes
301 1620 322 1648 ,
363 1583 475 1656 qui
511 1583 580 1635 in
609 1587 848 1656 peccato
889 1579 1139 1636 mortali
1164 1588 1310 1635 sunt
1326 1619 1347 1647 ,
1377 1586 1723 1655 potestatem
1763 1579 2006 1656 liqanoli
2037 1589 2091 1635 et
2124 1579 2230 1636 sol-

74 1718 77 1721 <
122 1674 302 1730 vendi
337 1694 457 1730 non
493 1673 772 1730 babere...
802 1673 1124 1730 anathema
1155 1675 1248 1728 sit.
1288 1669 1455 1744 Quod
1491 1669 1722 1749 plenius
1754 1682 1980 1729 constat
2008 1694 2080 1730 ex
2123 1672 2226 1745 iis,

123 1788 252 1848 quae
289 1788 391 1826 suo
419 1766 544 1825 loco
573 1766 849 1826 adversus
883 1765 1211 1824 Donatistas
1239 1763 1661 1844 disputavimus
1693 1764 1802 1844 (4).
2266 1769 2268 1771 “

934 1954 1424 1998 DIFFICULTATES.

199 2109 340 2168 240.
390 2107 519 2187 Obj.
554 2109 763 2191 prima.
799 2108 862 2166 1ο
897 2110 957 2168 S.
994 2108 1241 2168 Jacobus
1257 2154 1277 2182 ,
1308 2109 1552 2191 loquens
1577 2109 1651 2169 de
1674 2111 2075 2170 sacramentali
2099 2133 2230 2172 con-

122 2205 407 2277 fessione,
434 2204 515 2263 ai't
554 2226 567 2261 :
607 2205 986 2282 Confitemini
1026 2198 1159 2285 erqo
1185 2207 1550 2264 alterutrum
1580 2217 1831 2285 peecata
1869 2217 2059 2265 vestra
2103 2208 2191 2287 (5)
2206 2252 2228 2281 ‚

119 2299 281 2357 nulla
316 2299 688 2358 distinctione
728 2300 992 2382 apposita
1036 2300 1190 2359 inter
1227 2299 1560 2360 Sacerdotes
1595 2312 1654 2359 et
1693 2300 1886 2360 laicOS.
1925 2302 1997 2368 20
2040 2304 2229 2375 Quare

120 2396 175 2452 S.
216 2396 567 2474 Augustinus
597 2418 609 2452 ε
639 2396 721 2454 In
743 2397 1025 2454 omnibus
1044 2438 1066 2467 ,
1103 2395 1293 2477 inquit
1313 2440 1328 2469 n
1370 2396 1708 2474 Scripturis
1743 2398 1972 2455 divinis
2002 2400 2233 2457 utiliter

120 2511 193 2548 ac
224 2492 559 2548 salubriter
591 2491 1022 2570 admonemur,
1057 2501 1129 2548 ut
1146 2501 1396 2569 peecata
1419 2501 1625 2549 nostra
1649 2492 1965 2550 debeamus
1992 2496 2235 2572 juyiter

117 2596 173 2643 et
198 2580 540 2657 humiliter,
568 2571 686 2644 non
708 2591 899 2644 solum
915 2586 1039 2644 Deo
1052 2628 1074 2656 ‚
1111 2587 1213 2643 sed
1238 2589 1420 2644 etiam
1443 2587 1682 2645 Sanctis
1712 2596 1767 2644 et
1785 2588 1982 2646 Deum
2009 2591 2231 2646 timen-

118 2681 282 2740 tibus
315 2682 603 2759 eonfi'teri.
631 2683 733 2740 Sic
758 2685 921 2739 enim
950 2703 1070 2759 per
1087 2683 1385 2741 Iacobum
1419 2682 1769 2760 Apostolum
1803 2704 1907 2741 nos
1955 2684 2235 2742 admonet

118 2775 389 2853 Spiritus
417 2779 502 2851 S.7
531 2777 733 2835 dicens
766 2799 780 2834 ε
827 2776 1241 2854 Confitemini,
1273 2787 1382 2835 etc.
1418 2776 1529 2856 (6).
1561 2777 1625 2835 30
1643 2778 1790 2836 Sane
1821 2778 2146 2859 Baptismus
2167 2781 2230 2837 in

118 2870 476 2929 necessitatis
512 2871 718 2931 saltem
755 2893 887 2930 casu
919 2871 993 2930 ab
1033 2871 1303 2931 omnibus
1327 2873 1655 2954 promiscue
1690 2871 2085 2932 administrari
2119 2897 2227 2955 po-

122 2975 266 3038 test3
307 2986 440 3044 ergo
478 2975 540 3024 et
568 2965 872 3025 absolutiO.

200 3058 342 3116 241.
391 3060 562 3141 Resp.
605 3059 693 3118 Ad
727 3063 808 3118 lm
835 3105 851 3134 ,
910 3061 1128 3125 Trans.
1176 3062 1405 3121 Etenim
1427 3106 1443 3138 ,
1485 3073 1551 3120 ut
1581 3061 1870 3138 vidimuS,
1907 3085 2028 3121 non
2061 3063 2230 3144 pauci

120 3154 469 3234 interpretes
492 3166 551 3212 et
572 3153 844 3234 Theologi
868 3167 1084 3234 negant
1102 3201 1118 3230 o
1144 3156 1207 3214 in
1236 3155 1485 3230 adducto
1519 3157 1851 3216 testimonio
1877 3157 2057 3237 agi'de
2084 3159 2230 3218 Con-

189 3344 254 3407 (1)
295 3344 374 3392 De
401 3343 590 3393 Poem’t.
615 3344 700 3393 lib.
729 3361 744 3391 1
763 3382 776 3402 ‚
802 3362 905 3410 cap.
939 3361 967 3392 2
984 3382 997 3405 ,
1019 3363 1068 3393 n.
1085 3362 1133 3411 7.
1289 3346 1352 3410 (5)
1389 3346 1504 3420 Cap.
1528 3364 1556 3394 v
1576 3382 1590 3405 ‚
1628 3344 1708 3403 16.
1722 3347 2101 3410 Ἐξομολογεῒα-θε
2128 3343 2225 3410 (ω’)ν)

191 3426 252 3488 (2)
291 3425 532 3490 Interroq.
559 3429 810 3475 cctxxxv1i1
827 3444 933 3492 sup.
954 3429 1035 3477 cit.
1220 3428 1440 3484 α’λλιίλοις
1468 3424 1530 3476 τοέ
1556 3426 1909 3494 παραπτώματα
1935 3466 1948 3487 ,
1965 3446 2044 3476 seu
2074 3438 2123 3477 ut
2140 3429 2225 3477 ha-

192 3506 264 3570 (3)
305 3506 452 3570 Epist.
472 3510 598 3567 cvxii,
618 3508 895 3572 cap.1‚edit.
916 3508 1134 3557 Ballerin.
1217 3509 1328 3558 bent
1359 3511 1456 3558 aliae
1491 3510 1739 3571 lectiones,
1773 3508 1857 3563 τοὶς
1885 3506 2126 3575 α’μαρτιάς.

193 3588 256 3648 (It)
308 3586 475 3636 Tract.
501 3587 559 3636 de
583 3586 912 3639 Sat-ramentis
948 3591 1005 3638 in
1023 3606 1133 3654 qen.
1286 3591 1348 3656 (6)
1386 3594 1543 3641 Hom.
1582 3609 1662 3640 ιιι.

123 3685 172 3716 n.
203 3669 293 3718 123
325 3678 367 3718 et
398 3686 526 3735 seqq.
