<?xml version="1.0" encoding="UTF-8"?>
<!DOCTYPE html PUBLIC "-//W3C//DTD XHTML 1.0 Transitional//EN"
    "http://www.w3.org/TR/xhtml1/DTD/xhtml1-transitional.dtd">
<html xmlns="http://www.w3.org/1999/xhtml" xml:lang="en" lang="en">
 <head>
  <title>
</title>
<meta http-equiv="Content-Type" content="text/html;charset=utf-8" />
  <meta name='ocr-system' content='tesseract 3.04.00' />
  <meta name='ocr-capabilities' content='ocr_page ocr_carea ocr_par ocr_line ocrx_word'/>
</head>
<body>
  <div class='ocr_page' id='page_1' title='image "a603693806perruoft_0060.png"; bbox 0 0 2502 4186; ppageno 0'>
   <div class='ocr_carea' id='block_1_1' title="bbox 367 257 1783 322">
    <p class='ocr_par' dir='ltr' id='par_1_1' title="bbox 367 257 1783 322">
     <span class='ocr_line' id='line_1_1' title="bbox 367 257 1783 322; baseline 0.003 -4"><span class='ocrx_word' id='word_1_1' title='bbox 367 257 446 318; x_wconf 76' lang='lat'>52</span> <span class='ocrx_word' id='word_1_2' title='bbox 1031 278 1350 320; x_wconf 66' lang='lat' dir='ltr'>‘rnAC&#39;rA‘rus</span> <span class='ocrx_word' id='word_1_3' title='bbox 1393 276 1462 317; x_wconf 74' lang='lat' dir='ltr'>nn</span> <span class='ocrx_word' id='word_1_4' title='bbox 1504 258 1783 322; x_wconf 72' lang='lat' dir='ltr'>BAP&#39;risMo.</span> 
     </span>
    </p>
   </div>
   <div class='ocr_carea' id='block_1_2' title="bbox 270 420 2449 3711">
    <p class='ocr_par' dir='ltr' id='par_1_2' title="bbox 270 420 2449 1636">
     <span class='ocr_line' id='line_1_2' title="bbox 365 420 2448 505; baseline 0.001 -22"><span class='ocrx_word' id='word_1_5' title='bbox 365 424 425 483; x_wconf 90' lang='lat' dir='ltr'><em>E</em></span> <span class='ocrx_word' id='word_1_6' title='bbox 428 432 630 495; x_wconf 71' lang='lat' dir='ltr'>untes,</span> <span class='ocrx_word' id='word_1_7' title='bbox 656 422 842 480; x_wconf 82' lang='lat' dir='ltr'>docete</span> <span class='ocrx_word' id='word_1_8' title='bbox 868 440 1064 479; x_wconf 77' lang='lat' dir='ltr'>omnes</span> <span class='ocrx_word' id='word_1_9' title='bbox 1081 430 1318 499; x_wconf 72' lang='lat' dir='ltr'>qantos„</span> <span class='ocrx_word' id='word_1_10' title='bbox 1333 465 1347 478; x_wconf 91' lang='lat'><strong>.</strong></span> <span class='ocrx_word' id='word_1_11' title='bbox 1379 421 1637 479; x_wconf 76' lang='lat' dir='ltr'><em>docentes</em></span> <span class='ocrx_word' id='word_1_12' title='bbox 1669 443 1903 481; x_wconf 74' lang='lat' dir='ltr'>servare</span> <span class='ocrx_word' id='word_1_13' title='bbox 1933 430 2131 485; x_wconf 78' lang='lat' dir='ltr'>omnia</span> <span class='ocrx_word' id='word_1_14' title='bbox 2156 420 2448 505; x_wconf 49' lang='lat' dir='ltr'>quoecumss</span> 
     </span>
     <span class='ocr_line' id='line_1_3' title="bbox 365 515 2447 598; baseline 0.002 -23"><span class='ocrx_word' id='word_1_15' title='bbox 365 539 477 596; x_wconf 82' lang='lat' dir='ltr'>que</span> <span class='ocrx_word' id='word_1_16' title='bbox 519 516 810 574; x_wconf 76' lang='lat' dir='ltr'><em>mandavi</em></span> <span class='ocrx_word' id='word_1_17' title='bbox 839 515 1015 573; x_wconf 74' lang='lat' dir='ltr'>vohis.</span> <span class='ocrx_word' id='word_1_18' title='bbox 1059 516 1194 574; x_wconf 81' lang='lat' dir='ltr'>Haec</span> <span class='ocrx_word' id='word_1_19' title='bbox 1217 515 1390 594; x_wconf 78' lang='lat' dir='ltr'>igitur</span> <span class='ocrx_word' id='word_1_20' title='bbox 1426 526 1513 573; x_wconf 88' lang='lat' dir='ltr'>est</span> <span class='ocrx_word' id='word_1_21' title='bbox 1553 516 1840 591; x_wconf 74' lang='lat' dir='ltr'>conditio,</span> <span class='ocrx_word' id='word_1_22' title='bbox 1879 517 2001 576; x_wconf 88' lang='lat' dir='ltr'>sine</span> <span class='ocrx_word' id='word_1_23' title='bbox 2036 539 2147 598; x_wconf 89' lang='lat' dir='ltr'>qua</span> <span class='ocrx_word' id='word_1_24' title='bbox 2192 521 2299 580; x_wconf 90' lang='lat' dir='ltr'>rite</span> <span class='ocrx_word' id='word_1_25' title='bbox 2338 542 2447 580; x_wconf 87' lang='lat' dir='ltr'>nee</span> 
     </span>
     <span class='ocr_line' id='line_1_4' title="bbox 365 609 2449 691; baseline 0 -21"><span class='ocrx_word' id='word_1_26' title='bbox 365 610 611 671; x_wconf 89' lang='lat' dir='ltr'>conferri</span> <span class='ocrx_word' id='word_1_27' title='bbox 658 629 766 667; x_wconf 92' lang='lat' dir='ltr'>nec</span> <span class='ocrx_word' id='word_1_28' title='bbox 813 609 1021 690; x_wconf 87' lang='lat' dir='ltr'><strong>suscipi</strong></span> <span class='ocrx_word' id='word_1_29' title='bbox 1065 621 1255 690; x_wconf 88' lang='lat' dir='ltr'>potest</span> <span class='ocrx_word' id='word_1_30' title='bbox 1284 611 1595 691; x_wconf 86' lang='lat' dir='ltr'>Baptisma.</span> <span class='ocrx_word' id='word_1_31' title='bbox 1651 612 1735 668; x_wconf 94' lang='lat' dir='ltr'>De</span> <span class='ocrx_word' id='word_1_32' title='bbox 1775 615 1906 688; x_wconf 90' lang='lat' dir='ltr'>jure</span> <span class='ocrx_word' id='word_1_33' title='bbox 1958 610 2152 670; x_wconf 75' lang='lat' dir='ltr'>autem‘</span> <span class='ocrx_word' id='word_1_34' title='bbox 2197 614 2449 673; x_wconf 88' lang='lat' dir='ltr'>naturali</span> 
     </span>
     <span class='ocr_line' id='line_1_5' title="bbox 363 702 2449 786; baseline 0.002 -23"><span class='ocrx_word' id='word_1_35' title='bbox 363 715 524 786; x_wconf 89' lang='lat' dir='ltr'>patet</span> <span class='ocrx_word' id='word_1_36' title='bbox 560 725 630 763; x_wconf 80' lang='lat' dir='ltr'>ex</span> <span class='ocrx_word' id='word_1_37' title='bbox 655 725 721 763; x_wconf 91' lang='lat' dir='ltr'>eo</span> <span class='ocrx_word' id='word_1_38' title='bbox 742 749 757 777; x_wconf 85' lang='lat'>.‚</span> <span class='ocrx_word' id='word_1_39' title='bbox 800 703 956 785; x_wconf 89' lang='lat' dir='ltr'>quod</span> <span class='ocrx_word' id='word_1_40' title='bbox 981 703 1093 776; x_wconf 89' lang='lat' dir='ltr'>illi,</span> <span class='ocrx_word' id='word_1_41' title='bbox 1125 704 1223 784; x_wconf 93' lang='lat' dir='ltr'>qui</span> <span class='ocrx_word' id='word_1_42' title='bbox 1247 702 1649 784; x_wconf 70' lang='lat' dir='ltr'>baptizantur,</span> <span class='ocrx_word' id='word_1_43' title='bbox 1687 715 2027 784; x_wconf 90' lang='lat' dir='ltr'>cooptentur</span> <span class='ocrx_word' id='word_1_44' title='bbox 2054 706 2114 763; x_wconf 91' lang='lat' dir='ltr'>in</span> <span class='ocrx_word' id='word_1_45' title='bbox 2144 705 2449 767; x_wconf 82' lang='lat' dir='ltr'>Ecclesiam</span> 
     </span>
     <span class='ocr_line' id='line_1_6' title="bbox 363 798 2449 883; baseline 0.002 -25"><span class='ocrx_word' id='word_1_46' title='bbox 363 821 463 859; x_wconf 92' lang='lat' dir='ltr'>seu</span> <span class='ocrx_word' id='word_1_47' title='bbox 500 800 562 858; x_wconf 91' lang='lat' dir='ltr'>in</span> <span class='ocrx_word' id='word_1_48' title='bbox 615 799 944 858; x_wconf 87' lang='lat' dir='ltr'>societatem</span> <span class='ocrx_word' id='word_1_49' title='bbox 988 821 1020 857; x_wconf 89' lang='lat' dir='ltr'>a</span> <span class='ocrx_word' id='word_1_50' title='bbox 1067 798 1311 858; x_wconf 87' lang='lat' dir='ltr'>Christo</span> <span class='ocrx_word' id='word_1_51' title='bbox 1341 801 1702 872; x_wconf 75' lang='lat' dir='ltr'>institutam3</span> <span class='ocrx_word' id='word_1_52' title='bbox 1749 804 1870 876; x_wconf 83' lang='lat' dir='ltr'>jam</span> <span class='ocrx_word' id='word_1_53' title='bbox 1918 821 2052 861; x_wconf 87' lang='lat' dir='ltr'>vero</span> <span class='ocrx_word' id='word_1_54' title='bbox 2103 802 2449 883; x_wconf 85' lang='lat' dir='ltr'><strong>quicumque</strong></span> 
     </span>
     <span class='ocr_line' id='line_1_7' title="bbox 362 893 2447 980; baseline 0.001 -27"><span class='ocrx_word' id='word_1_55' title='bbox 362 894 616 976; x_wconf 85' lang='lat' dir='ltr'>aliquam</span> <span class='ocrx_word' id='word_1_56' title='bbox 651 894 984 952; x_wconf 90' lang='lat' dir='ltr'>societatem</span> <span class='ocrx_word' id='word_1_57' title='bbox 1020 893 1338 972; x_wconf 82' lang='lat' dir='ltr'>ingreditur</span> <span class='ocrx_word' id='word_1_58' title='bbox 1368 939 1383 966; x_wconf 73' lang='grc'><em>,</em></span> <span class='ocrx_word' id='word_1_59' title='bbox 1425 893 1533 952; x_wconf 89' lang='lat' dir='ltr'>hoc</span> <span class='ocrx_word' id='word_1_60' title='bbox 1581 895 1704 974; x_wconf 89' lang='lat' dir='ltr'>ipso</span> <span class='ocrx_word' id='word_1_61' title='bbox 1740 898 1870 970; x_wconf 87' lang='lat' dir='ltr'>jure</span> <span class='ocrx_word' id='word_1_62' title='bbox 1918 896 2166 980; x_wconf 89' lang='lat' dir='ltr'>naturali</span> <span class='ocrx_word' id='word_1_63' title='bbox 2215 908 2447 955; x_wconf 90' lang='lat' dir='ltr'>tenetur</span> 
     </span>
     <span class='ocr_line' id='line_1_8' title="bbox 360 986 2449 1068; baseline 0.001 -21"><span class='ocrx_word' id='word_1_64' title='bbox 360 989 512 1068; x_wconf 83' lang='lat' dir='ltr'>leges</span> <span class='ocrx_word' id='word_1_65' title='bbox 542 1008 770 1048; x_wconf 89' lang='lat' dir='ltr'>servare</span> <span class='ocrx_word' id='word_1_66' title='bbox 813 986 1071 1064; x_wconf 87' lang='lat' dir='ltr'>ejusdem</span> <span class='ocrx_word' id='word_1_67' title='bbox 1105 988 1387 1046; x_wconf 88' lang='lat' dir='ltr'>societatis</span> <span class='ocrx_word' id='word_1_68' title='bbox 1415 1032 1430 1060; x_wconf 88' lang='lat'>.,</span> <span class='ocrx_word' id='word_1_69' title='bbox 1458 992 1619 1065; x_wconf 83' lang='lat' dir='ltr'>cujus</span> <span class='ocrx_word' id='word_1_70' title='bbox 1657 986 1983 1046; x_wconf 88' lang='lat' dir='ltr'>membrum</span> <span class='ocrx_word' id='word_1_71' title='bbox 2015 1001 2122 1050; x_wconf 91' lang='lat' dir='ltr'>est.</span> <span class='ocrx_word' id='word_1_72' title='bbox 2158 990 2324 1063; x_wconf 85' lang='lat' dir='ltr'>Quod</span> <span class='ocrx_word' id='word_1_73' title='bbox 2354 989 2449 1051; x_wconf 87' lang='lat' dir='ltr'>vel</span> 
     </span>
     <span class='ocr_line' id='line_1_9' title="bbox 358 1081 2447 1165; baseline 0 -23"><span class='ocrx_word' id='word_1_74' title='bbox 358 1084 534 1165; x_wconf 89' lang='lat' dir='ltr'>ipsius</span> <span class='ocrx_word' id='word_1_75' title='bbox 565 1081 746 1142; x_wconf 88' lang='lat' dir='ltr'>civilis</span> <span class='ocrx_word' id='word_1_76' title='bbox 773 1081 1056 1140; x_wconf 89' lang='lat' dir='ltr'>societatis</span> <span class='ocrx_word' id='word_1_77' title='bbox 1091 1081 1424 1163; x_wconf 82' lang='lat' dir='ltr'>exemplum</span> <span class='ocrx_word' id='word_1_78' title='bbox 1453 1081 1722 1140; x_wconf 83' lang='lat' dir='ltr'>ostendit.</span> <span class='ocrx_word' id='word_1_79' title='bbox 1761 1086 1829 1139; x_wconf 91' lang='lat' dir='ltr'>In</span> <span class='ocrx_word' id='word_1_80' title='bbox 1859 1083 2059 1162; x_wconf 89' lang='lat' dir='ltr'>quavis</span> <span class='ocrx_word' id='word_1_81' title='bbox 2088 1085 2245 1142; x_wconf 90' lang='lat' dir='ltr'>enim</span> <span class='ocrx_word' id='word_1_82' title='bbox 2273 1085 2447 1144; x_wconf 88' lang='lat' dir='ltr'>socie-</span> 
     </span>
     <span class='ocr_line' id='line_1_10' title="bbox 270 1175 2446 1256; baseline 0.002 -25"><span class='ocrx_word' id='word_1_83' title='bbox 270 1218 283 1231; x_wconf 89' lang='lat'><strong><em>.</em></strong></span> <span class='ocrx_word' id='word_1_84' title='bbox 357 1189 477 1237; x_wconf 90' lang='lat' dir='ltr'>tate</span> <span class='ocrx_word' id='word_1_85' title='bbox 514 1177 701 1256; x_wconf 89' lang='lat' dir='ltr'>quivis</span> <span class='ocrx_word' id='word_1_86' title='bbox 742 1183 1043 1249; x_wconf 73' lang='lat' dir='ltr'>nascatur,</span> <span class='ocrx_word' id='word_1_87' title='bbox 1085 1196 1155 1234; x_wconf 84' lang='lat' dir='ltr'>ex</span> <span class='ocrx_word' id='word_1_88' title='bbox 1190 1196 1257 1234; x_wconf 91' lang='lat' dir='ltr'>eo</span> <span class='ocrx_word' id='word_1_89' title='bbox 1300 1176 1540 1233; x_wconf 87' lang='lat' dir='ltr'>instanti</span> <span class='ocrx_word' id='word_1_90' title='bbox 1582 1175 1887 1234; x_wconf 89' lang='lat' dir='ltr'>obstrictus</span> <span class='ocrx_word' id='word_1_91' title='bbox 1919 1178 1984 1234; x_wconf 93' lang='lat' dir='ltr'>fit</span> <span class='ocrx_word' id='word_1_92' title='bbox 2027 1181 2156 1254; x_wconf 88' lang='lat' dir='ltr'>jure</span> <span class='ocrx_word' id='word_1_93' title='bbox 2193 1178 2446 1236; x_wconf 89' lang='lat' dir='ltr'>naturali</span> 
     </span>
     <span class='ocr_line' id='line_1_11' title="bbox 359 1267 2444 1353; baseline -0 -22"><span class='ocrx_word' id='word_1_94' title='bbox 359 1273 434 1332; x_wconf 89' lang='lat' dir='ltr'>ad</span> <span class='ocrx_word' id='word_1_95' title='bbox 460 1269 772 1353; x_wconf 84' lang='lat' dir='ltr'>peculiares</span> <span class='ocrx_word' id='word_1_96' title='bbox 809 1269 960 1326; x_wconf 89' lang='lat' dir='ltr'>illius</span> <span class='ocrx_word' id='word_1_97' title='bbox 999 1269 1282 1326; x_wconf 90' lang='lat' dir='ltr'>societatis</span> <span class='ocrx_word' id='word_1_98' title='bbox 1321 1267 1472 1347; x_wconf 86' lang='lat' dir='ltr'>leges</span> <span class='ocrx_word' id='word_1_99' title='bbox 1511 1269 1842 1328; x_wconf 79' lang='lat' dir='ltr'>servandas,</span> <span class='ocrx_word' id='word_1_100' title='bbox 1888 1270 2036 1328; x_wconf 90' lang='lat' dir='ltr'>Hinc</span> <span class='ocrx_word' id='word_1_101' title='bbox 2067 1270 2167 1331; x_wconf 81' lang='lat' dir='ltr'>vix</span> <span class='ocrx_word' id='word_1_102' title='bbox 2196 1272 2444 1331; x_wconf 88' lang='lat' dir='ltr'>infantes</span> 
     </span>
     <span class='ocr_line' id='line_1_12' title="bbox 358 1363 2448 1443; baseline 0 -17"><span class='ocrx_word' id='word_1_103' title='bbox 358 1365 696 1426; x_wconf 88' lang='lat' dir='ltr'>adolescunt</span> <span class='ocrx_word' id='word_1_104' title='bbox 716 1407 732 1436; x_wconf 86' lang='lat'>.,</span> <span class='ocrx_word' id='word_1_105' title='bbox 759 1363 902 1443; x_wconf 89' lang='lat' dir='ltr'>quin</span> <span class='ocrx_word' id='word_1_106' title='bbox 925 1363 1355 1440; x_wconf 82' lang='lat' dir='ltr'>interrogentur</span> <span class='ocrx_word' id='word_1_107' title='bbox 1375 1406 1391 1435; x_wconf 78' lang='lat'>.,</span> <span class='ocrx_word' id='word_1_108' title='bbox 1427 1383 1503 1420; x_wconf 88' lang='lat' dir='ltr'>an</span> <span class='ocrx_word' id='word_1_109' title='bbox 1524 1363 1708 1424; x_wconf 85' lang='lat' dir='ltr'>velint</span> <span class='ocrx_word' id='word_1_110' title='bbox 1729 1385 1836 1423; x_wconf 91' lang='lat' dir='ltr'>nec</span> <span class='ocrx_word' id='word_1_111' title='bbox 1861 1386 1935 1423; x_wconf 93' lang='lat' dir='ltr'>ne</span> <span class='ocrx_word' id='word_1_112' title='bbox 1960 1364 2176 1443; x_wconf 83' lang='lat' dir='ltr'>legibus</span> <span class='ocrx_word' id='word_1_113' title='bbox 2217 1364 2448 1426; x_wconf 88' lang='lat' dir='ltr'>obtem-</span> 
     </span>
     <span class='ocr_line' id='line_1_13' title="bbox 356 1455 2446 1543; baseline 0 -23"><span class='ocrx_word' id='word_1_114' title='bbox 356 1481 560 1543; x_wconf 88' lang='lat' dir='ltr'>perare</span> <span class='ocrx_word' id='word_1_115' title='bbox 579 1504 595 1533; x_wconf 85' lang='lat'>.,</span> <span class='ocrx_word' id='word_1_116' title='bbox 634 1456 788 1516; x_wconf 87' lang='lat' dir='ltr'>illico</span> <span class='ocrx_word' id='word_1_117' title='bbox 804 1467 1087 1536; x_wconf 81' lang='lat' dir='ltr'>coguntur</span> <span class='ocrx_word' id='word_1_118' title='bbox 1101 1477 1207 1538; x_wconf 92' lang='lat' dir='ltr'>per</span> <span class='ocrx_word' id='word_1_119' title='bbox 1227 1477 1429 1537; x_wconf 89' lang='lat' dir='ltr'>poenas</span> <span class='ocrx_word' id='word_1_120' title='bbox 1452 1457 1515 1514; x_wconf 90' lang='lat' dir='ltr'>in</span> <span class='ocrx_word' id='word_1_121' title='bbox 1539 1455 1938 1537; x_wconf 84' lang='lat' dir='ltr'>delinquentes</span> <span class='ocrx_word' id='word_1_122' title='bbox 1970 1470 2213 1518; x_wconf 86' lang='lat' dir='ltr'>statutas</span> <span class='ocrx_word' id='word_1_123' title='bbox 2240 1460 2446 1521; x_wconf 90' lang='lat' dir='ltr'>iisdem</span> 
     </span>
     <span class='ocr_line' id='line_1_14' title="bbox 354 1555 611 1636; baseline -0.016 -20"><span class='ocrx_word' id='word_1_124' title='bbox 354 1555 611 1636; x_wconf 91' lang='lat' dir='ltr'>obsequi.</span> 
     </span>
    </p>

    <p class='ocr_par' dir='ltr' id='par_1_3' title="bbox 339 1646 2445 3333">
     <span class='ocr_line' id='line_1_15' title="bbox 433 1646 2443 1729; baseline 0 -21"><span class='ocrx_word' id='word_1_125' title='bbox 433 1650 570 1709; x_wconf 79' lang='lat'><strong>120.</strong></span> <span class='ocrx_word' id='word_1_126' title='bbox 615 1646 879 1707; x_wconf 89' lang='lat' dir='ltr'>Addatur</span> <span class='ocrx_word' id='word_1_127' title='bbox 900 1692 915 1721; x_wconf 75' lang='grc'><em>,</em></span> <span class='ocrx_word' id='word_1_128' title='bbox 953 1667 1058 1728; x_wconf 86' lang='lat' dir='ltr'>per</span> <span class='ocrx_word' id='word_1_129' title='bbox 1081 1646 1440 1728; x_wconf 87' lang='lat' dir='ltr'>Baptismum</span> <span class='ocrx_word' id='word_1_130' title='bbox 1477 1668 1952 1729; x_wconf 89' lang='lat' dir='ltr'>unumquemque</span> <span class='ocrx_word' id='word_1_131' title='bbox 1979 1671 2011 1708; x_wconf 89' lang='lat' dir='ltr'>a</span> <span class='ocrx_word' id='word_1_132' title='bbox 2041 1651 2292 1710; x_wconf 86' lang='lat' dir='ltr'>maximo</span> <span class='ocrx_word' id='word_1_133' title='bbox 2334 1650 2443 1709; x_wconf 89' lang='lat' dir='ltr'>sibi</span> 
     </span>
     <span class='ocr_line' id='line_1_16' title="bbox 357 1740 2438 1826; baseline 0 -22"><span class='ocrx_word' id='word_1_134' title='bbox 357 1743 736 1826; x_wconf 86' lang='lat' dir='ltr'>impendente</span> <span class='ocrx_word' id='word_1_135' title='bbox 786 1740 940 1800; x_wconf 88' lang='lat' dir='ltr'>malo</span> <span class='ocrx_word' id='word_1_136' title='bbox 974 1742 1117 1822; x_wconf 89' lang='lat' dir='ltr'>eripi</span> <span class='ocrx_word' id='word_1_137' title='bbox 1143 1786 1159 1815; x_wconf 78' lang='lat'>‚</span> <span class='ocrx_word' id='word_1_138' title='bbox 1196 1753 1255 1800; x_wconf 92' lang='lat' dir='ltr'>et</span> <span class='ocrx_word' id='word_1_139' title='bbox 1290 1741 1364 1800; x_wconf 90' lang='lat' dir='ltr'>ad</span> <span class='ocrx_word' id='word_1_140' title='bbox 1400 1742 1721 1800; x_wconf 87' lang='lat' dir='ltr'>maximum</span> <span class='ocrx_word' id='word_1_141' title='bbox 1754 1741 1977 1800; x_wconf 90' lang='lat' dir='ltr'>bonum</span> <span class='ocrx_word' id='word_1_142' title='bbox 1994 1747 2089 1821; x_wconf 88' lang='lat' dir='ltr'>jus</span> <span class='ocrx_word' id='word_1_143' title='bbox 2129 1746 2438 1824; x_wconf 89' lang='lat' dir='ltr'>acquirere.</span> 
     </span>
     <span class='ocr_line' id='line_1_17' title="bbox 352 1835 2441 1918; baseline -0.001 -19"><span class='ocrx_word' id='word_1_144' title='bbox 352 1839 607 1899; x_wconf 87' lang='lat' dir='ltr'>Tenetur</span> <span class='ocrx_word' id='word_1_145' title='bbox 643 1837 815 1916; x_wconf 80' lang='lat' dir='ltr'>igitur</span> <span class='ocrx_word' id='word_1_146' title='bbox 845 1836 1237 1916; x_wconf 91' lang='lat' dir='ltr'>unusquisque</span> <span class='ocrx_word' id='word_1_147' title='bbox 1275 1835 1348 1894; x_wconf 90' lang='lat' dir='ltr'>ad</span> <span class='ocrx_word' id='word_1_148' title='bbox 1381 1857 1508 1895; x_wconf 91' lang='lat' dir='ltr'>eam</span> <span class='ocrx_word' id='word_1_149' title='bbox 1534 1835 1923 1895; x_wconf 88' lang='lat' dir='ltr'>conditionem</span> <span class='ocrx_word' id='word_1_150' title='bbox 1960 1836 2394 1918; x_wconf 87' lang='lat' dir='ltr'>adimplendam</span> <span class='ocrx_word' id='word_1_151' title='bbox 2422 1882 2441 1914; x_wconf 75' lang='lat'>,</span> 
     </span>
     <span class='ocr_line' id='line_1_18' title="bbox 351 1929 2444 2013; baseline -0 -21"><span class='ocrx_word' id='word_1_152' title='bbox 351 1935 476 1992; x_wconf 87' lang='lat' dir='ltr'>sine</span> <span class='ocrx_word' id='word_1_153' title='bbox 513 1954 626 2013; x_wconf 90' lang='lat' dir='ltr'>qua</span> <span class='ocrx_word' id='word_1_154' title='bbox 678 1952 786 1990; x_wconf 89' lang='lat' dir='ltr'>nec</span> <span class='ocrx_word' id='word_1_155' title='bbox 834 1929 1055 1989; x_wconf 90' lang='lat' dir='ltr'>malum</span> <span class='ocrx_word' id='word_1_156' title='bbox 1099 1929 1246 1989; x_wconf 92' lang='lat' dir='ltr'>illud</span> <span class='ocrx_word' id='word_1_157' title='bbox 1291 1929 1569 2004; x_wconf 59' lang='lat' dir='ltr'>evadere„</span> <span class='ocrx_word' id='word_1_158' title='bbox 1620 1942 1895 1990; x_wconf 80' lang='lat' dir='ltr'>aeternam</span> <span class='ocrx_word' id='word_1_159' title='bbox 1949 1932 2160 1991; x_wconf 88' lang='lat' dir='ltr'>scilicet</span> <span class='ocrx_word' id='word_1_160' title='bbox 2200 1932 2444 1991; x_wconf 91' lang='lat' dir='ltr'>damna-</span> 
     </span>
     <span class='ocr_line' id='line_1_19' title="bbox 349 2023 2445 2101; baseline 0 -15"><span class='ocrx_word' id='word_1_161' title='bbox 349 2030 578 2087; x_wconf 82' lang='lat' dir='ltr'>tionem</span> <span class='ocrx_word' id='word_1_162' title='bbox 601 2072 617 2101; x_wconf 69' lang='lat'>,</span> <span class='ocrx_word' id='word_1_163' title='bbox 656 2047 765 2084; x_wconf 89' lang='lat' dir='ltr'>nec</span> <span class='ocrx_word' id='word_1_164' title='bbox 798 2036 1032 2083; x_wconf 87' lang='lat' dir='ltr'>tantum</span> <span class='ocrx_word' id='word_1_165' title='bbox 1065 2023 1286 2083; x_wconf 89' lang='lat' dir='ltr'>bonum</span> <span class='ocrx_word' id='word_1_166' title='bbox 1309 2070 1324 2099; x_wconf 77' lang='grc'><em>,</em></span> <span class='ocrx_word' id='word_1_167' title='bbox 1373 2025 1692 2101; x_wconf 89' lang='lat' dir='ltr'>cujusmodi</span> <span class='ocrx_word' id='word_1_168' title='bbox 1726 2037 1814 2084; x_wconf 91' lang='lat' dir='ltr'>est</span> <span class='ocrx_word' id='word_1_169' title='bbox 1852 2036 2070 2085; x_wconf 82' lang='lat' dir='ltr'>aeterna</span> <span class='ocrx_word' id='word_1_170' title='bbox 2104 2026 2258 2101; x_wconf 74' lang='lat' dir='ltr'>vita,</span> <span class='ocrx_word' id='word_1_171' title='bbox 2289 2046 2445 2086; x_wconf 90' lang='lat' dir='ltr'>asse-</span> 
     </span>
     <span class='ocr_line' id='line_1_20' title="bbox 339 2119 2443 2204; baseline -0 -24"><span class='ocrx_word' id='word_1_172' title='bbox 339 2123 452 2204; x_wconf 34' lang='lat' dir='ltr'>aqui</span> <span class='ocrx_word' id='word_1_173' title='bbox 496 2121 794 2203; x_wconf 87' lang='lat' dir='ltr'>potuisset.</span> <span class='ocrx_word' id='word_1_174' title='bbox 853 2121 997 2177; x_wconf 91' lang='lat' dir='ltr'>Cum</span> <span class='ocrx_word' id='word_1_175' title='bbox 1056 2121 1216 2177; x_wconf 86' lang='lat' dir='ltr'>enirn</span> <span class='ocrx_word' id='word_1_176' title='bbox 1272 2119 1516 2178; x_wconf 89' lang='lat' dir='ltr'>Ecclesia</span> <span class='ocrx_word' id='word_1_177' title='bbox 1565 2121 1705 2178; x_wconf 90' lang='lat' dir='ltr'>sciat</span> <span class='ocrx_word' id='word_1_178' title='bbox 1754 2119 1903 2178; x_wconf 90' lang='lat' dir='ltr'>hanc</span> <span class='ocrx_word' id='word_1_179' title='bbox 1959 2119 2352 2180; x_wconf 86' lang='lat' dir='ltr'>conditionem</span> <span class='ocrx_word' id='word_1_180' title='bbox 2409 2142 2443 2179; x_wconf 85' lang='lat' dir='ltr'>a</span> 
     </span>
     <span class='ocr_line' id='line_1_21' title="bbox 352 2212 2441 2296; baseline -0 -21"><span class='ocrx_word' id='word_1_181' title='bbox 352 2218 579 2277; x_wconf 87' lang='lat' dir='ltr'>Christo</span> <span class='ocrx_word' id='word_1_182' title='bbox 627 2213 951 2296; x_wconf 82' lang='lat' dir='ltr'>appositam</span> <span class='ocrx_word' id='word_1_183' title='bbox 994 2212 1342 2291; x_wconf 88' lang='lat' dir='ltr'>baptizando</span> <span class='ocrx_word' id='word_1_184' title='bbox 1370 2259 1387 2287; x_wconf 84' lang='lat'>.,</span> <span class='ocrx_word' id='word_1_185' title='bbox 1431 2215 1655 2290; x_wconf 82' lang='lat' dir='ltr'>nemini</span> <span class='ocrx_word' id='word_1_186' title='bbox 1691 2214 1954 2272; x_wconf 86' lang='lat' dir='ltr'>conferre</span> <span class='ocrx_word' id='word_1_187' title='bbox 1990 2214 2116 2276; x_wconf 89' lang='lat' dir='ltr'>vult</span> <span class='ocrx_word' id='word_1_188' title='bbox 2144 2236 2441 2294; x_wconf 82' lang='lat' dir='ltr'>regenera-</span> 
     </span>
     <span class='ocr_line' id='line_1_22' title="bbox 349 2306 2440 2390; baseline -0.001 -21"><span class='ocrx_word' id='word_1_189' title='bbox 349 2311 522 2370; x_wconf 83' lang='lat' dir='ltr'>tionis</span> <span class='ocrx_word' id='word_1_190' title='bbox 533 2310 830 2369; x_wconf 78' lang='lat' dir='ltr'>lavacrum</span> <span class='ocrx_word' id='word_1_191' title='bbox 849 2352 865 2381; x_wconf 88' lang='lat'>,</span> <span class='ocrx_word' id='word_1_192' title='bbox 893 2309 1035 2387; x_wconf 90' lang='lat' dir='ltr'>quin</span> <span class='ocrx_word' id='word_1_193' title='bbox 1059 2307 1166 2364; x_wconf 90' lang='lat' dir='ltr'>sibi</span> <span class='ocrx_word' id='word_1_194' title='bbox 1187 2318 1408 2365; x_wconf 84' lang='lat' dir='ltr'>constet</span> <span class='ocrx_word' id='word_1_195' title='bbox 1433 2306 1503 2365; x_wconf 91' lang='lat' dir='ltr'>de</span> <span class='ocrx_word' id='word_1_196' title='bbox 1520 2308 1695 2387; x_wconf 89' lang='lat' dir='ltr'>ipsius</span> <span class='ocrx_word' id='word_1_197' title='bbox 1717 2306 2019 2366; x_wconf 83' lang='lat' dir='ltr'>voluntate</span> <span class='ocrx_word' id='word_1_198' title='bbox 2045 2319 2143 2367; x_wconf 87' lang='lat' dir='ltr'>aut</span> <span class='ocrx_word' id='word_1_199' title='bbox 2173 2330 2440 2390; x_wconf 81' lang='lat' dir='ltr'>expressa</span> 
     </span>
     <span class='ocr_line' id='line_1_23' title="bbox 348 2398 2441 2486; baseline -0.001 -23"><span class='ocrx_word' id='word_1_200' title='bbox 348 2415 450 2463; x_wconf 90' lang='lat' dir='ltr'>aut</span> <span class='ocrx_word' id='word_1_201' title='bbox 500 2412 853 2486; x_wconf 79' lang='lat' dir='ltr'>praesumpta</span> <span class='ocrx_word' id='word_1_202' title='bbox 917 2399 1197 2478; x_wconf 89' lang='lat' dir='ltr'>ejusmodi</span> <span class='ocrx_word' id='word_1_203' title='bbox 1249 2398 1592 2458; x_wconf 88' lang='lat' dir='ltr'>conditionis</span> <span class='ocrx_word' id='word_1_204' title='bbox 1643 2400 2044 2482; x_wconf 68' lang='lat' dir='ltr'>adimplendae.</span> <span class='ocrx_word' id='word_1_205' title='bbox 2102 2404 2287 2473; x_wconf 84' lang='lat' dir='ltr'>Quare</span> <span class='ocrx_word' id='word_1_206' title='bbox 2339 2413 2441 2461; x_wconf 89' lang='lat' dir='ltr'>aut</span> 
     </span>
     <span class='ocr_line' id='line_1_24' title="bbox 347 2493 2431 2581; baseline -0.001 -23"><span class='ocrx_word' id='word_1_207' title='bbox 347 2498 623 2581; x_wconf 88' lang='lat' dir='ltr'>praesumi</span> <span class='ocrx_word' id='word_1_208' title='bbox 641 2495 827 2556; x_wconf 55' lang='lat' dir='ltr'>⁴debet</span> <span class='ocrx_word' id='word_1_209' title='bbox 855 2493 984 2553; x_wconf 90' lang='lat' dir='ltr'>talis</span> <span class='ocrx_word' id='word_1_210' title='bbox 1019 2494 1286 2554; x_wconf 86' lang='lat' dir='ltr'>voluntas</span> <span class='ocrx_word' id='word_1_211' title='bbox 1311 2495 1373 2551; x_wconf 92' lang='lat' dir='ltr'>in</span> <span class='ocrx_word' id='word_1_212' title='bbox 1398 2493 1716 2553; x_wconf 87' lang='lat' dir='ltr'>infantibus</span> <span class='ocrx_word' id='word_1_213' title='bbox 1737 2538 1754 2567; x_wconf 65' lang='lat' dir='ltr'>a</span> <span class='ocrx_word' id='word_1_214' title='bbox 1792 2504 1891 2552; x_wconf 89' lang='lat' dir='ltr'>aut</span> <span class='ocrx_word' id='word_1_215' title='bbox 1923 2515 2123 2553; x_wconf 89' lang='lat' dir='ltr'>omnes</span> <span class='ocrx_word' id='word_1_216' title='bbox 2150 2517 2183 2553; x_wconf 91' lang='lat' dir='ltr'>a</span> <span class='ocrx_word' id='word_1_217' title='bbox 2214 2497 2431 2577; x_wconf 86' lang='lat' dir='ltr'>Baptis-</span> 
     </span>
     <span class='ocr_line' id='line_1_25' title="bbox 348 2587 2440 2669; baseline -0.001 -17"><span class='ocrx_word' id='word_1_218' title='bbox 348 2604 506 2652; x_wconf 88' lang='lat' dir='ltr'>mate</span> <span class='ocrx_word' id='word_1_219' title='bbox 541 2602 733 2651; x_wconf 88' lang='lat' dir='ltr'>essent</span> <span class='ocrx_word' id='word_1_220' title='bbox 764 2589 1040 2661; x_wconf 64' lang='lat' dir='ltr'>arcendi.)</span> <span class='ocrx_word' id='word_1_221' title='bbox 1083 2610 1216 2647; x_wconf 90' lang='lat' dir='ltr'>cum</span> <span class='ocrx_word' id='word_1_222' title='bbox 1250 2609 1387 2647; x_wconf 87' lang='lat' dir='ltr'>vero</span> <span class='ocrx_word' id='word_1_223' title='bbox 1415 2590 1696 2669; x_wconf 90' lang='lat' dir='ltr'>posterius</span> <span class='ocrx_word' id='word_1_224' title='bbox 1724 2587 1830 2645; x_wconf 89' lang='lat' dir='ltr'>hoc</span> <span class='ocrx_word' id='word_1_225' title='bbox 1854 2608 1960 2646; x_wconf 90' lang='lat' dir='ltr'>nec</span> <span class='ocrx_word' id='word_1_226' title='bbox 1997 2587 2308 2649; x_wconf 85' lang='lat' dir='ltr'>adversarii</span> <span class='ocrx_word' id='word_1_227' title='bbox 2342 2590 2440 2650; x_wconf 88' lang='lat' dir='ltr'>ad-</span> 
     </span>
     <span class='ocr_line' id='line_1_26' title="bbox 347 2681 2438 2766; baseline -0 -20"><span class='ocrx_word' id='word_1_228' title='bbox 347 2689 623 2759; x_wconf 73' lang='lat' dir='ltr'>mittant,</span> <span class='ocrx_word' id='word_1_229' title='bbox 664 2685 827 2766; x_wconf 87' lang='lat' dir='ltr'>prius</span> <span class='ocrx_word' id='word_1_230' title='bbox 856 2682 1169 2741; x_wconf 88' lang='lat' dir='ltr'>concedere</span> <span class='ocrx_word' id='word_1_231' title='bbox 1210 2681 1447 2740; x_wconf 88' lang='lat' dir='ltr'>debent.</span> <span class='ocrx_word' id='word_1_232' title='bbox 1491 2683 1568 2739; x_wconf 92' lang='lat' dir='ltr'>Ut</span> <span class='ocrx_word' id='word_1_233' title='bbox 1605 2692 1798 2740; x_wconf 88' lang='lat' dir='ltr'>autem</span> <span class='ocrx_word' id='word_1_234' title='bbox 1836 2683 2036 2760; x_wconf 88' lang='lat' dir='ltr'>majori</span> <span class='ocrx_word' id='word_1_235' title='bbox 2072 2682 2438 2745; x_wconf 84' lang='lat' dir='ltr'>solemnitate</span> 
     </span>
     <span class='ocr_line' id='line_1_27' title="bbox 346 2775 2435 2857; baseline -0.002 -16"><span class='ocrx_word' id='word_1_236' title='bbox 346 2782 409 2841; x_wconf 90' lang='lat' dir='ltr'>id</span> <span class='ocrx_word' id='word_1_237' title='bbox 449 2789 672 2840; x_wconf 91' lang='lat' dir='ltr'>constet</span> <span class='ocrx_word' id='word_1_238' title='bbox 697 2823 714 2855; x_wconf 86' lang='lat'>‚</span> <span class='ocrx_word' id='word_1_239' title='bbox 759 2776 1157 2836; x_wconf 86' lang='lat' dir='ltr'>accommodat</span> <span class='ocrx_word' id='word_1_240' title='bbox 1198 2778 1292 2857; x_wconf 86' lang='lat' dir='ltr'>pia</span> <span class='ocrx_word' id='word_1_241' title='bbox 1330 2787 1515 2835; x_wconf 88' lang='lat' dir='ltr'>mater</span> <span class='ocrx_word' id='word_1_242' title='bbox 1548 2775 1637 2834; x_wconf 87' lang='lat' dir='ltr'>his</span> <span class='ocrx_word' id='word_1_243' title='bbox 1672 2775 1988 2835; x_wconf 88' lang='lat' dir='ltr'>infantibus</span> <span class='ocrx_word' id='word_1_244' title='bbox 2023 2778 2292 2837; x_wconf 84' lang='lat' dir='ltr'>vicariam</span> <span class='ocrx_word' id='word_1_245' title='bbox 2318 2778 2435 2837; x_wconf 86' lang='lat' dir='ltr'>lin-</span> 
     </span>
     <span class='ocr_line' id='line_1_28' title="bbox 347 2872 2434 2957; baseline -0.001 -21"><span class='ocrx_word' id='word_1_246' title='bbox 347 2898 522 2957; x_wconf 82' lang='lat' dir='ltr'>guam</span> <span class='ocrx_word' id='word_1_247' title='bbox 543 2886 602 2934; x_wconf 91' lang='lat' dir='ltr'>et</span> <span class='ocrx_word' id='word_1_248' title='bbox 637 2873 1008 2955; x_wconf 87' lang='lat' dir='ltr'>sponsionem</span> <span class='ocrx_word' id='word_1_249' title='bbox 1034 2882 1449 2954; x_wconf 87' lang='lat' dir='ltr'>susceptorum.</span> <span class='ocrx_word' id='word_1_250' title='bbox 1481 2872 1611 2930; x_wconf 82' lang='lat' dir='ltr'>Dixi</span> <span class='ocrx_word' id='word_1_251' title='bbox 1633 2877 1859 2948; x_wconf 75' lang='lat' dir='ltr'>may&#39;ori</span> <span class='ocrx_word' id='word_1_252' title='bbox 1884 2874 2275 2945; x_wconf 75' lang='lat' dir='ltr'>solemnitate,</span> <span class='ocrx_word' id='word_1_253' title='bbox 2313 2896 2434 2933; x_wconf 91' lang='lat' dir='ltr'>non</span> 
     </span>
     <span class='ocr_line' id='line_1_29' title="bbox 348 2966 2432 3048; baseline -0.001 -18"><span class='ocrx_word' id='word_1_254' title='bbox 348 2982 545 3030; x_wconf 90' lang='lat' dir='ltr'>autem</span> <span class='ocrx_word' id='word_1_255' title='bbox 575 2990 646 3028; x_wconf 85' lang='lat' dir='ltr'>ex</span> <span class='ocrx_word' id='word_1_256' title='bbox 670 2967 1048 3040; x_wconf 78' lang='lat' dir='ltr'>necessitate3</span> <span class='ocrx_word' id='word_1_257' title='bbox 1096 2966 1230 3047; x_wconf 87' lang='lat' dir='ltr'>quia</span> <span class='ocrx_word' id='word_1_258' title='bbox 1254 3011 1269 3039; x_wconf 86' lang='grc'>.,</span> <span class='ocrx_word' id='word_1_259' title='bbox 1309 2966 1532 3025; x_wconf 89' lang='lat' dir='ltr'>etiamsi</span> <span class='ocrx_word' id='word_1_260' title='bbox 1569 2968 1890 3048; x_wconf 91' lang='lat' dir='ltr'>Baptismus</span> <span class='ocrx_word' id='word_1_261' title='bbox 1929 2968 2203 3048; x_wconf 87' lang='lat' dir='ltr'>privatim</span> <span class='ocrx_word' id='word_1_262' title='bbox 2243 2967 2432 3028; x_wconf 88' lang='lat' dir='ltr'>admi-</span> 
     </span>
     <span class='ocr_line' id='line_1_30' title="bbox 344 3060 2428 3144; baseline -0.001 -20"><span class='ocrx_word' id='word_1_263' title='bbox 344 3067 689 3128; x_wconf 68' lang='lat' dir='ltr'>nistraretur</span> <span class='ocrx_word' id='word_1_264' title='bbox 705 3061 919 3142; x_wconf 90' lang='lat' dir='ltr'>absque</span> <span class='ocrx_word' id='word_1_265' title='bbox 936 3061 1216 3138; x_wconf 86' lang='lat' dir='ltr'>ejusmodi</span> <span class='ocrx_word' id='word_1_266' title='bbox 1232 3060 1639 3144; x_wconf 84' lang='lat' dir='ltr'>sponsionibus</span> <span class='ocrx_word' id='word_1_267' title='bbox 1660 3106 1675 3132; x_wconf 79' lang='lat'>.,</span> <span class='ocrx_word' id='word_1_268' title='bbox 1692 3062 1989 3120; x_wconf 86' lang='lat' dir='ltr'>teneretur</span> <span class='ocrx_word' id='word_1_269' title='bbox 2004 3074 2200 3122; x_wconf 89' lang='lat' dir='ltr'>tamen</span> <span class='ocrx_word' id='word_1_270' title='bbox 2217 3063 2428 3137; x_wconf 73' lang='lat' dir='ltr'>infam,</span> 
     </span>
     <span class='ocr_line' id='line_1_31' title="bbox 342 3142 2430 3239; baseline -0.002 -20"><span class='ocrx_word' id='word_1_271' title='bbox 342 3181 479 3219; x_wconf 89' lang='lat' dir='ltr'>cum</span> <span class='ocrx_word' id='word_1_272' title='bbox 518 3142 1035 3232; x_wconf 43' lang='lat' dir='ltr'>adoleverit‚·eam</span> <span class='ocrx_word' id='word_1_273' title='bbox 1069 3156 1457 3215; x_wconf 90' lang='lat' dir='ltr'>conditionem</span> <span class='ocrx_word' id='word_1_274' title='bbox 1499 3157 1850 3239; x_wconf 88' lang='lat' dir='ltr'>adimplere,</span> <span class='ocrx_word' id='word_1_275' title='bbox 1889 3180 2065 3239; x_wconf 87' lang='lat' dir='ltr'>quam</span> <span class='ocrx_word' id='word_1_276' title='bbox 2107 3180 2177 3218; x_wconf 82' lang='lat' dir='ltr'>ex</span> <span class='ocrx_word' id='word_1_277' title='bbox 2220 3157 2430 3217; x_wconf 89' lang='lat' dir='ltr'>Christi</span> 
     </span>
     <span class='ocr_line' id='line_1_32' title="bbox 346 3250 1784 3333; baseline -0.005 -16"><span class='ocrx_word' id='word_1_278' title='bbox 346 3254 647 3317; x_wconf 86' lang='lat' dir='ltr'>voluntate</span> <span class='ocrx_word' id='word_1_279' title='bbox 667 3253 991 3332; x_wconf 87' lang='lat' dir='ltr'>Baptismus</span> <span class='ocrx_word' id='word_1_280' title='bbox 1024 3250 1268 3310; x_wconf 88' lang='lat' dir='ltr'>includit</span> <span class='ocrx_word' id='word_1_281' title='bbox 1297 3273 1360 3310; x_wconf 91' lang='lat' dir='ltr'>ac</span> <span class='ocrx_word' id='word_1_282' title='bbox 1394 3274 1514 3333; x_wconf 85' lang='lat' dir='ltr'>prae</span> <span class='ocrx_word' id='word_1_283' title='bbox 1555 3273 1614 3310; x_wconf 93' lang='lat' dir='ltr'>se</span> <span class='ocrx_word' id='word_1_284' title='bbox 1654 3253 1784 3311; x_wconf 88' lang='lat' dir='ltr'>fert.</span> 
     </span>
    </p>

    <p class='ocr_par' dir='ltr' id='par_1_4' title="bbox 343 3346 2429 3711">
     <span class='ocr_line' id='line_1_33' title="bbox 422 3346 2429 3427; baseline -0 -21"><span class='ocrx_word' id='word_1_285' title='bbox 422 3348 566 3406; x_wconf 47' lang='lat'>2121.</span> <span class='ocrx_word' id='word_1_286' title='bbox 615 3348 750 3405; x_wconf 84' lang='lat' dir='ltr'>Haec</span> <span class='ocrx_word' id='word_1_287' title='bbox 792 3357 1021 3418; x_wconf 79' lang='lat' dir='ltr'>autem,</span> <span class='ocrx_word' id='word_1_288' title='bbox 1070 3356 1277 3427; x_wconf 78' lang='lat' dir='ltr'>praeter</span> <span class='ocrx_word' id='word_1_289' title='bbox 1323 3346 1654 3426; x_wconf 82' lang='lat' dir='ltr'>exemplum</span> <span class='ocrx_word' id='word_1_290' title='bbox 1704 3347 1883 3409; x_wconf 89' lang='lat' dir='ltr'>civilis</span> <span class='ocrx_word' id='word_1_291' title='bbox 1927 3346 2240 3419; x_wconf 38' lang='lat' dir='ltr'>societati&amp;</span> <span class='ocrx_word' id='word_1_292' title='bbox 2290 3367 2429 3405; x_wconf 89' lang='lat' dir='ltr'>con-</span> 
     </span>
     <span class='ocr_line' id='line_1_34' title="bbox 344 3440 2429 3523; baseline -0.001 -21"><span class='ocrx_word' id='word_1_293' title='bbox 344 3445 651 3502; x_wconf 89' lang='lat' dir='ltr'>firmantur</span> <span class='ocrx_word' id='word_1_294' title='bbox 683 3462 753 3499; x_wconf 83' lang='lat' dir='ltr'>ex</span> <span class='ocrx_word' id='word_1_295' title='bbox 788 3451 1066 3521; x_wconf 90' lang='lat' dir='ltr'>perpetua</span> <span class='ocrx_word' id='word_1_296' title='bbox 1104 3440 1362 3500; x_wconf 83' lang='lat' dir='ltr'>Ecclesiae</span> <span class='ocrx_word' id='word_1_297' title='bbox 1398 3442 1596 3523; x_wconf 64' lang='lat' dir='ltr'>praxi„</span> <span class='ocrx_word' id='word_1_298' title='bbox 1638 3464 1765 3521; x_wconf 82' lang='lat' dir='ltr'>quae</span> <span class='ocrx_word' id='word_1_299' title='bbox 1801 3463 2098 3523; x_wconf 89' lang='lat' dir='ltr'>nunquam</span> <span class='ocrx_word' id='word_1_300' title='bbox 2131 3442 2429 3503; x_wconf 86' lang='lat' dir='ltr'>consuevit</span> 
     </span>
     <span class='ocr_line' id='line_1_35' title="bbox 343 3535 2424 3619; baseline -0 -24"><span class='ocrx_word' id='word_1_301' title='bbox 343 3557 659 3619; x_wconf 84' lang='lat' dir='ltr'>puerorum</span> <span class='ocrx_word' id='word_1_302' title='bbox 697 3536 964 3593; x_wconf 85' lang='lat' dir='ltr'>sciscitari</span> <span class='ocrx_word' id='word_1_303' title='bbox 1001 3535 1361 3596; x_wconf 88' lang='lat' dir='ltr'>voluntatem</span> <span class='ocrx_word' id='word_1_304' title='bbox 1388 3581 1404 3610; x_wconf 63' lang='grc'><em>,</em></span> <span class='ocrx_word' id='word_1_305' title='bbox 1455 3543 1512 3595; x_wconf 85' lang='lat' dir='ltr'>et</span> <span class='ocrx_word' id='word_1_306' title='bbox 1541 3558 1610 3596; x_wconf 84' lang='lat' dir='ltr'>ex</span> <span class='ocrx_word' id='word_1_307' title='bbox 1642 3538 1804 3618; x_wconf 85' lang='lat' dir='ltr'>praxi</span> <span class='ocrx_word' id='word_1_308' title='bbox 1854 3536 2061 3598; x_wconf 87' lang='lat' dir='ltr'>veteris</span> <span class='ocrx_word' id='word_1_309' title='bbox 2087 3537 2424 3614; x_wconf 73' lang='lat' dir='ltr'>Synagogae‚</span> 
     </span>
     <span class='ocr_line' id='line_1_36' title="bbox 344 3629 2425 3711; baseline 0 -23"><span class='ocrx_word' id='word_1_310' title='bbox 344 3653 469 3711; x_wconf 80' lang='lat' dir='ltr'>quae</span> <span class='ocrx_word' id='word_1_311' title='bbox 485 3674 505 3702; x_wconf 82' lang='lat'><em>‚</em></span> <span class='ocrx_word' id='word_1_312' title='bbox 541 3629 700 3688; x_wconf 89' lang='lat' dir='ltr'>nulla</span> <span class='ocrx_word' id='word_1_313' title='bbox 744 3631 1034 3711; x_wconf 83' lang='lat' dir='ltr'>praemissa</span> <span class='ocrx_word' id='word_1_314' title='bbox 1064 3631 1510 3709; x_wconf 78' lang='lat' dir='ltr'>interrogatione</span> <span class='ocrx_word' id='word_1_315' title='bbox 1537 3678 1553 3706; x_wconf 75' lang='grc'><em>,</em></span> <span class='ocrx_word' id='word_1_316' title='bbox 1591 3633 1840 3693; x_wconf 85' lang='lat' dir='ltr'>infantes</span> <span class='ocrx_word' id='word_1_317' title='bbox 1879 3631 2240 3690; x_wconf 83' lang='lat' dir='ltr'>circumcisos</span> <span class='ocrx_word' id='word_1_318' title='bbox 2272 3652 2425 3690; x_wconf 89' lang='lat' dir='ltr'>sem-</span> 
     </span>
    </p>
   </div>
   <div class='ocr_carea' id='block_1_3' title="bbox 337 3724 1429 3807">
    <p class='ocr_par' dir='ltr' id='par_1_5' title="bbox 337 3724 1429 3807">
     <span class='ocr_line' id='line_1_37' title="bbox 337 3724 1429 3807; baseline -0.002 -22"><span class='ocrx_word' id='word_1_319' title='bbox 337 3747 447 3807; x_wconf 82' lang='lat' dir='ltr'>per</span> <span class='ocrx_word' id='word_1_320' title='bbox 475 3725 664 3807; x_wconf 88' lang='lat' dir='ltr'>adegit</span> <span class='ocrx_word' id='word_1_321' title='bbox 698 3724 772 3784; x_wconf 87' lang='lat' dir='ltr'>ad.</span> <span class='ocrx_word' id='word_1_322' title='bbox 810 3724 946 3804; x_wconf 79' lang='lat' dir='ltr'>legis</span> <span class='ocrx_word' id='word_1_323' title='bbox 984 3724 1429 3788; x_wconf 87' lang='lat' dir='ltr'>observantiam.</span> 
     </span>
    </p>
   </div>
  </div>
 </body>
</html>
