2502 4186
298 201 416 262 348
973 216 1294 258 τΜοΤΑτυε
1337 220 1405 255 m:
1449 221 1840 262 EuanR1s‘r1A.

297 387 419 425 non
447 381 658 445 parum
683 359 1064 436 adversetur3
1093 382 1227 421 cum
1251 360 1350 421 ille
1370 360 1611 422 tollatur
1637 363 2174 424 communicationis
2205 383 2412 441 'nexus7

299 482 415 541 quo
436 456 700 517 Ecclesiae
723 477 1042 538 earumque
1065 466 1323 539 pastores
1344 456 1635 537 ingdivinis
1653 456 1827 516 rebus
1850 456 2052 515 sociari
2073 459 2292 520 debent
2308 462 2415 543 (1).

297 557 365 612 2⁰
394 554 475 611 Ex
510 574 578 611 eo
604 551 763 633 quod
793 551 1060 631 vulgares
1101 551 1311 634 linguae
1345 553 1591 612 firmiter
1630 553 1961 611 constitutae
1997 573 2121 610 non
2162 555 2312 634 sint7
2353 578 2418 615 ac

300 668 409 730 per
433 645 688 728 singulas
721 646 842 706 sere
883 657 1080 706 aetates
1114 648 1503 707 mutationem
1531 646 1779 707 subeant
1802 692 1818 720 7
1857 657 1923 704 ut
1959 646 2298 728 quotidiana
2323 672 2418 710 ex-

295 741 583 824 perientia
603 742 792 802 docet.
827 741 1105 823 Ideoque7
1123 741 1188 801 30
1207 743 1252 802 si
1277 743 1528 821 Liturgia
1554 741 1778 821 vulgari
1801 741 1996 821 lingua
2012 754 2411 823 perageretur,

297 837 395 898 vel
441 837 590 896 risus
630 835 701 895 'in
736 835 1108 896 audientibus
1155 837 1231 897 ob
1274 837 1391 897 stili
1434 837 1838 897 diversitatem
1875 838 2226 897 excitaretur
2250 882 2267 912 7
2323 838 2420 899 vel

298 933 621 1014 saepissime
665 931 962 992 mutandae
1003 944 1198 992 essent
1243 931 1317 992 ob
1353 943 1666 1015 perpetuas
1701 931 1919 1012 linguae
1956 931 2285 994 vernaculae
2329 934 2423 994 vi-

299 1027 661 1088 cissitudines
682 1053 698 1102 3
723 1027 882 1109 quod
905 1027 1121 1110 absque
1150 1029 1309 1108 gravi
1336 1027 1594 1110 periculo
1618 1027 1744 1086 fieri
1769 1049 1892 1086 non
1912 1039 2106 1110 potest
2123 1074 2139 1103 7
2164 1040 2233 1087 ut
2260 1039 2424 1110 patet

299 1145 371 1184 ex
395 1122 785 1199 versionibus7
801 1145 945 1205 quas
959 1124 1183 1182 sectarii
1209 1122 1532 1183 identidem
1566 1122 1858 1183 dederunt
1880 1169 1896 1199 7
1916 1144 2209 1183 sacrarum
2228 1124 2424 1206 Scrip-

299 1230 567 1278 turarum
587 1263 603 1294 7
633 1218 695 1276 in
721 1218 932 1300 quibus
954 1239 1179 1278 errores
1202 1240 1334 1278 suos
1362 1218 1741 1278 obtruserunt
1766 1220 1874 1300 (2).
1904 1218 1970 1277 4⁰
1990 1218 2220 1278 Accedit
2241 1263 2256 1293 7
2287 1219 2425 1277 nul—

298 1313 418 1373 lam
457 1313 720 1393 linguam
750 1313 895 1373 adeo
935 1312 1239 1393 vulgarem
1274 1334 1434 1389 esse7
1475 1315 1635 1373 utin
1677 1314 1941 1397 pluribus
1977 1313 2128 1376 villis
2165 1335 2230 1373 ac
2269 1315 2426 1395 pagis

299 1407 614 1470 vernacula
649 1408 762 1468 dici
805 1409 989 1491 possit
1002 1434 1024 1491 3
1063 1430 1243 1492 quare
1265 1455 1281 1484 7
1319 1410 1365 1468 si
1383 1409 1605 1471 valeret
1631 1410 2100 1471 adversariorum
2127 1410 2276 1469 ratio
2297 1455 2312 1484 7
2340 1420 2429 1468 tot

301 1504 585 1566 deberent
607 1506 731 1566 fieri
751 1508 1048 1568 versiones
1068 1552 1084 1582 7
1110 1518 1255 1590 quot
1280 1517 1417 1565 sunt
1444 1505 1779 1587 linguarum
1805 1507 2032 1567 dialecti
2060 1553 2076 1582 7
2112 1528 2247 1566 cum
2272 1526 2427 1588 saepe

303 1602 505 1661 rustici
540 1601 800 1684 linguam
850 1602 1152 1683 vulgarem
1196 1602 1440 1662 minime
1485 1602 1856 1684 intelligant3
1904 1601 2063 1686 quod
2117 1622 2427 1684 nunquam

300 1698 520 1757 factum
548 1710 636 1758 est
659 1745 675 1774 7
711 1719 821 1758 nec
854 1699 1003 1758 forte
1033 1699 1157 1758 fieri
1193 1708 1406 1780 posset.

387 1792 526 1852 390.
576 1794 726 1853 Hinc
746 1839 762 1869 7
790 1795 1057 1875 quamvis
1087 1797 1483 1854 Protestantes
1507 1816 1721 1876 magno
1742 1796 1969 1877 impetu
2002 1793 2428 1854 insurrexerint

303 1886 378 1947 ab
410 1889 577 1947 initio
609 1888 884 1949 adversus
903 1912 1075 1948 usum
1097 1889 1363 1949 Ecclesiae
1384 1893 1662 1950 Romanae
1685 1890 2018 1950 celebrandi
2050 1892 2220 1950 Sacra
2242 1888 2427 1947 latino

302 1981 580 2042 idiomate
601 2028 619 2058 7
639 1983 878 2043 demum
896 1985 1254 2066 experientia
1273 1984 1451 2060 docti7
1477 1985 1587 2044 hac
1608 1988 1785 2045 etiam
1799 1987 1862 2044 in
1884 1997 2051 2067 parte
2073 2008 2105 2044 a
2130 1984 2426 2066 proposito

304 2077 735 2159 aliquantulum
764 2079 1034 2140 recedere
1061 2080 1171 2140 visi
1195 2091 1353 2139 sunt.
1389 2083 1522 2139 Non
1550 2081 1629 2139 ita
1654 2080 1885 2163 pridem
1910 2081 2261 2162 professores
2293 2078 2432 2136 Uni-

302 2174 593 2236 versitatis
614 2175 954 2234 Oxoniensis
981 2176 1283 2256 conquesti
1311 2187 1449 2235 sunt
1468 2221 1483 2252 7
1517 2175 1676 2258 quod
1692 2197 1723 2234 a
1739 2178 2191 2256 Reformatz‘one
2213 2173 2288 2233 ob
2313 2173 2432 2232 uti-

304 2266 499 2327 litates
543 2270 911 2350 imaginarias
959 2263 1231 2330 derelicta
1284 2271 1460 2331 fuerit
1497 2272 1629 2331 idea
1675 2271 1865 2331 cultus
1915 2272 2067 2331 uniti
2087 2317 2105 2346 7
2165 2271 2226 2332 vi
2271 2272 2432 2346 cujus

305 2362 581 2423 identitas
605 2377 943 2448 temporum
968 2378 1027 2427 et
1057 2366 1266 2447 linguae
1312 2359 1468 2450 apud
1497 2367 1756 2431 diversas
1779 2367 2050 2427 nationes
2084 2376 2425 2428 conservata

304 2458 494 2520 fuerat
523 2460 630 2543 (3)

1126 2642 1609 2687 DIFFICULTATES.

391 2793 532 2853 391.
583 2793 713 2872 Obj.
779 2796 839 2854 1ο
900 2796 1039 2855 Haec
1093 2795 1398 2878 disciplina
1452 2807 1651 2878 aperte
1706 2795 2053 2859 adversatur
2103 2795 2376 2875 Apostolo
2409 2847 2422 2870 ‚

310 2891 335 2950 I
364 2890 499 2950 Cor.
543 2891 671 2949 XIV
693 2936 708 2965 7
768 2889 840 2949 13
874 2902 932 2950 et
956 2913 1117 2974 seqq.
1166 2915 1179 2953 :
1213 2894 1338 2973 Qui
1361 2894 1630 2972 loquitur
1656 2894 1874 2974 linqua
1902 2939 1918 2968 7
1950 2904 2074 2952 oret
2090 2936 2111 2965 ,
2137 2904 2211 2951 ut
2235 2898 2429 2952 inter-

297 2997 593 3065 pretetur.
612 2986 781 3047 Nam
783 3030 807 3059 ,
824 2992 882 3046 si
903 3009 1062 3047 orem
1088 2991 1303 3067 linqua
1327 2987 1351 3066 (
1373 2989 1675 3070 peregrina
1695 2989 1722 3068 )
1742 3034 1756 3063 7
1790 2993 2046 3069 spiritus
2072 3011 2235 3048 meus
2260 2999 2426 3060 orat,

310 3102 476 3141 mens
503 3094 704 3141 autem
737 3105 872 3143 mea
895 3087 1024 3143 sine
1039 3087 1258 3164 fructu
1287 3094 1386 3142 est.
1433 3084 1601 3163 Quid
1621 3106 1756 3165 erqo
1780 3083 1902 3146 est?
1931 3086 2131 3144 Oraho
2163 3089 2428 3165 spiritu,

379 3297 449 3363 (1)
484 3296 725 3347 Cfr.Com.
747 3298 817 3349 De
833 3299 1038 3362 Maistre,
1058 3298 1146 3349 Du
1162 3300 1319 3366 Pape,
1406 3300 1464 3349 lae
1497 3312 1594 3351 orta
1620 3305 1671 3351 in
1697 3303 2009 3353 celebratione
2037 3306 2298 3354 divinorum
2322 3303 2427 3351 offi-

309 3381 391 3430 liv.
421 3398 437 3428 1
456 3415 473 3442 ,
499 3381 577 3430 ch.
606 3396 682 3428 20.
1407 3387 1587 3432 ciorum
1632 3381 1759 3452 juxta
1799 3380 2036 3435 decretum
2070 3384 2428 3453 pseudo-synodi

380 3463 444 3529 (2)
462 3461 557 3511 cfr.
576 3462 768 3516 Guasco.
785 3461 1079 3513 Dizionaria
1091 3464 1326 3512 Ricciano
1409 3465 1717 3516 Pistoriensis.
2220 3460 2224 3463 ’

310 3563 334 3591 e
350 3546 694 3606 amir-inciam,
715 3546 773 3594 ad
791 3564 921 3596 voces
937 3545 1325 3595 Passio-Vettio·
1483 3548 1548 3613 (3)
1585 3548 1722 3614 Apud
1763 3548 2003 3599 Wiseman
2022 3587 2035 3610 ,
2085 3548 2295 3597 Πίσωνι.
2346 3552 2426 3598 cit.

309 3626 437 3684 ναῖε,
486 3629 569 3677 ubi
619 3628 845 3677 nonnulla
882 3647 1062 3678 amoena
1108 3631 1326 3682 anecdota
1407 3630 1528 3679 sallo
1556 3639 1676 3679 stato
1702 3632 1880 3680 attuale
1910 3632 1987 3679 del
2013 3628 2429 3680 Protestantesimo

312 3710 450 3758 refert
471 3729 525 3759 ex
555 3711 1080 3776 introductionelinguae
1105 3729 1325 3762 vernaeu·
1408 3714 1463 3761 in
1487 3711 1803 3778 Inqlzilterra,
1821 3714 1986 3776 Roma,
2023 3711 2148 3778 1837
2170 3750 2183 3775 ,
2209 3732 2315 3780 pag.
2348 3730 2427 3762 10.
