2502 4186
2097 190 2177 252 93

528 206 648 245 GAP.
691 207 733 244 1.
778 206 846 244 DE
889 206 1157 248 Vmu'rA'rE
1200 207 1435 248 SAGRAM.
1483 207 1742 247 CONFIRM.

104 355 290 404 tomus
316 390 331 419 ,
373 346 545 405 Hom.
576 347 811 407 XVIII
823 352 893 406 in
921 349 1073 406 Acta
1097 359 1280 425 apost.
1315 347 1435 428 (1);
1469 349 1523 406 S.
1554 348 1904 427 Augustinus
1929 351 2170 431 passim,

99 439 414 519 praesertim
449 446 533 499 De
583 441 755 500 Trin.
787 440 890 499 lib.
934 443 1057 515 XV,
1090 439 1191 499 ubi
1227 441 1308 499 ait
1343 463 1357 499 ε
1407 443 1594 521 Quem
1633 463 1852 501 morem
1889 443 2174 526 (Aposto-

99 532 287 590 lorum
324 534 661 615 imponendi
702 556 907 593 manus
946 545 1002 593 et
1044 533 1275 606 orandi,
1315 545 1380 592 ut
1410 536 1606 595 veniat
1638 537 1880 617 Spiritus
1930 539 1987 598 S.
2027 541 2175 600 sicut

98 626 160 684 in
185 628 527 707 Samaritas)
557 633 625 686 in
648 635 774 687 suis
787 631 1125 708 praepositis
1146 632 1325 686 etiam
1353 649 1521 687 nunc
1545 641 1739 688 servat
1764 632 2030 692 Ecclesia
2059 633 2173 715 (2).

97 721 211 780 Sed
245 723 525 803 praecipue
560 724 776 783 eminet
821 725 878 783 S.
933 721 1172 802 Cyrillus
1220 722 1597 802 Hierosolym.
1648 725 1746 804 qui
1795 735 1978 785 totam
2015 739 2174 788 cate-

98 814 311 874 chesim
340 817 579 875 insumit
599 862 614 890 a
652 839 822 897 agens
852 817 923 877 de
954 816 1398 875 Confirmatione
1427 817 1514 895 (3)
1537 851 1561 890 ,ν
1591 817 1731 877 adeo
1762 829 1825 876 ut
1849 820 2177 880 Kemnitius

97 911 385 970 vocaverit
429 910 540 969 hoc
576 913 1006 970 Sacramentum
1046 910 1309 968 chrisma
1357 911 1764 988 Cyrillianum
1795 912 1899 992 (4).
1940 915 2009 972 Et
2047 914 2177 974 hmo

96 1002 329 1082 quidem
354 1005 678 1085 speciminis
714 1022 877 1083 causa
905 1002 1162 1062 attulisse
1194 1014 1294 1062 aut
1321 1003 1601 1064 indicasse
1626 1006 1760 1064 satis
1791 1009 1864 1064 sit
1887 1027 1957 1066 ex
1993 1006 2172 1066 innu-

95 1098 268 1156 meris
303 1120 484 1179 prope
511 1098 882 1170 testimoniiS‚
916 1118 1046 1178 quae
1086 1097 1276 1157 afferri
1303 1110 1540 1180 possent
1567 1144 1583 1175 ‚
1625 1121 1864 1183 quaeque
1894 1102 2174 1184 expendit

94 1192 224 1249 Nat.
257 1192 578 1251 Alexander
614 1192 718 1271 (5).

176 1286 268 1344 11.
315 1287 478 1359 Quod
508 1287 742 1345 demum
766 1285 841 1344 ad
872 1296 1210 1368 perpetuam
1234 1298 1293 1346 et
1322 1297 1682 1348 constantem
1706 1290 1879 1357 totius
1915 1289 2175 1350 Ecclesiae

95 1380 321 1460 praxim
364 1391 614 1461 spectat,
657 1391 866 1461 praeter
903 1380 1247 1440 documenta
1290 1381 1586 1463 hucusque
1627 1383 1872 1443 adducta
1913 1406 1984 1444 ex
2020 1387 2177 1445 Con-

95 1472 269 1549 ciliis,
313 1473 678 1533 Pontificibus
715 1485 773 1534 et
803 1474 1102 1549 PatribuS‚
1144 1497 1272 1534 eam
1309 1476 1586 1535 evincunt
1623 1478 1815 1536 omnia
1853 1478 2076 1538 ritualia
2117 1490 2180 1540 et

95 1570 419 1649 euchologia
468 1571 730 1630 Ecclesiae
781 1570 1144 1630 occidentalis
1196 1582 1255 1630 et
1293 1572 1624 1647 orientaliS,
1669 1573 1732 1630 in
1773 1573 1985 1653 quibus>
2028 1575 2177 1633 ratio

94 1664 342 1723 traditur
365 1665 697 1724 conferendi
724 1666 833 1724 hoc
860 1668 1326 1740 Sacramentum,
1353 1687 1417 1724 ac
1444 1668 1588 1725 ritus
1618 1666 2050 1745 describuntur,
2078 1669 2179 1750 qui

91 1759 153 1815 in
191 1771 429 1841 utraque
479 1760 720 1819 Ecclesia
768 1782 997 1841 semper
1033 1761 1096 1818 in
1138 1782 1246 1818 usu
1288 1760 1545 1820 fuerunt.
1602 1763 1676 1820 Ea
1717 1773 1911 1821 autem
1957 1763 2180 1842 ingenti

93 1875 336 1914 numero
360 1856 661 1936 proferunt
683 1856 839 1914 inter
857 1868 1074 1914 ceteros
1101 1857 1413 1915 Martenius
1436 1856 1524 1936 (6)
1557 1868 1614 1915 et
1648 1857 2037 1916 Renaudotius
2062 1858 2177 1937 (7);

90 1947 182 2007 hic
220 1949 455 2031 insuper
491 1949 951 2009 ineluctabilibus
996 1952 1390 2010 monumentis
1431 1942 1722 2026 ostendit,
1767 1953 2027 2011 omnium
2064 1955 2178 2012 Ec-

93 2041 388 2105 clesiarum
427 2032 794 2104 orientalium
824 2056 1172 2127 perpetuum
1199 2058 1257 2105 et
1290 2045 1673 2106 universalem
1709 2068 2051 2106 consensum
2074 2092 2091 2123 ,
2115 2050 2179 2106 in

93 2134 202 2194 hoc
235 2137 368 2197 fidei
404 2137 668 2218 dogmate
697 2140 1026 2220 profitendo
1045 2185 1061 2215 a
1091 2161 1223 2219 cum
1249 2140 1494 2200 Ecclesia
1526 2140 1724 2201 latina.
1770 2144 1935 2221 Ergo,

166 2338 232 2404 (l)
269 2339 328 2388 N.
357 2340 390 2387 3
415 2376 427 2397 ‚
462 2340 569 2388 edit.
595 2339 747 2388 Maur.
1175 2341 1429 2389 concordia
1475 2341 1710 2403 Ecclesiae
1765 2342 2087 2392 Occidentalis
2135 2351 2182 2391 et

167 2420 235 2484 (2)
268 2419 380 2484 Cap.
420 2420 512 2481 25,
543 2439 593 2469 n.
624 2419 708 2485 46.
1183 2421 1448 2470 orientalis
1474 2425 1531 2470 in
1556 2433 1726 2488 septem
1761 2420 2180 2472 Sacramentorum

155 2501 223 2565 (3)
265 2501 455 2550 Catech.
486 2519 563 2550 xxi
582 2540 594 2562 ‚
626 2521 724 2568 quae
759 2512 825 2550 est
861 2502 1094 2571 Mystago-
1175 2503 1615 2565 administratione,
1636 2505 1722 2553 lib.
1750 2519 1817 2565 11,
1849 2504 1991 2553 Paris.
2021 2494 2177 2569 162'63

100 2585 195 2648 giea
210 2598 263 2630 1¹1
279 2619 292 2643 ,
325 2594 367 2631 et
381 2583 642 2631 inscribitur
661 2601 674 2632 :
691 2580 794 2650 ssep)
812 2582 1064 2649 Χρῖσ-,αοιτος
1079 2622 1093 2646 ,

101 2663 181 2712 De
204 2664 489 2714 Chrismate.

169 2747 238 2809 (lt)
279 2746 414 2811 Apud
462 2746 681 2796 Bellarm.
736 2746 817 2795 De
866 2746 1092 2811 Confirm.

102 2843 202 2891 cap.
230 2844 245 2874 1
265 2863 278 2888 ,
311 2846 362 2876 n.
389 2827 440 2879 6.

115 2899 117 2903 ¹
172 2908 238 2971 (5)
273 2906 413 2957 Dies.
445 2927 472 2956 x
501 2911 556 2956 in
584 2926 673 2958 sec.
721 2927 774 2958 11.
821 2909 919 2958 cfr.
959 2913 1095 2959 etiam

102 2988 326 3049 Witasse‚
357 2998 488 3038 tract.
524 2989 605 3038 De
626 2991 842 3059 Sacram.
868 2991 1095 3054 Confirm-

102 3072 182 3134 qui
220 3070 445 3117 uberrime
481 3071 757 3121 documenta
798 3090 856 3121 ex
888 3075 1096 3122 universa

101 3154 369 3216 antiquitate
385 3150 588 3215 collegit,
615 3154 673 3200 ad
694 3155 1095 3203 demonstrandam

99 3232 237 3299 hujus
267 3232 545 3280 Sacramenti
574 3236 825 3283 veritatem.

168 3313 231 3378 (6)
268 3313 347 3362 De
384 3313 595 3377 antiquis
625 3312 765 3364 Eccl.
791 3315 927 3365 ritib.
958 3317 1097 3379 lib.1,

98 3411 199 3459 cap.
227 3411 277 3444 2.
1030 3412 1036 3417 '

167 3478 230 3542 (7)
264 3474 535 3544 Perpetuite
567 3479 622 3526 de
667 3477 713 3527 la
748 3479 852 3543 Ῑὸί,
885 3487 1002 3531 tom.
1038 3499 1094 3540 v,

97 3557 178 3606 liv.
216 3573 286 3619 11,
324 3559 459 3624 chap.
508 3574 560 3607 11
586 3596 599 3618 ‚
645 3575 701 3607 12
735 3570 778 3608 et
825 3562 898 3610 13.
925 3560 1101 3627 Quibus

99 3637 235 3704 adjici
279 3650 469 3706 possunt
516 3640 674 3692 Petrus
712 3639 937 3692 Arcadius
956 3679 970 3705 ‚
1021 3641 1101 3692 De

1179 2584 1279 2634 Jac.
1311 2585 1443 2641 Goar‚
1464 2588 1514 2633 in
1541 2584 1592 2632 E
1594 2585 1834 2650 ucholoyic
1865 2589 1957 2634 sive
1989 2585 2183 2634 Ritaali

1181 2663 1475 2726 Graecorum,
1497 2666 1600 2715 Lut.
1615 2666 1756 2715 Paris.
1785 2665 1926 2733 1647,
1955 2684 2055 2731 pag.
2078 2665 2180 2715 628

1179 2758 1224 2796 et
1251 2748 1552 2814 seqq.;Joan.
1577 2748 1737 2797 Simon
1755 2747 2057 2807 Assemanus,
2082 2749 2179 2796 Bi-

1178 2829 1336 2877 blioth.
1384 2830 1574 2877 Orient.
1615 2848 1661 2895 p.
1696 2848 1713 2877 1
1745 2841 1789 2878 et
1830 2846 1883 2879 11.
1924 2830 2012 2878 Hic
2045 2847 2179 2895 porro

1179 2911 1418 2960 observare
1444 2914 1638 2977 juverit,
1666 2922 1985 2977 argumentum
2010 2949 2022 2972 ,
2051 2912 2179 2977 quod

1180 3011 1234 3042 ex
1265 3004 1477 3057 perpetua
1494 2997 1702 3041 omnium
1721 2994 2023 3043 Orientalium
2048 3011 2179 3041 com-

1179 3077 1454 3122 munionum
1480 3078 1775 3123 consensione
1799 3077 1975 3123 eruitur
1993 3111 2006 3133 ‚
2028 3074 2179 3140 quod-

1181 3174 1270 3221 que
1309 3174 1334 3204 a
1379 3156 1707 3204 recentioribus
1753 3157 1943 3204 eruditis
1982 3159 2088 3203 viris
2128 3157 2180 3204 in

1179 3237 1344 3284 illustri
1359 3239 1557 3301 positum
1573 3247 1670 3299 est,
1693 3240 1806 3284 tanti
1824 3237 2035 3301 ponderis
2061 3253 2176 3297 esse,

1180 3324 1235 3366 ut
1260 3317 1561 3366 Protestantes
1580 3321 1761 3383 penitus
1779 3318 1837 3366 ab
1863 3336 1917 3367 eo
1942 3328 2180 3366 conteran-

1180 3410 1272 3448 tur.
1311 3399 1401 3464 Qui
1435 3402 1560 3448 enim
1598 3401 1696 3449 fieri
1731 3402 1914 3464 potuit,
1957 3409 2008 3446 ut
2048 3407 2177 3446 sectae

1181 3483 1511 3547 antiquissimae
1532 3499 1587 3542 ,a
1612 3499 1659 3529 se
1687 3483 1887 3530 invicem
1916 3480 2176 3543 discrepan-

1181 3571 1248 3611 tes
1265 3599 1280 3623 ‚
1323 3580 1515 3629 quaeque
1559 3563 1712 3612 furore
1729 3599 1742 3624 ‚
1790 3572 1841 3610 ut
1883 3563 1945 3608 ita
1993 3559 2141 3607 dicam
2160 3595 2174 3618 ‚

1178 3644 1482 3710 impelluntur
1513 3644 1728 3696 adversus
1756 3642 2005 3694 Ecclesiam
2031 3656 2183 3691 roma-
