2502 4186
292 177 409 238 408
900 192 1221 233 rme-tuus
1264 194 1334 232 m:
1375 194 1761 233 roamrnnrm.

287 349 372 398 est
388 356 541 414 erqo,
563 344 656 406 ut,
680 337 793 411 qui
817 336 1073 403 reviait,
1087 333 1351 391 solvatur
1376 343 1432 390 et
1452 337 1543 390 ire
1552 337 1969 411 permittatari
1990 338 2118 419 Hoc
2141 339 2394 416 officium

288 428 609 507 discipulis
640 427 837 498 dedit,
875 427 1099 505 quibus
1139 431 1233 484 ait
1264 428 1462 506 :Qaae
1489 428 1823 497 solveritis,
1853 436 1962 485 etc.
1997 428 2109 509 (l).

372 521 508 580 103.
557 518 644 580 Ad
668 520 753 578 5¹²¹
773 564 789 595 ‚
810 518 970 580 Dist.
1006 522 1075 578 In
1105 520 1565 580 Commentariis
1582 526 1653 579 in
1669 523 2038 601 Mayistrum
2063 523 2396 585 Sententia-

285 637 455 688 rum,
478 637 667 689 conc.‚·
691 615 755 673 in
770 616 1048 685 Summa,
1075 613 1176 672 ubi
1197 610 1279 690 ,si
1309 614 1447 696 quid
1469 616 1663 674 minus
1684 626 1849 675 caute
1873 626 2044 675 antea
2067 618 2394 698 scripserat,

289 731 488 771 rerum
523 709 836 770 momentis
879 708 1162 768 maturius
1199 709 1499 790 perpensis
1537 709 1875 771 emendavit
1897 754 1913 786 ,
1958 732 2087 790 neq.
2129 713 2306 770 Porro
2335 713 2398 770 in

292 805 520 887 part..3
543 850 560 880 ,
593 826 653 887 q.
695 803 806 881 84,
847 815 959 863 art.
1001 804 1044 862 2
1079 812 1139 863 et
1178 803 1214 862 3
1258 803 1585 862 doctrinam
1626 815 1885 862 nostram
1925 815 2270 886 propugnat.
2309 805 2400 864 Sic

289 902 448 962 enim
474 900 703 977 scribit,
731 910 844 959 art.
870 900 906 959 3
936 923 950 959 ε
982 896 1141 959 'Cam
1169 896 1560 959 Sacramenta
1591 922 1754 960 novae
1790 903 1932 980 legis
1959 901 2226 979 efficiantv
2243 903 2406 980 qaod

275 998 553 1077 fiyarant
565 1039 587 1067 ,
620 1006 862 1075 oportet,
897 995 1061 1074 qaod
1071 988 1276 1072 f'orma
1301 995 1683 1054 Sacramenti
1710 996 1999 1074 siqnifi'cet
2023 997 2121 1069 id,
2157 997 2316 1075 quod
2333 1000 2399 1054 in

287 1094 675 1151 Sacramento
706 1093 939 1171 *aqicur
951 1132 974 1162 ,
1023 1092 1562 1170 proportionaliter
1617 1095 1890 1149 materiae
1920 1126 1924 1130 -
1950 1091 2398 1149 Sacramenti...

287 1187 656 1246 Hcc'aatem
699 1184 1163 1244 Sacramentum
1199 1186 1423 1243 scilicet
1451 1178 1832 1244 Paenitentioe
1863 1206 1970 1243 nec
2014 1188 2283 1243 consistit
2328 1188 2400 1244 in

287 1283 719 1340 consecratione
749 1282 1015 1357 alicujus
1035 1284 1307 1338 materioe
1334 1271 1718 1358 sanctificatae
1741 1327 1756 1356 ‚
1789 1283 1893 1340 'sed
1911 1285 2106 1361 maqis
2126 1284 2195 1338 in
2211 1300 2404 1339 ¹remo*-

288 1374 451 1434 tione'
469 1374 789 1453 cujusdam
811 1379 1081 1433 materiai
1100 1417 1124 1446 ,
1154 1377 1378 1434 scilicet
1392 1382 1630 1454 peccati
1641 1419 1665 1448 ,
1698 1386 1886 1456 prout
1900 1361 2149 1456 peccata
2182 1375 2402 1433 dicun-

290 1479 394 1528 tur
419 1490 534 1527 esse
568 1473 830 1528 materia·
851 1470 1257 1529 Poem‘tentioe.
1301 1471 1468 1530 Talis
1507 1482 1711 1530 autem
1744 1470 1987 1531 remotio
2022 1471 2405 1551 significatur

297 1585 336 1622 a
364 1565 705 1635 Sacerdote,
729 1585 870 1624 cam
893 1565 1161 1623 dicitur:
1186 1559 1320 1644 'qu
1346 1576 1396 1624 te
1425 1567 1657 1626 absolvo
1683 1566 1794 1646 (2).

1139 1739 1380 1798 CAPUT
1423 1741 1522 1799 111.

1096 1896 1164 1933 DE
1207 1897 1570 1934 CONFESSIONE
1581 1921 1593 1933 .

382 2038 518 2097 104.
569 2037 884 2111 Confessi0‚
904 2057 1032 2118 quae
1048 2035 1229 2095 altera
1245 2058 1380 2118 pars
1406 2047 1493 2096 est
1510 2037 1869 2096 Sacramenti
1884 2037 2278 2111 Poenitentiae‚
2299 2038 2405 2097 de-

298 2134 453 2192 finiri
486 2132 632 2192 solet
665 2155 677 2189 ε
725 2135 1045 2191 Accusatio
1066 2142 1486 2211 peccatorum,
1525 2153 1658 2210 qaoe
1692 2136 1829 2210 qais
1853 2143 1990 2211 post
2014 2133 2403 2212 Baptismum

301 2227 632 2298 commisit,
680 2229 940 2307 leyitimo
978 2222 1296 2286 ¹Sacerdoti
1326 2230 1497 2305 facta
1544 2228 1629 2284 ad
1677 2228 1925 2285 illoram
1982 2229 2413 2286 'ahsolutionem

304 2323 711 2383 obtinendam.
747 2322 1042 2381 Wicleffus
1083 2322 1487 2381 necessitatem
1522 2321 1907 2380 Confessionis
1947 2322 2314 2403 impugnavit
2346 2323 2410 2398 in

300 2438 434 2477 casu
470 2417 738 2498 perfectae
773 2417 1136 2475 contritionis
1161 2462 1178 2490 a
1213 2428 1279 2474 ut
1320 2427 1481 2498 patet
1514 2438 1585 2476 ex
1629 2421 1748 2495 ejus
1787 2428 1895 2475 art.
1937 2419 2038 2476 VII
2080 2438 2111 2476 a
2153 2414 2406 2476 Concilio

302 2512 730 2571 Constantiensi
750 2513 1075 2593 proscripto
1100 2534 1114 2571 ε
1140 2513 1213 2570 Si
1232 2513 1398 2570 homo
1421 2513 1609 2571 debite
1631 2516 1830 2591 fuerit
1859 2518 2148 2571 contritas
2170 2557 2185 2586 ‚
2211 2516 2407 2570 omnis

306 2609 601 2686 Confessio
646 2612 902 2667 caterior
935 2618 1020 2666 est
1056 2609 1178 2667 sihi
1219 2608 1530 2687 superflua
1563 2619 1619 2666 et
1651 2613 1892 2667 inutilis
1927 2607 2037 2689 (3).
2083 2609 2405 2667 No'vatores

303 2703 1071 2762 Confessioneminterdum
1106 2703 1193 2762 uti
1229 2701 1447 2762 honam
1491 2723 1555 2760 ac
1587 2702 1900 2762 salutarem
1938 2702 2357 2761 commendant
2387 2748 2402 2776 ,

299 2796 598 2855 interdum
644 2817 784 2857 vero
824 2808 1105 2879 tanquam
1146 2798 1609 2857 cruentissimam
1647 2798 1975 2856 animarum
2013 2799 2405 2857 carnificinam

303 2907 379 2951 ac'
399 2902 761 2952 tormentum
795 2893 1275 2955 innocentianam
1302 2905 1677 2968 execrantur,
1713 2895 1809 2957 vel
1840 2894 1915 2954 ad
1941 2918 2239 2954 summum
2265 2916 2406 2954 con-

369 3066 440 3133 (l)
472 3066 630 3131 Serm.
658 3070 951 3132 xcvmfalias
970 3085 1095 3132 urv,
1117 3069 1189 3120 De
1202 3087 1306 3120 ver·
1390 3072 1522 3120 ribus
1566 3082 1668 3120 tum
1709 3075 1759 3121 in
1789 3075 2134 3122 commentariis
2157 3077 2215 3131 ,in
2244 3073 2405 3139 Magis·

303 3147 379 3195 bie
406 3146 548 3198 Dom.
583 3167 687 3215 cap.
715 3149 769 3200 6.
1392 3164 1515 3201 trum
1546 3154 1883 3203 Sententiarum
1911 3157 2152 3203 adhaesisse
2171 3159 2408 3204 communi

371 3227 661 3305 (2)*Certum
693 3231 893 3291 videtur,
920 3233 1162 3298 plerosque
1181 3233 1312 3280 scho-
1393 3246 1505 3283 tunc
1546 3239 1765 3301 temporis
1827 3241 2062 3285 sententiae
2094 3272 2112 3298 ‚
2165 3238 2315 3286 donec
2356 3240 2406 3284 in

297 3306 480 3356 lasticos
505 3309 653 3375 u‘sque
681 3311 739 3358 ad
772 3309 829 3360 S.
849 3313 1080 3361 Thomam
1106 3313 1314 3362 docuisse
1398 3317 1590 3366 Summa
1607 3322 1798 3367 mutavit
1817 3322 2093 3368 sententiam
2115 3358 2127 3380 ‚
2148 3338 2288 3386 quam
2303 3336 2407 3383 pos-

296 3392 612 3438 necessitatem
632 3394 916 3442 contritionis
944 3396 1002 3443 ad
1023 3394 1305 3444 sacramen·
1392 3412 1464 3447 tea
1504 3418 1748 3466 nunquam
1785 3419 1882 3448 non
1927 3411 1992 3450 est
2030 3402 2268 3467 professus.
2305 3399 2401 3447 Cfr.

297 3478 397 3517 tum
448 3471 729 3520 Poenitentiae
783 3477 871 3523 rite
930 3478 1272 3541 suscipiendum
1290 3514 1303 3537 ‚
1390 3480 1606 3530 Morinus
1624 3519 1637 3539 .,
1662 3500 1738 3546 op.
1772 3493 1814 3530 et
1840 3483 1914 3531 loc
1937 3485 2018 3532 cit.

295 3552 390 3599 imo
412 3563 458 3602 et
490 3553 537 3602 S.
580 3554 808 3604 'rhomam
846 3559 999 3622 ipsum
1024 3595 1038 3616 ‚
1071 3559 1303 3625 quidquid
1459 3564 1528 3626 (3)
1562 3564 1698 3628 Apud
1732 3563 1880 3613 Hard.
1907 3563 2032 3613 Acta
2066 3561 2252 3612 Concil.
2285 3572 2397 3610 tom.

294 3643 459 3683 asserat
488 3634 814 3700 Drouvenius,
850 3649 949 3687 tum
978 3642 1027 3687 in
1057 3641 1155 3689 aliis
1191 3656 1300 3706 ope·
1385 3660 1491 3705 vm,
1526 3645 1617 3694 col.
1652 3660 1770 3711 299.
