2502 4186
258 268 373 331 164
762 335 763 338 ¹
883 287 1212 327 'ruam-uus
1257 288 1325 323 nr.
1369 288 1766 329 ποι-[1111181111.

251 429 684 516 perpendamus
703 473 720 503 ,
755 427 999 489 evidens
1028 440 1151 505 est,
1191 430 1488 490 Christum
1519 433 1584 489 in
1609 433 1986 492 Sacramento
2013 437 2385 496 Eucharistiae

252 550 373 587 non
419 523 831 585 tantummodo
865 545 987 584 esse
1025 536 1092 583 ut
1124 525 1187 583 in
1221 526 1384 606 signo
1410 571 1426 600 ,
1476 526 1573 587 vel
1608 528 1822 606 figura,
1860 538 1960 587 aut
1997 530 2244 607 virtute,
2283 530 2386 591 sed

255 642 424 695 vere,
474 619 709 708 realiter
769 640 835 678 ac
880 618 1342 680 substantialiter
1394 621 1457 680 in
1491 621 1700 681 eodem
1729 624 2050 699 contineri,
2090 638 2264 706 prout
2314 649 2386 686 ex

254 726 502 798 utroq—ue
541 715 729 796 capite
761 713 1293 776 demonstrandum
1322 717 1767 800 assumpsimuS.

1079 893 1570 939 DIFFICULTATES.

326 1027 438 1096 139.
487 1025 619 1107 Obj.
649 1026 859 1109 prima.
882 1021 1105 1102 Verba,
1135 1023 1347 1107 quibus
1373 1024 1638 1082 Christus
1663 1023 2080 1084 Eucharistiam
2103 1026 2382 1101 instituit,
2424 1039 2434 1059 ³
2492 1100 2502 1122 ¹

254 1135 542 1207 possunt,
578 1123 697 1180 imo
755 1133 814 1181 et
863 1119 1084 1180 debent
1134 1142 1309 1179 sensu
1359 1121 1603 1200 figurato
1657 1118 1925 1198 intelligi.
1983 1121 2044 1178 10
2086 1123 2386 1194 Possunt,

231 1229 385 1282 ‘cum
409 1229 782 1301 compertum
812 1218 886 1276 sit
906 1263 921 1291 ,
946 1219 1009 1275 in
1038 1218 1352 1298 Scripturis
1379 1216 1627 1279 verbum
1657 1216 2093 1277 substantivum
2115 1240 2231 1278 6336
2259 1241 2388 1300 pas-

253 1318 363 1375 sim
403 1317 469 1373 in
514 1335 687 1373 sensu
731 1314 1126 1392 sz'ym'fi'eandi
1183 1323 1285 1370 aut
1342 1315 1820 1392 repraesentandi
1892 1313 2182 1395 usurpari.
2236 1316 2388 1373 Nam

252 1412 318 1491 a)
343 1413 488 1470 Gen.
519 1410 676 1483 XLI,
710 1409 827 1467 26:
857 1409 1092 1487 Septem
1128 1408 1362 1466 boves...
1399 1418 1548 1466 sunt
1579 1420 1795 1486 septem
1820 1415 2007 1483 amzi,
2058 1411 2209 1468 Dan.
2244 1411 2347 1468 VII
2366 1455 2382 1484 ,

250 1506 366 1566 24:
402 1507 710 1567 Cornua...
740 1525 901 1585 reyes
930 1490 1110 1577 sunt5
1145 1503 1357 1563 Matth.
1387 1504 1562 1578 XIII,
1597 1504 1673 1563 38
1690 1517 1749 1563 et
1777 1503 1854 1564 39
1883 1528 1895 1563 :
1931 1505 2094 1586 Aqer
2118 1517 2202 1564 est
2221 1529 2389 1565 mun-

253 1600 404 1669 du33
448 1600 649 1662 [Cor.
684 1601 771 1674 X,
813 1598 850 1657 4
891 1622 904 1657 :
942 1600 1128 1659 Petra
1169 1609 1304 1658 erat
1341 1599 1651 1665 Christus;
1696 1599 1885 1659 Galat.
1928 1602 2044 1676 IV,
2079 1600 2159 1659 24
2190 1624 2203 1659 z
2241 1603 2390 1661 Hoee

254 1707 404 1758 sunt
431 1698 550 1756 ‘dem
587 1706 968 1761 testamenta;
1009 1697 1186 1776 Apoc.
1245 1697 1309 1772 Ι,
1353 1696 1432 1754 20
1477 1717 1489 1753 ε
1530 1697 1764 1776 Septem
1794 1698 1972 1755 stellae
2006 1699 2212 1776 anyelz'
2248 1708 2392 1756 sunt

253 1804 469 1874 septem
490 1792 899 1850 eeclesiarum.
928 1789 990 1871 h)
1020 1791 1190 1849 Joan.
1213 1777 1379 1866 X,7':
1407 1791 1535 1871 Eyo
1554 1813 1692 1850 sum
1721 1795 1941 1851 ostium
1956 1816 1979 1860 ,·
1994 1794 2093 1850 XV
2096 1836 2119 1865 ,
2149 1793 2178 1850 1
2219 1815 2231 1850 z
2261 1793 2391 1872 qu

255 1910 393 1948 sum
443 1891 583 1946 vitis
641 1907 799 1944 vera.
843 1887 898 1964 e)
939 1887 1085 1945 Gen.
1136 1887 1325 1962 XVII,
1385 1887 1504 1944 10:
1549 1888 1679 1946 Hoe
1739 1898 1823 1946 est
1858 1899 2114 1967 paetum
2159 1911 2384 1947 meum.

255 1984 327 2062 d)
369 1981 548 2041 Exod.
603 1982 710 2040 XII
739 2027 755 2056 ,
811 1982 882 2039 11
913 2003 927 2039 :
958 1981 1073 2040 Est
1111 1986 1275 2039 em'm
1307 1974 1500 2040 Phase
1526 1982 1629 2060 (id
1647 1993 1731 2040 est
1752 1983 2085 2062 transitus)
2110 1985 2387 2043 Domini.

258 2080 336 2138 Hi
350 2100 524 2160 porro
540 2088 735 2141 textus
750 2076 1015 2159 paralleli
1029 2088 1168 2135 sunt
1187 2076 1442 2136 textibus
1462 2077 1674 2136 Matth.
1695 2079 1900 2153 XXVI,
1920 2079 2024 2151 26,
2048 2079 2223 2136 Marci
2237 2080 2390 2153 XIV,

259 2186 369 2235 etc.
416 2173 524 2254 (l).
566 2172 1078 2246 Quemadmodum
1117 2172 1294 2252 igitur
1332 2172 1700 2254 quadruplex
1739 2172 1841 2231 illa
1882 2183 2155 2231 textuum
2200 2173 2393 2232 classis

257 2269 507 2332 verbum
547 2291 662 2329 6336
699 2270 762 2328 in
803 2291 978 2328 sensu
1021 2270 1418 2348 siymfi'eandi
1451 2290 1517 2327 ac
1554 2270 2033 2347 repraesentandi
2065 2268 2390 2345 exhibent,

258 2368 341 2426 ita
405 2361 624 2447 pariter
668 2376 728 2423 et
770 2365 885 2423 isti.
929 2365 996 2421 20
1048 2364 1286 2423 Accedit
1322 2364 1682 2423 consuetudo
1723 2366 1992 2445 fiquram
2029 2386 2099 2424 ex
2156 2366 2395 2425 nomine

261 2461 503 2540 subjecti
551 2458 920 2542 appellandi,
954 2459 1098 2541 quid
1129 2460 1289 2520 enim
1327 2460 1699 2519 communius
1741 2482 1919 2542 quam
1956 2461 2030 2519 de
2073 2461 2393 2520 simulacris

262 2568 321 2618 et
349 2555 698 2637 imaginibus
734 2555 925 2615 dicere
960 2578 972 2613 :
1002 2555 1096 2614 hic
1133 2567 1222 2614 est
1251 2555 1416 2614 Plato
1438 2601 1453 2630 ,
1481 2555 1575 2614 hic
1606 2566 1695 2614 est
1723 2557 1984 2615 Socrates
2006 2555 2036 2614 Y
2061 2558 2228 2635 Ergo,

348 2654 449 2713 40.
497 2655 671 2735 Resp.
717 2652 872 2733 Ν69.
919 2663 1108 2712 antee.
1145 2651 1235 2711 Ad
1280 2653 1394 2727 lm,
1446 2651 1612 2734 prob.
1669 2655 1831 2711 Dist.
1886 2656 2044 2710 min.
2085 2652 2142 2710 Si
2196 2652 2395 2733 paral-

264 2748 527 2808 lelismus
578 2759 884 2826 exurgeret
925 2769 997 2806 ex
1037 2747 1419 2805 similitudine
1462 2752 1615 2805 vocis
1671 2768 1771 2806 seu
1829 2748 2031 2819 verbi,
2078 2758 2309 2814 tram.;
2350 2748 2397 2806 si

268 2854 511 2924 exurgat
548 2865 618 2903 ex
653 2839 1034 2902 similitudine
1072 2847 1197 2913 rei,
1249 2865 1377 2923 neq.
1423 2842 1546 2901 Nisi
1589 2843 1749 2901 enim
1784 2864 1855 2901 ex
1894 2843 1979 2901 rei
2016 2842 2396 2902 similitudine

266 2950 503 3022 petatur
527 2938 798 3004 locorum,
816 2937 1245 3019 parallelismus
1263 2984 1278 3012 ,
1314 2960 1386 2997 ex
1402 2937 1523 2996 sola
1543 2937 1923 2998 similitudine
1940 2939 2091 3000 vocis
2110 2961 2210 2999 seu
2230 2938 2394 3001 verbi

273 3033 425 3093 nihil
461 3034 767 3093 conficient
799 3032 1135 3094 adversarii.
1181 3034 1296 3115 Ipsi
1334 3033 1494 3092 enim
1543 3045 1865 3112 congerunt
1897 3034 2183 3093 nonnulla
2218 3035 2342 3094 loca
2375 3079 2392 3109 ,

268 3130 332 3188 in
355 3128 566 3212 quib-us
592 3127 840 3190 verbum
862 3150 977 3188 6336
1009 3150 1118 3211 pro
1147 3140 1572 3209 repraesentare
1597 3140 1698 3187 aut
1724 3131 2067 3209 siynzfi'oare
2109 3130 2351 3212 ponitur
2373 3154 2389 3202 ς

323 3364 412 3430 (l)
447 3363 623 3412 Omnes
653 3373 830 3423 textus,
864 3381 978 3430 quos
1012 3364 1107 3412 huc
1131 3363 1288 3412 referri
1373 3365 1575 3413 secunda
1602 3364 1714 3414 edit.
1755 3363 1906 3413 Lond.
1935 3362 2061 3427 1814
2080 3399 2093 3422 ,
2126 3381 2231 3429 pag.
2259 3362 2316 3412 51
2354 3374 2397 3414 ct

271 3456 517 3495 autumant
539 3446 841 3494 Protestantes
862 3483 874 3506 ,
912 3449 1010 3511 jam
1028 3446 1110 3494 diu
1146 3445 1289 3494 colle·
1374 3462 1473 3513 seq.
1506 3449 1557 3496 e‘x
1577 3465 1724 3512 eoque
1743 3449 1882 3496 ceteri
1911 3446 2165 3496 exscribere
2215 3447 2396 3508 solent,

272 3538 397 3593 gerat
420 3527 478 3577 A.
496 3526 669 3577 Clarke
697 3530 748 3576 in
779 3526 921 3592 op.A
953 3528 1195 3576 discourse
1226 3543 1290 3575 on
1373 3539 1447 3589 et,
1476 3529 1666 3595 perinde
1684 3546 1738 3577 ac
1755 3531 1791 3576 si
1808 3528 2032 3577 Catholici
2053 3546 2299 3594 nunquam
2317 3546 2394 3577 eos

273 3609 351 3658 the
382 3618 584 3669 nature,
622 3610 903 3657 institution
941 3609 1044 3656 and
1080 3609 1248 3674 desiqn
1271 3646 1286 3670 ,
1374 3614 1686 3671 excusserint,
1704 3621 1923 3676 perpetuo
1936 3610 2223 3670 obtrudunt,
2249 3610 2396 3661 veluti

276 3692 336 3755 of
359 3691 435 3739 the
463 3690 572 3756 holy
597 3689 651 3740 E
652 3690 870 3740 “chariat
879 3726 895 3752 ,
927 3691 1190 3755 commonly
1216 3707 1299 3740 ca·
1383 3711 1552 3745 novam
1583 3692 1901 3744 difficultatem
1929 3689 2214 3759 objicientes.

275 3771 351 3820 led
370 3771 445 3822 the
462 3782 730 3823 sacrament
744 3773 881 3838 ofthe
898 3772 1072 3823 Lord’a
1084 3771 1291 3840 Supper‚
