2502 4186
602 249 727 287 CAP.
774 249 834 288 v.
882 248 953 285 m:
995 246 1281 301 munau,
1328 246 1548 298 roam,
1591 245 1715 284 arc.
2105 221 2225 283 469

97 383 144 441 si
193 378 432 440 facultas
474 377 818 439 absolvendi
850 379 931 437 ita
960 377 1218 460 pendeat
1264 400 1297 437 a
1333 387 1623 459 potestate
1650 375 1871 436 ordinis
1891 421 1915 451 ‚.
1955 386 2024 435 ut
2064 376 2228 437 nulla

95 486 374 558 praeterea
392 473 794 552 jurisdictione
830 495 976 554 opus
1009 474 1084 532 sit
1121 472 1196 531 ad
1232 494 1363 532 eam
1403 472 1594 533 valide
1621 470 2061 533 exercendam?
2129 499 2131 502 ·

177 570 319 628 251.
367 570 490 628 Hoc
506 569 700 649 ipsum
717 567 1039 627 adstruitur
1065 588 1135 626 ex
1165 567 1452 647 analogia,
1487 588 1615 648 quae
1639 568 1794 627 inter
1820 567 2014 626 forum
2044 567 2226 629 civile·

98 675 159 724 et
182 665 494 723 'internum
536 661 866 721 intercedit.
909 665 976 720 In
1011 662 1136 720 soro
1175 662 1335 721 enim
1364 661 1519 722 civili
1546 662 1771 740 judices
1808 662 2034 720 nullam
2079 684 2232 744 pos--

99 769 239 817 sunt
269 756 674 817 auctoritatem
703 778 968 816 exercere
999 757 1110 815 nisi
1147 756 1209 814 in
1245 755 1546 831 subditos7
1587 779 1730 838 quos
1765 758 1903 838 ipsis
1946 758 2222 839 princeps

101 852 514 932 assignaverim,
553 852 632 910 sic
670 850 895 910 nullam
932 861 1180 934 possunt
1210 850 1547 910 Sacerdotes
1576 853 1640 910 in
1677 852 1802 910 foro
1831 852 2068 911 interno
2105 874 2230 934 po-

99 958 369 1008 testatem
403 968 670 1007 exercere
704 948 816 1007 nisi
850 948 913 1006 in
944 947 1204 1007 subditos
1236 948 1374 1028 ipsis
1409 969 1441 1005 a
1486 947 1741 1007 Praelatis
1771 946 2106 1007 attributos,

178 1041 318 1113 252.
365 1044 598 1101 Possem
622 1042 775 1102 hanc
801 1035 990 1124 ipsam
1018 1042 1486 1124 propositionem
1506 1063 1579 1101 ex
1607 1043 2008 1102 monumentis
2036 1043 2219 1102 totius

99 1136 458 1218 antiquitatis
492 1137 885 1197 ecclesiasticae
913 1139 1212 1213 evincere,
1241 1159 1312 1197 ex
1348 1136 1559 1218 quibus
1596 1148 1825 1196 constat
1846 1182 1862 1212 7
1898 1137 2037 1196 olim
2070 1136 2221 1196 solos

97 1232 406 1313 Episcopos
441 1233 813 1293 Poenitentiae
844 1235 1286 1293 Sacramentum
1316 1231 1785 1306 administrasse,
1825 1231 2038 1293 deinde
2080 1254 2221 1292 vero

96 1327 398 1386 monachis
429 1327 490 1386 id
518 1329 779 1389 muneris
815 1350 926 1392 eosv
950 1315 1379 1404 demandasse3
1402 1349 1512 1388 nec
1548 1349 1813 1409 unquam
1847 1328 1987 1386 alios
2026 1329 2238 1407 Sacer-7

98 1422 262 1482 dotes
304 1422 604 1482 hanc'sibi
651 1424 988 1484 facultatem
1025 1445 1340 1504 arrogasse.
1366 1423 1478 1503 (1).
1524 1424 1770 1499 Verum,
1821 1424 2098 1504 quoniam
2130 1444 2229 1482 res

95 1515 266 1576 nobis
297 1517 394 1576 hic
421 1530 510 1578 est
538 1539 672 1578 cum
693 1520 761 1578 iis
783 1564 796 1588 ‚
831 1520 936 1600 qui
959 1540 1020 1579 se
1046 1518 1359 1578 catholicos
1374 1518 1728 1601 profitentur
1749 1563 1766 1593 ‚
1794 1517 2005 1577 suflicit
2026 1527 2228 1577 osten--

99 1609 250 1671 disse
279 1613 594 1674 Ecclesiam
630 1613 975 1692 catholicam
1003 1611 1081 1673 ita
1112 1615 1347 1673 sentire.

176 1708 318 1768 253.
369 1712 596 1770 Interea
632 1731 704 1769 ex
730 1709 903 1768 dictis¹
924 1709 1201 1769 adversus
1228 1708 1550 1768 neotericos
1584 1707 1907 1787 colligimus
1929 1754 1945 1782 ,
1969 1709 2034 1765 10
2068 1708 2231 1789 epis-

98 1802 362 1884 copalem
386 1803 644 1884 approba
654 1805 873 1862 tionem
892 1825 1012 1861 non
1037 1825 1160 1862 esse
1176 1825 1407 1863 merum
1431 1805 1774 1862 idoneitatis
1798 1803 2224 1879 testimonium,

97 1897 202 1958 sed
227 1919 426 1958 veram
455 1898 759 1979 potestatis
784 1909 842 1959 et
871 1897 1292 1976 jurisdictionis
1318 1897 1723 1972 collationem3
1764 1899 1831 1955 2⁰
1861 1897 2079 1979 absque
2107 1899 2229 1956 An-

97 1992 349 2051 tistitum
367 1992 791 2075 approbatione
808 2004 867 2051 et
882 1993 1302 2072 jurisdictionis
1320 2004 1612 2075 potestate
1640 2015 1762 2052 non
1787 1993 1978 2051 solum
1997 1992 2223 2068 illicite,

96 2086 198 2147 sed
229 2109 463 2170 prorsus
490 2087 745 2150 invalide
783 2085 1105 2148 ministrari
1131 2090 1571 2150 Sacramentum
1601 2090 1988 2148 Poenitentiae.

918 2232 1406 2295 DIFFICULTATES.

177 2378 320 2439 254.
370 2379 501 2459 Obj.
526 2381 736 2462 prima.
786 2380 845 2438 1⁰
882 2380 1169 2440 Omnibus
1216 2379 1729 2440 indiscriminatim
1764 2380 2171 2440 Sacerdotibus
2195 2426 2218 2458 ,

97 2496 229 2534 cum
265 2477 730 2557 inaugurantur,
758 2474 833 2534 ab
871 2475 1153 2557 Episcopo
1183 2475 1395 2534 dicitur
1434 2497 1449 2533 ·.
1500 2479 1773 2556 Accipite
1809 2478 2109 2556 Spiritum
2149 2479 2215 2537 S.

94 2593 354 2650 quorum
390 2575 774 2644 remiseritiS,
821 2583 967 2646 etc.;
1017 2592 1154 2650 ergo
1196 2571 1578 2629 ordinationis
1630 2593 1745 2631 suae
1784 2572 1843 2633 vi
1884 2572 2223 2631 Sacerdotes

100 2687 303 2726 omnes
335 2666 527 2728 valide
562 2666 895 2725 absolvunt.
929 2666 1104 2739 ‘Quod
1125 2667 1192 2723 20
1219 2689 1342 2726 non
1367 2666 1609 2727 obscure
1639 2668 1899 2726 insinuat
1932 2668 2056 2755 ipsa
2089 2668 2220 2726 Tri-

100 2760 340 2820 dentina
368 2762 632 2842 Synodus
656 2809 672 2838 ,
715 2762 883 2837 dum,
916 2783 1054 2820 sess‚
1085 2763 1243 2838 XIV,
1285 2783 1410 2843 cap.
1442 2763 1514 2820 VI
1533 2807 1549 2836 ,
1574 2761 1760 2838 docet,
1793 2763 2130 2822 Sacerdotes
2159 2763 2222 2821 in

99 2878 200 2915 sua
249 2855 614 2916 ordinatione
653 2879 685 2916 a
722 2858 970 2938 peccatis
1022 2855 1365 2917 absolvendi
1406 2868 1760 2938 potestatem
1799 2859 2106 2940 accipere3
2159 2868 2220 2916 et

100 2973 223 3033 cap.
255 2954 325 3026 V,
342 2956 467 3030 jam
486 2950 712 3011 dixerat
734 2953 1031 3012 Christum
1057 2955 1364 3032 reliquisse
1389 2954 1726 3012 Sacerdotes
1750 2964 2044 3033 tanquam
2062 2975 2223 3033 proe-

96 3049 252 3105 sides
289 3058 342 3104 et
373 3048 694 3125 judices..
740 3052 854 3126 qui
894 3069 1007 3126 pro
1039 3059 1322 3128 potestate
1365 3050 1633 3107 clavium
1686 3052 2059 3108 remissionis
2112 3059 2227 3107 aut

96 3147 442 3202 retentionis
462 3154 847 3222 peccatorum
883 3150 1241 3203 sententiam
1258 3149 1688 3224 pronuncient.
1723 3144 1791 3202 30
1818 3146 2062 3224 Ergoex
2091 3145 2225 3203 Tri-

98 3319 196 3369 Cfr.
225 3317 353 3368 Acta
389 3317 617 3367 Ecclesioe
644 3318 916 3368 lilediolan.
950 3336 981 3367 a
1011 3319 1109 3368 Ca·
1187 3330 1496 3388 peccatorum
1542 3339 1598 3369 ac
1643 3320 2029 3385 satisfactionum
2059 3319 2230 3368 indul·

95 3401 194 3451 rolo
212 3401 355 3449 Card.
376 3400 431 3450 S.
453 3401 695 3449 Praxedis
711 3401 899 3464 collata,
916 3401 1108 3451 Mediol.
1195 3406 1374 3468 qentiis
1389 3441 1407 3467 ,
1442 3422 1547 3469 cap.
1597 3420 1624 3452 2
1646 3440 1662 3469 ‚
1694 3413 1811 3453 tom.
1829 3421 1875 3452 v¹
1896 3441 1910 3466 ‚
1938 3421 2041 3469 pag.
2059 3400 2158 3468 275
2178 3410 2231 3449 et

105 3483 250 3552 1599.
290 3484 430 3532 Porro
475 3483 525 3532 S.
555 3485 632 3532 hic
658 3483 913 3533 Cardinalis
946 3502 1112 3534 execu-
1200 3504 1335 3553 »seqq¹
1373 3504 1484 3552 opp.
1537 3486 1648 3535 edit.
1699 3486 1865 3535 Venet.
1919 3481 2066 3549 1725.
2125 3481 2229 3530 Cfr.

97 3568 211 3614 tioni
229 3566 464 3614 mandavit
488 3566 672 3619 decreta
686 3565 833 3616 Cone.
852 3567 1114 3617 Tridentini
1203 3570 1342 3617 etiam
1373 3569 1577 3617 Marteu.
1612 3586 1689 3634 op.
1728 3570 1807 3616 cit.
1841 3567 1926 3614 lib.
1959 3582 1976 3613 ι
1996 3602 2009 3627 ,
2034 3573 2155 3629 part.
2176 3579 2231 3626 u,

98 3664 180 3696 sua
206 3659 337 3696 aetate
357 3648 593 3697 celebrati.
1211 3667 1311 3717 cap.
1335 3648 1370 3699 6
1388 3686 1404 3713 ,
1432 3661 1518 3700 art.
1549 3648 1583 3699 6
1599 3687 1612 3711 ,
1646 3648 1673 3715 3
1701 3664 1728 3696 2
1745 3658 1789 3698 et
1808 3648 1859 3697 3..

164 3728 234 3792 (l)
267 3729 366 3779 cfr.
397 3729 570 3779 Christ.
602 3730 760 3796 Lupus
782 3768 795 3792 ‚
829 3731 1010 3782 dissert.
1045 3729 1124 3781 De
