2502 4186
2075 195 2194 255 305

703 221 831 262 GAP.
877 220 942 262 ΙΙ.
993 220 1061 256 DE
1104 217 1267 256 mssa
1309 215 1570 258 PRIVATA.

78 360 217 436 Quae
242 372 439 421 autem
469 361 566 420 illa
599 362 717 421 sint
738 408 754 438 ,
799 383 928 444 quae
950 360 1312 421 constituant
1339 358 1425 418 rei
1456 355 1846 416 substantiam
1865 403 1880 433 ,
1915 369 2017 417 aut
2046 381 2192 441 prae-

80 469 314 539 ceptum
350 456 691 532 involvant,
735 457 1258 538 non‘privatorum
1292 463 1378 512 est
1419 451 1693 527 definire,
1742 454 1845 512 sed
1890 455 2191 530 Ecclesiae,

80 575 258 634 quam
296 552 557 611 Christus
600 554 726 633 ipse
769 551 1005 633 reliquit
1048 550 1435 629 interpretem
1483 568 1601 606 suae
1645 547 1962 608 voluntatis
2014 561 2191 633 atque

82 648 375 706 doctrinae.
416 648 609 718 Quum
642 648 817 725 igitur
851 644 1096 705 Ecclesia
1137 654 1421 723 tanquam
1450 641 1606 700 licita
1645 643 1983 726 probaverit
2006 647 2196 706 Sacri-

82 745 206 802 ficia
236 743 460 823 privata
483 786 499 815 ,
536 742 599 799 in
629 741 836 825 quibus
870 739 1222 800 Eucharistia
1253 761 1374 798 non
1404 738 1718 820 porrigitur
1755 741 1973 821 populo
2004 789 2019 818 ,
2061 743 2203 804 inde

83 837 404 916 colligitur,
436 838 907 895 communionem
939 834 1296 894 adstantium
1331 855 1453 891 non
1493 835 1846 893 constituere
1887 840 2203 899 essentiam

11 944 17 955 '
75 932 378 1003 -Sacrificii,
404 943 579 1013 atque
594 931 928 1012 exemplum
955 929 1189 1003 Christi,
1210 929 1626 987 Eucharistiam
1643 928 2078 1008 distribuentiS,
2104 935 2204 995 vel

81 1049 203 1086 non
235 1028 533 1086 continere
560 1037 918 1108 praeceptum
943 1023 1081 1099 ,vel
1107 1023 1576 1083 conditionatum
1605 1035 1842 1084 tantum
1874 1027 2202 1103 continere,

78 1123 127 1180 si
170 1122 450 1180 nimirum
495 1121 689 1180 adsint
726 1120 826 1201 qui
857 1130 1064 1200 petant
1097 1119 1612 1192 communionem,
1657 1131 1834 1200 atque
1878 1120 2120 1202 insuper
2157 1124 2208 1182 si

72 1215 335 1296 'legitime
359 1228 586 1299 petant.
621 1214 708 1274 Ad
731 1235 1030 1273 summum
1057 1235 1127 1273 ex
1154 1213 1245 1272 his
1274 1214 1496 1272 eruitur
1516 1259 1531 1288 ,
1550 1215 1732 1294 magis
1762 1208 2065 1275 conforme·
2085 1239 2210 1278 esse

84 1312 298 1371 Christi
340 1310 607 1392 exemplo
641 1310 1117 1368 communionem
1159 1307 1527 1367 adstantibus
1587 1309 1966 1385 distribuere,
2003 1313 2066 1370 'si
2106 1314 2208 1395 qui

78 1409 200 1466 sint
223 1407 323 1488 qui
359 1428 487 1466 eam
515 1406 769 1485 legitime
795 1416 1043 1486 petant,
1070 1415 1248 1487 prout
1276 1425 1337 1463 se
1360 1415 1562 1485 optare
1586 1405 1904 1467 declaravit
1938 1409 2205 1487 Synodus

80 1502 451 1574 Tridentina3
478 1501 721 1559 minime
749 1521 889 1560 vero
913 1500 1174 1580 sequitur
1192 1543 1208 1572 ,
1247 1498 1469 1579 aliquid
1491 1498 1690 1558 deesse
1727 1501 1990 1560 essentiae
2019 1505 2200 1563 Sacri-

79 1597 192 1657 ficii
216 1642 232 1673 ,
258 1598 306 1655 si
323 1596 470 1654 nulli
486 1596 603 1653 sint
619 1595 721 1675 qui
739 1594 926 1654 velint
940 1594 1401 1666 communicare,
1439 1604 1538 1651 aut
1554 1592 1782 1653 illicitas
1803 1617 1927 1655 esse
1958 1598 2159 1658 Missas
2179 1643 2195 1674 ,

79 1695 139 1752 in
172 1691 381 1773 quibus
415 1710 589 1749 nemo
624 1691 698 1747 sit
728 1690 828 1769 qui
867 1688 1279 1747 communicet.

160 1787 300 1846 309.
352 1785 440 1845 Ad
470 1786 555 1842 211²
578 1829 594 1857 ,
632 1784 784 1864 Neq.
814 1785 964 1842 Nam
988 1784 1158 1842 citata
1186 1781 1364 1844 verba
1396 1804 1518 1842 non
1539 1784 1873 1844 referuntur
1906 1787 1980 1846 ad
2005 1787 2203 1849 distri-

77 1883 381 1942 butionem
411 1879 780 1939 Eucharistiae
801 1925 817 1954 ,
859 1879 962 1939 sed
989 1878 1065 1937 ad
1096 1877 1471 1950 facultatem,
1518 1900 1695 1960 quam
1738 1880 2001 1942 Christus
2041 1883 2205 1948 dedit

76 1977 363 2061 Apostolis
409 1995 729 2056 eorumque
787 1975 850 2032 in
895 1973 1212 2033 sacerdotio
1260 1974 1718 2049 successoribus,
1775 1976 2198 2041 Eucharistiam.

73 2070 450 2145 conficiendi,
476 2091 540 2129 ac
565 2081 875 2151 propterea
907 2069 1259 2127 Sacrificium
1286 2068 1593 2127 offerendi.
1619 2069 1788 2142 Quod
1810 2071 1858 2128 si
1882 2071 2202 2134 adversarii

74 2167 436 2228 contendant
457 2210 473 2237 ,
515 2165 692 2224 etiam
732 2186 797 2224 ea
831 2185 951 2224 esse
982 2163 1288 2223 referenda
1315 2163 1391 2222 ad
1421 2163 1930 2240 distributionem,
1961 2171 2203 2250 reponi-

73 2285 240 2337 muS,
276 2262 386 2320 hoc
428 2261 605 2320 etiam
638 2259 808 2333 dat0,
850 2258 1029 2321 verba
1073 2281 1140 2318 ea
1177 2281 1296 2318 non
1341 2261 1640 2319 continere
1678 2262 1810 2332 nisi>
1833 2276 2198 2345 praeceptum

77 2359 524 2432 affirmativum,
557 2355 652 2416 cui
675 2354 1003 2437 parendum
1029 2366 1118 2414 est
1136 2400 1152 2430 ,
1184 2356 1271 2413 uti
1302 2354 1510 2414 scholae
1535 2354 1856 2437 loquuntur
1875 2402 1890 2432 ,
1921 2381 2029 2439 pro
2054 2371 2201 2421 tem-

75 2474 217 2535 pore
243 2498 258 2527 ,
297 2452 423 2511 loco
463 2462 520 2509 et
549 2452 1014 2510 circumstantiis,

158 2549 296 2607 310.
344 2547 433 2606 Ad
463 2546 545 2605 3¹1¹
567 2591 582 2621 ,
616 2548 775 2604 Dz‘st·
811 2547 1105 2618 Quatenus
1133 2544 1516 2627 praesentibus
1551 2567 1616 2605 ac
1645 2545 1903 2626 legitime
1931 2551 2191 2631 petenti—

77 2641 186 2700 bus
209 2645 408 2722 negari
448 2663 568 2699 non
599 2638 774 2698 debet
814 2661 1042 2698 sacrum
1079 2640 1189 2698 hoc
1227 2639 1498 2720 epulum,
1543 2642 1701 2722 quod
1729 2643 1792 2699 in
1831 2645 2196 2725 spiritualem

82 2736 342 2796 fidelium
379 2737 643 2795 omnium
667 2733 1001 2793 alimoniam
1037 2735 1374 2794 institutum
1402 2747 1489 2794 est
1509 2780 1525 2810 .‚
1557 2757 1743 2803 conc.;
1770 2750 2060 2819 quatenus
2082 2762 2194 2801 ne-

83 2851 238 2889 cesse
273 2832 348 2890 sit
370 2877 386 2906 ,
421 2842 488 2890 ut
522 2830 690 2912 pauci
714 2829 808 2892 vel
836 2829 1008 2890 multi
1046 2831 1511 2907 communicent,
1544 2832 1770 2913 quoties
1817 2833 2059 2894 offertur
2089 2837 2195 2895 Sa-

84 2925 391 3002 crificium,
425 2947 555 3006 neq.

79 3124 244 3183 paret,
261 3117 453 3181 quando
461 3118 681 3182 primum
694 3126 974 3183 acceperunt
995 3117 1096 3166 dis-

84 3198 240 3265 cipuli
270 3198 455 3264 Corpus
475 3206 519 3246 et
535 3195 838 3263 Sanquinem
865 3198 1093 3269 Domini,

86 3297 182 3327 non
215 3297 290 3327 eos
325 3281 557 3346 accepisse
582 3281 798 3346 jejunos.
841 3279 1098 3345 Numquid

84 3370 244 3409 tamen
286 3371 533 3427 propterea
590 3361 987 3409 calumniandum
1029 3370 1099 3410 est

84 3445 318 3491 um'versoe
360 3443 591 3491 Ecclesioe
621 3479 634 3502 ‚
670 3443 796 3507 quod
842 3460 872 3490 a
902 3445 1094 3508 jejunis

86 3541 273 3594 semper
321 3527 673 3590 accipiturffi...
737 3523 810 3571 Et
855 3524 961 3572 ideo
996 3542 1095 3574 non

81 3609 309 3672 proecepit
330 3611 342 3671 (
366 3606 637 3669 Christus),
658 3623 748 3670 quo
777 3606 996 3671 deinceps
1020 3623 1096 3654 or·-

91 3684 201 3734 dine
255 3697 521 3737 sumeretur
549 3723 564 3749 ,
612 3697 665 3736 ut
699 3686 937 3754 Apostolc’s
958 3724 975 3752 ,
1009 3706 1100 3754 per

168 3780 229 3839 T.
276 3782 368 3840 vl.

1178 3134 1294 3182 quos
1311 3116 1364 3165 E
1366 3116 1563 3166 cclesias
1588 3117 1911 3184 dispositurus
1932 3130 2035 3168 erat
2053 3159 2067 3183 ,
2095 3139 2194 3171 ser-

1177 3200 1462 3249 verethum
1500 3199 1672 3248 locum.
1707 3200 1870 3263 Nam,
1907 3204 1953 3250 si
1985 3202 2072 3251 hoc
2115 3204 2194 3253 ille

1178 3285 1502 3331 monuisset...
1534 3282 1671 3330 credo
1687 3322 1704 3343 ,
1723 3300 1834 3331 eum
1848 3301 2029 3353 morem
2053 3301 2192 3335 nemo

1176 3366 1421 3413 variasset.
1469 3363 1578 3429 Quae
1621 3368 1778 3413 omnia
1826 3366 1945 3415 ibid.
1981 3369 2190 3431 comple·

1175 3450 1310 3495 ctitur
1327 3484 1340 3507 ,
1370 3446 1531 3495 dicens
1554 3463 1566 3495 ε
1594 3446 1653 3495 Si
1667 3447 1786 3511 quid
1801 3446 1971 3495 horum
1988 3456 2084 3495 tota
2100 3465 2195 3513 per

1175 3529 1331 3576 orbem
1363 3529 1636 3592 frequentat
1671 3527 1918 3589 Ecclesia,
1957 3530 2078 3592 quin
2121 3531 2191 3579 ita

1171 3610 1455 3674 faciendum
1496 3612 1589 3670 sit,
1635 3609 1884 3676 disputare
1929 3609 2194 3660 insolentis-

1181 3693 1318 3741 simoe
1341 3690 1556 3741 insaniae
1582 3700 1667 3740 est.

1835 3782 1914 3841 20
