2502 4186
2140 239 2218 298 23

692 261 811 298 cu.
857 237 942 297 1'11.
987 259 1055 296 lm
1098 257 1364 296 mmsrno
1403 255 1674 315 mrnsm.

218 399 312 459 57.
357 399 633 457 Diaconos
677 420 850 480 porro
892 397 1184 457 ministros
1225 417 1346 455 esse
1382 393 1864 456 extraordinarios
1906 394 2216 457 ablutionis

139 493 563 552 sacramentalis
585 538 600 567 7
651 503 874 568 constat
915 512 985 549 ex
1016 490 1136 547 Act.
1185 490 1380 568 Apost.
1421 490 1585 563 VIII,
1616 488 1692 548 38
1719 531 1735 562 .,
1782 486 1883 546 ubi
1913 489 2214 572 Philippus

141 588 425 646 Diaconus
453 587 779 667 baptizasse·
797 583 1133 666 perhibetur
1158 581 1501 640 Eunuchum
1520 627 1536 655 ,
1577 593 1636 641 et
1666 603 1722 641 v.
1758 583 1833 640 12
1851 627 1867 657 .,
1897 581 2215 664 baptizasse

133 682 287 741 viros
310 693 370 740 et
408 679 692 739 mulieres·
720 681 853 737 Jam
877 698 1015 739 vero
1047 696 1180 734 eum
1214 674 1274 732 id
1300 675 1633 755 praestitisse
1670 697 1740 734 ex
1775 677 2084 757 apostolica
2109 677 2215 762 def

131 774 443 852 legatione,
483 773 703 830 eruitur
741 794 811 831 ex
852 792 1022 830 sensu
1057 768 1234 826 totius
1271 769 1629 849 antiquitatis
1652 813 1668 842 ‚
1715 770 1775 827 in
1826 792 1938 850 qua
1978 772 2214 832 Diaconi

132 866 479 926 exhibentur
502 877 733 924 tantum
766 878 833 924 ut
867 862 1118 924 ministri
1145 862 1590 921 extraordinarii
1625 862 1794 941 hujus
1829 865 2208 926 Sacramenti.

129 961 418 1020 Diaccmis
442 965 603 1018 enim
631 962 871 1020 nullum
896 960 962 1015 in
982 952 1363 1015 ecclesiastico
1379 957 1590 1016 ordine
1614 969 2059 1017 sacramentum
2076 982 2213 1038 per-

119 1056 289 1131 sicere
305 1057 648 1114 conceditur
658 1054 790 1120 ,used
806 1053 910 1110 boc
929 1052 1271 1123 dumtaoeat,
1296 1062 1367 1109 ut
1377 1072 1608 1124 eorum,
1631 1075 1763 1131 qma
1776 1055 2209 1132 perficiuntur,

123 1152 401 1208 ministri
446 1154 606 1222 sint,
652 1146 735 1204 uti
779 1145 1034 1227 loquitur
1077 1146 1131 1203 S.
1171 1144 1528 1226 Epiphanius
1556 1147 1696 1226 '(l);
1740 1158 1799 1208 et
1835 1159 1974 1208 ante
2014 1148 2207 1229 ipsum

127 1243 572 1303 Constitutione-s
607 1250 790 1318 apost.
819 1246 1044 1320 'aperte
1085 1239 1282 1298 ferunt
1322 1260 1336 1298 ε
1389 1241 1531 1300 Illos
1569 1263 1690 1300 non
1730 1244 2038 1322 baptizare
2077 1241 2165 1322 (2)
2187 1287 2204 1317 ‚

119 1337 330 1396 scilicet
349 1357 418 1396 ex
441 1354 682 1393 munere
705 1334 940 1415 proprie
964 1355 1084 1393 suo,
1111 1331 1435 1413 Aliquando
1457 1335 1614 1393 enim
1638 1334 1753 1394 hoc
1779 1347 2205 1396 sacramentum

119 1431 386 1490 collatum
421 1428 494 1488 ab
535 1427 740 1487 iisdem
778 1429 951 1487 fuisse
991 1439 1090 1487 aut
1140 1426 1386 1490 conferri
1427 1448 1628 1508 posse,
1670 1451 1852 1508 quum
1894 1436 2205 1495 necessitas

115 1538 370 1585 extrema
388 1525 724 1603 compellat,
750 1533 911 1604 patet
935 1543 1006 1582 ex
1030 1524 1152 1603 cap.
1186 1523 1501 1581 Diaconus
1529 1521 1619 1601 (3)
1642 1568 1657 1599 ‚
1686 1522 1841 1602 quod
1867 1543 1938 1581 ex
1961 1523 2200 1603 epistola

109 1768 382 1836 Episcopus
400 1802 414 1829 ‚
437 1767 606 1815 deinde
621 1766 907 1831 Presbyteri
923 1772 967 1812 et
982 1765 1114 1813 Dia·

104 1851 215 1900 com‘
231 1887 244 1910 ‚
271 1867 370 1898 non
396 1857 554 1897 tamen
578 1850 682 1896 sine
700 1847 935 1913 Episcopi
950 1854 1113 1894 aucto·

104 1935 259 1981 ritate.
277 1931 323 1980 S.
351 1931 622 1996 Hieronym.
643 1928 783 1978 Dial.
808 1928 920 1976 ado.
939 1926 1107 1990 Lucis.

112 2012 253 2064 Unde
266 2014 394 2061 venit
414 2049 429 2073 ‚
454 2020 508 2060 ut
525 2013 633 2059 sine
649 2010 887 2076 Episcopi
886 2010 1109 2074 jussione

102 2110 250 2158 neque
283 2091 533 2158 Presbyter
560 2109 708 2156 neque
744 2089 988 2138 Diaconus
1013 2091 1107 2155 jus

104 2175 307 2223 habeam
322 2173 618 2239 baptizandi.
635 2172 856 2237 Quocirca
874 2206 888 2230 ‚
907 2171 988 2218 ubi
1002 2170 1105 2235 Epi·

105 2272 293 2319 scopum
326 2254 478 2301 abesse
519 2252 812 2316 contingebat
830 2288 844 2310 ‚
872 2251 1102 2316 Baptisma

103 2335 265 2383 diebus
283 2335 463 2382 Paschae
480 2343 524 2381 et
544 2332 829 2380 Pentecostes
843 2331 1103 2379 solemniter

100 2418 293 2465 conferri
347 2424 616 2462 consuetum
677 2411 972 2460 omittebatur
997 2449 1010 2471 ‚
1051 2421 1102 2459 ut

96 2498 308 2562 'pluribus
358 2495 552 2544 ostendit
599 2493 800 2541 eruditus
848 2492 1053 2541 Martene
1082 2529 1096 2553 ‚

99 2578 180 2626 De
211 2579 361 2642 antiq.
405 2574 587 2624 Eccles.
640 2573 816 2620 ritibus
835 2609 848 2631 ‚
888 2582 999 2621 tom.
1046 2590 1063 2619 1
1081 2609 1094 2632 ‚

98 2659 184 2708 lib.
218 2676 265 2719 1,
302 2669 386 2707 art.
421 2675 495 2706 111.
535 2655 654 2704 Cum
684 2657 819 2719 igitur
851 2655 1096 2718 perhiben-

97 2749 171 2788 tur
199 2740 448 2805 Presbyteri
486 2739 716 2803 baptizare
742 2773 754 2794 ‚
790 2737 934 2783 etiam
967 2752 1095 2800 prae-

98 2830 222 2868 sente
247 2820 514 2886 Episcopo,
546 2829 596 2867 ut
625 2821 674 2866 in
694 2817 857 2882 Epist.
876 2834 907 2864 x
935 2817 988 2867 S.
1004 2813 1091 2863 Si-

97 2902 236 2962 ricii,
267 2918 367 2965 cap.
394 2899 445 2964 4,
480 2900 847 2948 subaudiendum
867 2907 932 2946 est
961 2899 1094 2960 etja-

97 2979 256 3039 bente3
282 2983 398 3030 sicut
422 2999 527 3030 cum
544 2981 802 3029 Concilium
825 2979 1091 3043 Hispalense

96 3076 165 3122 11,
201 3079 277 3108 an.
296 3059 395 3128 619
421 3063 698 3112 celebratum
717 3100 730 3122 ‚
761 3079 861 3125 cap.
903 3077 981 3127 17,
1006 3062 1088 3110 de·

94 3146 239 3190 cernit
269 3159 283 3190 τ
314 3141 475 3206 Neque
495 3160 651 3191 coram
680 3142 921 3210 Episcopo
949 3144 1088 3192 licere

93 3219 386 3287 Presbyteris
411 3225 467 3271 in
493 3225 820 3289 baptisterium
852 3227 1051 3274 introire
1068 3262 1083 3286 ,

90 3321 176 3352 nec
201 3314 430 3369 praeseme
459 3306 690 3353 Antistite
721 3306 958 3370 infantem
989 3309 1112 3370 tin-f

91 3403 198 3450 qere
215 3423 227 3445 ,
257 3387 345 3434 sub
371 3386 723 3450 intelligendum
750 3398 816 3435 est
844 3389 1087 3453 :nisiipse

79 3468 267 3532 jubeat.
292 3467 389 3515 Hac
406 3469 579 3514 ratione
605 3466 734 3514 facile
752 3480 1089 3532 componuntur

95 3558 138 3596 et
165 3548 461 3596 conciliantur
492 3548 575 3595 illa
612 3547 786 3595 decreta
814 3550 863 3594 in
895 3552 1089 3612 speciem

93 3632 340 3693 pugnantia
365 3666 379 3690 ‚
413 3639 458 3677 et
484 3631 683 3693 antiquae
701 3627 952 3691 disciplinas
973 3630 1093 3678 inve-

97 3711 289 3759 niuntur
321 3720 622 3759 consentanea
638 3744 655 3771 ,
691 3719 744 3757 ut
767 3709 955 3758 advertit
973 3707 1095 3758 Cou-

1192 1767 1314 1812 s'tant
1328 1764 1419 1815 loc.
1441 1767 1519 1814 cit.
1534 1763 1749 1813 Ceterum
1767 1801 1780 1825 ‚
1799 1782 1903 1813 cum
1922 1764 1972 1815 S.
1995 1765 2199 1831 ignatius

1191 1844 1282 1894 loc.
1316 1849 1395 1894 cit.
1438 1845 1610 1903 addat,
1647 1845 1911 1911 Presbytero
1952 1849 2053 1896 sine
2082 1846 2198 1913 Epi-

1191 1943 1328 1991 scopo
1362 1927 1485 1975 haud
1507 1928 1679 1988 licere,
1716 1944 1866 1992 neque
1894 1927 2097 1994 Aqapen
2125 1946 2198 1976 ce-

1189 2006 1397 2069 labrare,
1429 2009 1478 2056 id
1493 2019 1580 2069 est,
1592 2008 1926 2059 Eucharistiam
1946 2010 2190 2070 conficere,

1187 2105 1240 2137 ac
1274 2090 1398 2154 apud
1426 2107 1584 2138 omnes
1615 2090 1896 2154 exploratum
1927 2093 2019 2149 sit,
2052 2090 2182 2139 Pres-

1184 2169 1356 2235 byteris
1386 2173 1461 2236 jus
1486 2171 1770 2219 ordinarium
1805 2182 2058 2236 competere
2084 2189 2195 2221 con-

1183 2252 1391 2300 secrandi
1433 2251 1766 2300 Eucharistiam
1787 2287 1804 2313 ‚
1876 2255 1942 2302 sic
1986 2253 2189 2314 dubitari

1182 2332 1375 2395 nequit,
1400 2331 1585 2381 Veteres
1601 2368 1618 2394 ,
1638 2351 1742 2381 cum
1766 2334 2051 2382 interdicunt
2077 2336 2187 2398 ipsis

1180 2410 1414 2475 baptizare
1452 2415 1549 2460 sine
1590 2414 1773 2462 licentia
1816 2414 2057 2478 Episcopi,
2092 2418 2184 2462 mi-

1179 2493 1304 2540 nime
1326 2492 1527 2540 adimere
1544 2494 1705 2541 iisdem
1733 2495 1928 2543 voluisse
1952 2497 2030 2560 jus
2054 2496 2180 2543 ordi-

1177 2574 1360 2620 narium
1377 2572 1655 2637 baptizandi.
1684 2573 1736 2622 Id
1763 2592 1912 2623 unum
1945 2585 2180 2639 propterea

1175 2653 1367 2715 volunt,
1383 2654 1584 2719 hocjus,
1607 2664 1764 2719 utpote
1793 2656 2143 2703 subordinatum
2161 2693 2175 2716 ‚

1173 2752 1268 2782 non
1305 2737 1506 2798 potuisse
1545 2753 1569 2782 a
1589 2742 1591 2744 ’
1615 2735 1889 2801 Presbyteris
1921 2738 1971 2783 in
2002 2739 2177 2801 praxim

1173 2816 1338 2864 deduci
1367 2816 1541 2883 absque
1562 2816 1769 2882 Episcopi
1798 2819 2001 2884 jussione
2035 2828 2078 2865 et
2104 2818 2174 2867 fa-

1172 2898 1362 2947 cultate.

1237 2980 1299 3043 (1)
1346 2979 1517 3028 Haeres.
1544 2996 1673 3027 Lxxxx
1692 3016 1706 3038 ‚
1738 2997 1790 3027 n.
1814 2978 1847 3043 4
1874 2981 1986 3030 edit.
2012 2979 2173 3029 Petav-

1167 3057 1255 3108 Ka}
1282 3057 1369 3126 ’γάρ
1399 3056 1492 3108 οὔτε
1522 3057 1715 3108 διάκονοι
1760 3061 1793 3107 ἕν
1832 3066 1889 3128 τῇ
1927 3063 2171 3117 ἐκκλησια-

1168 3146 1303 3208 σ-τικῇ
1345 3138 1467 3202 τέξει
1498 3137 1824 3196 ἔπιστεᾶθησ-οἶν
1864 3163 1907 3191 τι
1937 3141 2171 3209 μυστηρίου

1169 3223 1383 3272 ἐπιτελεῖν
1398 3260 1411 3284 ,
1433 3220 1557 3273 οἷλλεὶ
1574 3221 1695 3285 μένον
1717 3222 1926 3272 διακονεῖν
1941 3221 1999 3273 rai
2026 3226 2173 3274 ἔπη-ι,-

1164 3304 1374 3368 λούμενοι.

1234 3387 1304 3452 (2)
1338 3387 1445 3435 Lib.
1482 3403 1592 3447 vul,
1621 3404 1724 3452 cap.
1766 3385 1830 3434 28
1851 3423 1865 3445 ‚
1898 3386 1981 3434 ubi
2018 3396 2177 3451 aperte·

1168 3466 1333 3515 dicitur
1351 3484 1365 3515 ε
1382 3465 1643 3532 Διῷκονος...
1674 3468 1718 3515 οὗ
1739 3465 1972 3529 βαπτίζει.
2000 3464 2174 3517 Diaco-

1169 3564 1324 3596 πως...
1355 3565 1454 3596 non
1476 3548 1703 3613 baptizat.

1242 3629 1306 3692 (3)
1342 3629 1554 3678 Distinet.
1601 3645 1738 3691 xcnx,
1774 3645 1877 3693 cap.
1933 3625 2027 3687 13,
2058 3626 2184 3676 edit.

1174 3710 1372 3760 Pithoei.
