2502 4186
260 253 376 313 168
876 267 1194 309 rnlcrArns
1237 271 1309 309 nn
1351 270 1754 315 nucmms'ru.

261 418 364 502 qui
386 414 654 477 nondum
683 435 924 473 omnem
945 406 1380 475 humanitatem
1410 416 1571 475 exuit
1592 461 1607 491 7
1647 438 1770 475 non
1792 425 1984 497 potest
2010 441 2132 480 non
2160 421 2389 502 ingenti

259 513 502 574 horrore
538 508 812 592 perfundi
840 554 856 584 7
894 509 1161 570 incidens
1197 511 1261 569 in
1299 533 1429 570 eam
1463 512 1878 592 cogitationem
1920 514 2079 595 quod
2121 516 2230 575 sibi
2259 540 2391 577 ves-

262 606 516 668 cendum
550 606 627 665 sit
655 626 829 665 carne
869 625 935 664 ac
969 605 1253 685 sanguine
1293 605 1584 681 hominis7
1624 605 1847 666 nedum
1880 608 2094 667 summi
2130 608 2393 671 benefac-

262 696 442 777 toris7
487 701 693 776 amici7
733 694 1016 781 magistri.
1059 704 1263 782 Itaque
1295 700 1565 783 discipuli
1599 701 1819 761 Christi
1848 725 1970 762 non
2007 704 2134 763 sine
2157 718 2395 766 cuncta-

262 798 425 857 tione
459 814 525 857 ac
554 796 896 860 vehementi
935 797 1393 857 contradictione
1415 842 1430 871 7
1474 818 1653 879 quam
1688 797 1814 857 aliis
1839 799 1902 858 in
1933 797 2108 858 rebus
2136 801 2297 858 miris
2333 821 2397 859 ac

263 894 434 954 novis
472 890 586 952 sibi
610 892 746 955 visis
775 914 897 975 prae
934 913 995 952 se
1019 893 1170 952 ferre
1200 915 1322 952 non
1359 891 1741 967 dubitarunt,
1781 893 2039 953 fructum
2079 907 2202 953 tam
2231 894 2401 975 flagi-

267 988 489 1049 tiosum
535 998 595 1050 et
642 988 976 1048 inauditum
1025 977 1320 1071 tanquam
1347 987 1537 1068 legem
1586 989 1813 1070 imponi
1843 989 1951 1048 sibi
1975 991 2203 1072 passuri
2225 991 2398 1050 fuisse

261 1080 792 1158 videntur.'Quum
819 1106 959 1144 vero
987 1084 1242 1144 in'sacra
1279 1105 1446 1145 coena
1484 1083 1846 1143 instituenda
1888 1084 2035 1144 nihil
2077 1107 2172 1145 eos
2221 1086 2400 1145 offen-

268 1178 441 1240 deret
481 1190 582 1239 aut
625 1179 688 1237 in
720 1177 1173 1239 admirationem
1209 1189 1441 1260 raperet
1463 1225 1479 1255 7
1522 1181 1801 1259 cogitasse
1839 1178 2025 1242 videri
2071 1181 2292 1241 debent
2324 1181 2397 1242 de

266 1276 464 1335 fructu
484 1318 501 1348 7
531 1274 670 1356 qui7
699 1293 1039 1355 quanquam
1057 1273 1166 1333 sub
1188 1274 1442 1354 imagine
1470 1273 1700 1334 oblatus
1723 1321 1739 1350 7
1778 1287 1980 1334 tamen
2013 1277 2209 1335 animo
2232 1323 2247 1350 7
2279 1299 2402 1336 non

266 1390 508 1453 corpore
540 1368 944 1451 perciperetur
967 1369 1081 1449 (1).
1133 1369 1199 1433 39
1242 1369 1388 1442 Quia
1416 1369 1639 1429 Judaeis
1667 1392 1735 1430 eo
1774 1382 2041 1453 tempore
2085 1372 2246 1452 gravi
2276 1372 2403 1451 lege

265 1463 654 1525 interdictum
693 1474 852 1539 erat,
886 1485 963 1524 ne
1009 1465 1291 1544 sanguine
1326 1477 1741 1541 vescerentur7
1786 1467 1897 1526 hoc
1931 1490 2008 1527 ne
2056 1467 2123 1526 iis
2166 1467 2406 1550 quidem

268 1559 486 1620 licebat
504 1605 520 1635 7
557 1559 658 1642 qui
686 1581 718 1620 e
741 1581 1104 1642 paganorum
1120 1581 1369 1620 numero
1385 1560 1541 1620 inter
1564 1560 1922 1621 Christianos
1938 1563 2159 1646 recepti
2183 1574 2399 1623 essent.

264 1656 410 1715 ..Iam
447 1676 589 1715 vero
604 1698 628 1728 ,
667 1655 716 1714 si
746 1656 809 1713 in
849 1677 1027 1721 sacra,
1055 1677 1221 1716 coena
1254 1655 1615 1716 instituenda
1648 1657 1939 1739 Apostolis
1975 1681 2145 1719 verus
2173 1659 2405 1738 sanguis

271 1748 397 1810 bibi
434 1750 593 1809 visus
624 1759 775 1810 esset
799 1795 815 1825 7
854 1771 1091 1811 necesse
1122 1761 1279 1826 erat7
1323 1763 1391 1809 ut
1425 1751 1586 1810 hunc
1628 1774 1803 1811 usum
1846 1776 1878 1811 a
1907 1755 2110 1813 ceteris
2138 1774 2407 1813 secerne-

269 1843 442 1921 rent7'
458 1856 540 1920 et7
567 1857 857 1927 quantum
881 1846 1094 1906 Christi
1118 1846 1349 1926 sanguis
1365 1868 1396 1905 a
1414 1847 1596 1906 vetito
1619 1858 1763 1927 potu
1781 1847 2048 1922 distaret,
2081 1860 2182 1907 aut
2207 1844 2408 1908 osten-

274 1940 485 2001 derent
511 1951 612 1999 aut
647 1940 856 2001 saltem
900 1940 996 2001 vel
1035 1940 1244 2001 leviter
1282 1940 1494 1999 alicubi
1528 1942 1937 2021 significarent.
1989 1945 2408 2002 Verumtamen

271 2056 565 2117 nusquam
584 2036 646 2095 in
669 2038 819 2096 Nov.
852 2037 1007 2095 Test.
1035 2034 1139 2094 ubi
1167 2035 1632 2095 Christianorum
1669 2037 1856 2118 epulae
1882 2083 1898 2112 7
1926 2038 2277 2119 quibuscum
2311 2059 2408 2097 sa—

275 2153 383 2194 crae
419 2152 600 2191 coenae
638 2127 775 2190 usus
802 2131 1075 2209 conjungi
1112 2130 1324 2190 soleret
1345 2176 1361 2205 7
1390 2143 1929 2190 commemorantur
1948 2177 1965 2206 7
1997 2154 2072 2192 ne
2099 2134 2413 2192 minimum

293 2226 534 2309 quidem
576 2225 814 2285 additur
833 2272 848 2302 7
877 2226 1272 2307 quodindicet
1301 2248 1542 2308 corpore
1571 2229 1789 2307 gustari
1805 2229 2160 2303 Sanguinem
2189 2241 2248 2289 et
2272 2230 2416 2289 Cor*

278 2343 392 2405 pus
435 2322 650 2381 Christi
692 2323 801 2403 (2).
852 2322 918 2381 4⁰
973 2322 1119 2395 Quia
1164 2343 1366 2381 sensus
1412 2322 1619 2384 obvius
1657 2323 1977 2384 verborum
2017 2324 2231 2384 Christi
2286 2337 2413 2386 erat

280 2416 573 2500 Apostolis
611 2438 815 2477 sensus
853 2418 1153 2498 figuratuS.
1198 2416 1386 2477 Judaei
1413 2419 1574 2478 enim
1602 2419 1816 2500 pasche
1850 2419 2213 2480 celebrantes
2250 2420 2411 2481 dice-

279 2510 429 2572 bant
469 2535 482 2571 :
528 2514 653 2573 Hic
690 2524 776 2573 est
799 2518 985 2593 panis
1005 2515 1362 2592 'afflictionis
1396 2513 1649 2591 (scilicet
1683 2516 2122 2597 repraesentatio
2161 2516 2256 2576 vel
2283 2538 2409 2576 me-

280 2611 467 2668 moria
513 2609 667 2683 illius
704 2610 910 2691 panis)
932 2655 946 2684 7
980 2632 1158 2690 quem
1206 2611 1672 2669 manducarunt
1690 2621 1893 2690 patres
1934 2616 2131 2670 nostri
2151 2615 2221 2670 in
2245 2622 2409 2674 terra

276 2706 538 2784 'AEqypti.
583 2685 738 2795 ‘Esssgo
786 2705 896 2766 viri
935 2705 958 2786 (
994 2704 1210 2763 scilicet
1257 2703 1568 2786 Apostoli)
1615 2704 1706 2763 bis
1755 2705 2070 2787 phrasibus
2107 2708 2412 2767 audiendis

279 2798 509 2857 adsueti
542 2843 558 2873 7
595 2798 872 2858 eumdem
914 2799 1095 2880 plane
1131 2820 1369 2858 sensum
1414 2798 1628 2858 Christi
1664 2799 1860 2861 verbis
1901 2803 2090 2861 inesse
2114 2802 2411 2883 intellige-

278 2891 449 2970 bant3
468 2888 610 2954 item
629 2894 855 2976 phrasis
875 2918 888 2952 ε
913 2895 1143 2975 Corpus
1149 2896 1482 2975 paschatis-7
1502 2894 1653 2954 dicta
1670 2895 1744 2955 de
1760 2918 1908 2975 agno
1927 2896 2202 2978 paschali,
2228 2901 2414 2981 Apos-

283 2989 419 3048 tolis
462 2991 715 3072 speciem
754 2990 1010 3071 symboli
1055 2988 1398 3071 suggerebat
1430 2990 1493 3048 in
1528 2990 1722 3051 verbis
1752 2991 1968 3050 Christi
2001 2991 2110 3073 (3).
2153 2993 2218 3050 50
2271 2995 2416 3068 Quia

272 3083 543 3167 denique
603 3085 869 3145 Christus
920 3087 1136 3167 syriace
1181 3108 1282 3145 seu
1339 3085 1788 3166 syro-chaldaice
1818 3086 2042 3146 locutus
2082 3099 2203 3162 est3
2242 3111 2413 3171 porro

282 3178 348 3237 in
375 3201 441 3239 ea
461 3181 656 3260 lingua
694 3183 934 3240 nullum
962 3183 1321 3241 vocabulum
1357 3179 1607 3239 habetur
1629 3227 1644 3256 7
1691 3204 1807 3264 quo
1840 3185 2235 3263 siqnificandi
2254 3228 2277 3255 ,
2316 3207 2411 3243 re-

275 3278 738 3357 praesentandi,
784 3264 1116 3336 denotandi
1154 3277 1292 3336 idea
1331 3281 1731 3357 coeprimatur.
1777 3275 1928 3338 Hinc
1974 3279 2040 3337 fit
2091 3289 2157 3337 ut
2199 3278 2412 3340 locutio

356 3452 428 3516 (l)
474 3453 542 3502 Ita
587 3451 749 3502 Schelz
777 3492 791 3516 7
843 3455 943 3504 Die
992 3455 1108 3505 Chr.
1156 3455 1313 3504 Lehre
1463 3457 1527 3522 (2)
1566 3456 1686 3506 Ibid.

287 3550 339 3583 v.
389 3532 507 3585 keil.
559 3533 887 3586 Abendmahl.
940 3555 1023 3586 seu
1071 3535 1303 3586 Doctrina
1456 3537 1517 3602 (3)
1573 3539 1651 3588 Sic
1731 3538 1926 3604 Whitby
1961 3572 1976 3598 ,
2076 3542 2412 3606 Commentary

284 3614 549 3666 christiana
571 3617 630 3666 de
657 3633 796 3667 sacra
821 3635 972 3681 coena,
1002 3619 1127 3685 Lips.
1154 3617 1301 3683 1824.
1388 3638 1452 3670 on
1496 3621 1571 3670 the
1618 3623 1689 3674 Ν.
1752 3624 1815 3673 Τ.
1877 3625 1971 3675 vol.
2025 3643 2078 3688 17
2126 3643 2229 3691 pag.
2277 3621 2409 3685 256,

287 3714 395 3762 pag.
415 3714 478 3765 7⁰
494 3708 539 3748 et
558 3717 690 3766 seqq.
710 3698 834 3765 Quid
850 3718 986 3767 porro
1003 3720 1085 3766 per
1091 3702 1306 3767 fructum
1391 3705 1542 3757 Lond,
1567 3724 1584 3755 1
1597 3691 1714 3774 744.

281 3777 486 3829 sibivelit
498 3781 576 3831 hic
591 3791 768 3846 auctor,
783 3800 878 3833 non
896 3786 1006 3834 satis
1021 3784 1304 3851 intelligitur.
