2502 4186
200 208 203 211 .
289 167 408 230 354
811 216 814 218 .
937 184 1260 222 ‘tamn-rus
1303 186 1372 222 nn
1415 185 1807 226 nuanmsru.

289 331 470 394 Addit
510 348 648 390 vero
681 326 759 385 Le
796 325 994 398 Brun,
1037 320 1303 404 pluribus
1337 321 1552 383 abhinc
1581 324 1787 384 seculis
1827 348 2052 390 morem
2087 330 2407 394 obtinuisse

281 423 617 491 celebrandi
647 420 848 481 Missas
880 417 1138 501 privatas
1163 418 1285 479 fere
1311 440 1515 480 omnes
1542 419 1668 480 sine
1690 431 1886 480 cantu.
1921 424 2035 496 Qui
2073 425 2249 504 igitur
2278 428 2406 488 fieri

284 521 477 606 potuit
492 563 509 594 ‚
522 528 591 577 ut
605 513 935 576 Tridentini
955 515 1155 574 Patres
1178 514 1328 575 serio
1343 513 1735 591 decreverint,
1754 516 1817 574 in
1834 515 2169 595 hujusmodi
2196 523 2407 599 Missi3‚

277 621 339 679 in
385 617 597 701 quibus
639 613 790 674 nihil
827 632 1067 696 prorsus
1108 613 1376 688 canitur,
1418 611 1705 674 nonnulla
1741 613 1867 674 sine
1903 627 2081 674 cantu
2119 637 2242 677 esse
2271 621 2411 680 reci-

279 711 494 775 tanda?
513 713 592 773 Ac
605 731 810 772 revera
828 720 1095 788 tempore
1110 707 1442 769 Tridentini
1459 729 1634 768 nemo
1648 709 2044 770 contendebat·
2063 756 2078 786 ,
2106 712 2407 774 Canonem

282 820 343 870 et
380 810 643 876 Secretas
681 803 897 866 debere
930 803 1047 863 dici
1089 823 1225 863 cum
1253 813 1447 863 cantu.
1490 804 1635 863 Tota
1669 806 2061 867 controversia
2098 806 2254 866 inter
2297 809 2410 868 Ca-

269 903 514 974 tholicos
529 913 589 964 et
603 900 905 962 haereticos
923 920 990 959 ea
1008 909 1156 973 erat,
1179 897 1344 980 quod
1359 897 1615 958 haeretici
1631 897 2025 975 clamitarent,
2049 923 2170 960 non
2197 900 2406 963 decere

277 999 565 1084 populum
588 996 768 1060 verba
793 1005 1149 1055 secretarum
1177 1015 1302 1053 non
1322 992 1524 1054 audire
1547 1039 1563 1069 ,
1596 1014 1848 1075 eumque
1883 994 2066 1054 ritum
2093 997 2410 1058 irriderent

263 1096 446 1180 ,quasi
468 1093 720 1155 similem
744 1091 858 1167 illi,
891 1111 1069 1173 quem
1095 1090 1248 1171 magi
1273 1090 1335 1149 in
1360 1090 1477 1150 suis
1501 1090 1998 1151 incantationibus
2021 1093 2406 1175 usurpabant.

270 1191 513 1251 Omissis
539 1199 825 1272 praeterea
849 1186 1106 1246 conciliis
1129 1185 1589 1268 provincialibus
1615 1208 1722 1269 per
1753 1186 1814 1246 id
1843 1187 2124 1269 temporis
2154 1187 2410 1249 celebra-

269 1288 346 1347 tis
371 1286 445 1346 ab
474 1286 542 1345 iis
570 1285 711 1368 ipsis
736 1329 752 1359 ‚
789 1283 890 1365 qui
920 1282 1320 1341 interfuerunt
1344 1281 1601 1342 Concilio
1631 1283 1974 1343 Tridentino
1997 1329 2013 1359 ,
2042 1304 2285 1366 quaeque
2314 1306 2407 1345 eas

271 1402 472 1466 preces
485 1379 770 1440 submissa
793 1398 932 1442 voce
949 1377 1192 1438 recitare
1203 1375 1419 1457 jubent
1437 1423 1453 1453 7
1481 1377 1730 1438 Rubrica
1746 1378 2070 1461 adprobata
2087 1402 2118 1439 a
2134 1381 2194 1440 S.
2214 1381 2314 1440 Pio
2332 1382 2402 1458 V,

269 1478 387 1547 cui..
406 1496 534 1560 quae
551 1475 627 1535 ad
638 1473 864 1535 Missale
877 1473 1182 1555 pertinent
1194 1473 1566 1534 commiserat
1581 1474 1951 1551 emendanda
1966 1475 2403 1553 Tridentinum,

273 1595 450 1655 agens
481 1572 555 1633 de
584 1569 901 1632 recitandis
930 1572 1234 1630 submissa
1261 1591 1392 1630 voce
1409 1614 1431 1643 ,
1455 1570 1581 1632 haec
1601 1570 1783 1632 habet
1814 1594 1828 1630 ε
1863 1573 2010 1654 Quoe
2036 1594 2172 1633 vero
2200 1584 2408 1633 secrete

271 1669 531 1730 dicenda
556 1678 703 1728 sunt
724 1710 742 1741 ‚
768 1669 859 1725 ita
885 1670 1255 1746 pronunciet
1279 1665 1638 1748 (Sacerdos)
1656 1712 1671 1743 .,
1701 1678 1775 1726 nt
1792 1672 2041 1748 ipsemet
2062 1691 2119 1728 se
2147 1670 2370 1728 audiat
2385 1714 2401 1745 ‚

266 1776 326 1826 et
356 1787 396 1825 a
428 1763 966 1825 circumstantibus
1004 1782 1126 1820 non
1148 1763 1470 1820 audiatur.
1505 1763 1653 1842 Ergo
1683 1762 1862 1824 verba
1894 1764 2225 1824 Tridentini
2260 1766 2408 1825 sub-

267 1865 456 1921 missa
488 1881 656 1931 voce,
685 1857 932 1937 intelligi
956 1855 1177 1917 debent
1201 1855 1275 1916 de
1296 1857 1364 1914 iis
1382 1901 1398 1931 ‚
1434 1877 1564 1938 quae
1600 1869 1819 1918 secreto
1844 1869 1984 1918 sunt
2005 1859 2355 1942 proferenda
2384 1904 2402 1935 ‚

269 1979 379 2041 per
416 1954 846 2038 oppositionem
875 1951 951 2010 ad
984 1972 1051 2010 ea
1080 1973 1210 2032 quae
1236 1949 1472 2024 elatiori
1494 1972 1629 2012 voce
1653 1963 1793 2012 sunt
1823 1954 2269 2035 pronuncianda
2295 2001 2311 2031 ‚
2342 1954 2405 2015 id

268 2063 357 2113 est
389 2098 404 2127 .,
439 2071 580 2113 voce
615 2048 732 2108 alta
760 2058 820 2107 et
845 2045 1195 2126 intelligibili
1222 2047 1337 2127 (1).

354 2149 493 2208 401.
542 2145 632 2206 Ad
661 2145 778 2222 3¹1¹,
811 2147 972 2204 Dist.
1010 2143 1080 2202 In
1109 2141 1411 2202 nonnullis
1436 2143 1698 2203 Ecclesiis
1733 2145 2183 2227 particularibus
2208 2193 2223 2223 7
2252 2169 2402 2232 prae-

271 2244 475 2305 sertim
501 2239 908 2315 orientalibus7
934 2250 1157 2306 tranS.;
1182 2243 1244 2297 in
1268 2237 1516 2298 Ecclesia
1541 2238 1725 2300 latina
1746 2286 1762 2315 ,
1787 2263 1916 2322 neq.
1943 2240 2218 2302 Ostendit
2244 2245 2404 2304 enim

272 2337 542 2401 laudatus
596 2338 674 2397 Le
722 2338 881 2396 Brun
916 2380 933 2410 7
988 2335 1258 2394 examine
1313 2328 1510 2395 critico
1554 2335 1828 2396 instituto
1893 2339 2364 2398 testimoniorum
2381 2383 2400 2416 ,

271 2435 482 2518 quibus
506 2433 696 2492 innixi
725 2430 1001 2490 nonnulli
1023 2430 1175 2490 hanc
1198 2432 1554 2492 sententiam
1579 2432 1837 2515 amplexi
1863 2445 2003 2494 sunt
2021 2480 2036 2510 ‚
2062 2456 2128 2494 ea
2153 2436 2399 2495 minime

269 2532 537 2593 evincere
562 2575 578 2604 7
618 2527 1104 2588 consuetudinem
1145 2525 1286 2585 olim
1333 2526 1653 2587 obtinuisse
1688 2528 2084 2610 respondendi
2139 2551 2316 2589 amen
2363 2553 2396 2589 a

266 2625 488 2709 populo
523 2622 793 2683 adstante
812 2621 1155 2682 vimmediate
1178 2633 1314 2704 post
1348 2620 1847 2684 consecrationem
1869 2623 1980 2703 (2).
2011 2626 2226 2684 Contra
2253 2647 2392 2687 vero

269 2721 440 2781 certis
469 2718 836 2779 documentis
867 2718 1116 2794 evincit,
1146 2715 1354 2777 saltem
1375 2718 1440 2776 in
1466 2718 1714 2778 Ecclesia
1738 2718 1921 2778 latina
1947 2721 2220 2802 nuspiam
2243 2721 2395 2780 hanc

267 2815 518 2896 viguisse
540 2812 1023 2874 consuetudinem
1040 2858 1055 2887 ,
1088 2823 1147 2872 et
1179 2834 1211 2872 a
1238 2823 1447 2895 quarto
1472 2812 1681 2889 saltem
1715 2813 1906 2874 seculo
1931 2836 2123 2897 neque
2149 2815 2396 2896 viguisse

265 3003 555 3055 universalia
573 3004 624 3055 E
625 3002 808 3053 cclesioe
834 3003 1065 3053 Romame
1093 3019 1292 3052 consue·
1374 3019 1474 3051 non
1504 3002 1615 3052 altoe
1648 3006 1754 3053 voci
1787 3008 1996 3071 opponi,
2043 3009 2239 3055 omnino
2275 3007 2398 3072 falsi

264 3089 486 3138 tudinem
512 3089 716 3154 propria
742 3088 1025 3136 auctoritate
1054 3087 1291 3151 inteqram
1373 3087 1684 3140 convincitur
1701 3122 1717 3146 ‚
1749 3097 1803 3135 ut
1819 3087 1984 3136 nullus
2002 3089 2067 3136 sit
2091 3088 2302 3156 amplius
2318 3090 2390 3153 es-

266 3167 491 3230 Miesam,
511 3178 712 3219 secretas
727 3171 989 3229 orationes,
1016 3167 1289 3217 Canonem-
1365 3166 1597 3232 fuqiendi
1626 3168 1787 3230 locus,
1817 3187 1927 3218 cum
1951 3179 2121 3218 secrete
2138 3170 2271 3219 nullo
2300 3187 2394 3219 au·

265 3270 357 3318 que
376 3253 536 3318 ipsum
555 3252 716 3299 eodem
732 3253 861 3299 vocis
890 3267 1003 3299 sono
1021 3287 1037 3308 ,
1069 3249 1154 3298 boc
1187 3257 1255 3297 est
1271 3287 1285 3308 ‚
1371 3248 1529 3298 cliente
1560 3259 1671 3298 ante
1707 3268 1861 3299 annos
1900 3251 2031 3300 mille
2071 3254 2128 3301 in
2171 3252 2391 3302 Ecclesia

267 3334 362 3383 alto
378 3332 859 3397 pronunciant.Nam
877 3333 1000 3397 quid
1010 3331 1292 3398 respondent
1373 3331 1597 3381 Romana
1637 3331 1843 3399 aliisque
1878 3335 2036 3400 ipsius
2064 3333 2280 3383 ordinem
2312 3349 2387 3382 sc-

259 3418 417 3466 nariis
445 3416 755 3479 antae'quisque
769 3415 1046 3463 auctoribus
1063 3412 1283 3462 Secretas
1366 3415 1623 3478 quentibus
1645 3415 1746 3464 hoec
1774 3415 2064 3466 dicerentur.

259 3507 305 3546 ct
341 3498 586 3547 Canonem
605 3497 692 3544 sub
723 3496 917 3545 silentio
931 3499 1130 3546 recitari
1147 3514 1279 3562 prae-
1435 3495 1507 3559 (l)
1544 3498 1643 3547 Cfr.
1678 3497 1741 3546 Le
1781 3497 1928 3548 Brun.
1972 3498 2085 3547 diss.
2115 3499 2193 3546 cit.
2234 3512 2384 3560 prem.

257 3580 620 3629 scribentibus?
647 3578 792 3646 Quod
813 3616 826 3640 ‚
853 3580 1075 3644 inquam,
1093 3580 1237 3627 aiunt
1258 3614 1276 3640 ,
1363 3581 1516 3644 partie
1532 3618 1546 3640 ‚
1574 3586 1665 3629 art.
1701 3596 1742 3628 ι.

254 3661 502 3712 silentium
541 3662 676 3728 apud
717 3661 824 3710 illos
853 3662 1024 3710 cantui
1054 3669 1277 3723 tantum,
1434 3662 1502 3727 (2)
1535 3662 1799 3714 Ibid.trois.
1833 3663 2006 3727 partie,
2037 3669 2121 3709 art.
2156 3674 2199 3707 1.
