2502 4186
925 212 1261 253 ‘TRACTATUS
1303 213 1372 249 DE
1414 212 1814 252 EUGHARIS'HA.

308 198 430 259 324

306 371 537 421 certum
565 366 673 432 est,
708 354 877 414 illum
900 376 1118 437 panem
1153 355 1327 413 fuisse
1361 376 1663 435 azymum,
1697 377 1831 414 cum
1867 354 1978 415 hoe
2007 358 2225 418 factum
2251 359 2443 418 conti-

305 455 453 536 gerit
481 449 689 511 diebus
713 447 1075 532 azymorum.
1107 449 1343 509 Oblatio
1368 449 1612 509 demum
1636 449 2063 518 Melchisedech
2087 455 2267 532 figura
2294 455 2404 513 fuit
2428 499 2444 530 ,

307 568 436 630 quae
465 544 786 628 adimpleta
824 557 915 605 est
942 546 1065 607 sive
1090 545 1152 604 in
1182 567 1336 628 pane
1365 565 1567 626 azymo
1587 592 1603 619 7
1634 546 1758 605 sive
1792 547 1856 604 in
1884 567 2038 627 pane
2066 547 2441 609 fermentato·

243 708 245 711 .
305 644 596 704 Praetereo
619 686 637 718 ‚
668 641 1033 703 adversarios
1066 642 1240 720 gratis
1268 662 1564 700 assumere
1591 687 1606 716 ,
1638 662 1863 724 panem
1883 686 1899 715 ‚
1930 663 2110 723 quem
2136 643 2444 706 Melchise-

315 738 468 801 dech
496 736 748 813 obtulit,
792 736 968 796 fuisse
1008 735 1457 796 fermentatum.
1493 735 1667 797 Unde
1705 737 1817 797 hoc
1857 737 2050 797 sciunt
2077 738 2106 795 P
2222 731 2225 734 ⁴

391 833 532 893 342.
581 831 671 894 Ad
696 834 782 891 2¹1¹
808 878 825 907 7
869 835 1032 893 Dzzst.
1068 824 1297 892 Mortua
1316 876 1332 907 7
1371 832 1491 890 imo
1531 833 1833 892 mortifera
1859 845 2174 893 evaserunt
2203 833 2407 914 legalia
2427 880 2443 910 7

303 950 435 1012 quae
486 950 620 989 cum
654 918 1014 1011 professione
1048 927 1374 988 christiana
1414 929 1688 1009 componi
1727 950 1847 987 non
1892 941 2202 1011 poterant7
2244 951 2449 997 eone:

304 1026 509 1086 omnia
559 1047 825 1107 prorsus7
871 1046 1004 1105 neq.
1055 1025 1206 1082 Nam
1251 1023 1609 1083 abstinentia
1647 1046 1681 1086 a
1720 1025 2002 1103 sanguine
2045 1037 2104 1084 et
2154 1026 2440 1084 suffocato

309 1121 490 1183 etiam
525 1118 864 1202 perti-nebat
895 1118 972 1178 ad
1007 1118 1247 1198 legal-iag
1292 1129 1555 1178 attamen
1596 1117 1670 1177 ab
1711 1118 2002 1200 Apostolis
2039 1131 2270 1180 retenta
2310 1132 2399 1180 est
2428 1166 2444 1195 7

299 1229 366 1278 et
402 1238 511 1298 per
545 1213 718 1297 plura
755 1214 946 1275 secula
981 1215 1042 1273 in
1088 1215 1336 1275 Ecclesia
1360 1215 1736 1297 perduravit.
1774 1214 1851 1274 ld
1894 1216 2092 1297 ipsum
2119 1215 2346 1276 dicatur
2375 1217 2450 1276 de

312 1310 584 1395 pluribus
612 1310 812 1370 usibus
834 1356 850 1386 7
889 1310 990 1392 qui
1017 1331 1050 1368 a
1083 1312 1269 1373 veteri
1307 1333 1594 1392 synagoga
1629 1312 1693 1370 in
1723 1311 2034 1371 Ecclesiam
2072 1311 2450 1371 christianam

299 1419 702 1491 pervenerunt
724 1406 838 1490 (1).
875 1410 1077 1488 Itaque
1115 1405 1216 1465 illa
1243 1407 1365 1466 sola
1411 1406 1617 1487 legalia
1640 1406 1878 1466 'abolita
1931 1420 2106 1483 sunt7
2145 1429 2272 1490 quae
2314 1429 2450 1468 cum

301 1504 1001 1586 christiana'professione
1035 1504 1351 1564 consistere
1380 1526 1501 1563 non
1537 1516 1814 1585 poterant
1838 1530 1854 1579 ς
1884 1504 2212 1583 'cujusmodi
2236 1516 2406 1564 erant
2429 1550 2445 1579 7

305 1620 433 1683 quae
470 1599 687 1660 Christi
719 1599 1047 1661 adventum
1092 1612 1152 1660 et
1188 1612 1350 1680 gesta
1390 1599 1848 1682 praefigurabant
1873 1647 1889 1676 7
1935 1613 2037 1660 aut
2064 1622 2193 1683 quae
2234 1601 2450 1683 profes-

302 1697 526 1757 sionem
550 1695 831 1775 judaismi
852 1694 1267 1771 includebant,
1304 1707 1371 1754 ut
1394 1696 1773 1755 circumcisio.
1808 1697 1956 1755 Usus
1987 1707 2187 1756 autem
2211 1719 2448 1777 azymo-

298 1814 435 1852 rum
456 1803 563 1851 1est
592 1793 739 1851 ritus
770 1791 1112 1851 indifferens
1132 1838 1148 1868 ,
1182 1790 1284 1873 qui
1308 1789 1493 1850 bonus
1522 1803 1625 1850 aut
1654 1790 1845 1850 malus
1875 1813 1998 1851 esse
2026 1803 2220 1873 potest
2240 1838 2256 1867 7
2275 1797 2447 1871 juxta

302 1890 572 1948 animum
612 1909 715 1947 seu
755 1888 1151 1947 intentionem
1191 1909 1328 1946 eum
1372 1887 1735 1948 adhibentis,
1779 1890 1914 1947 Jam
1951 1909 2092 1949 vero
2119 1907 2449 1971 ‘nunquam

297 1983 549 2045 Ecclesia
583 2004 784 2063 azyma
816 1983 1064 2043 adscivit
1107 1983 1306 2041 animo
1328 1981 1695 2060 judaizandi.

382 2079 524 2139 343.
574 2079 664 2139 Ad
691 2079 776 2157 3¹3¹
795 2124 811 2153 7
851 2084 1005 2138 Dz'sc.
1038 2079 1109 2137 Et
1138 2078 1397 2137 haeretici
1421 2077 1507 2136 illi
1541 2099 1613 2137 ex
1645 2099 1828 2160 prava
1859 2079 2044 2137 animi
2070 2077 2448 2162 dispositione

296 2177 378 2236 ita
409 2198 469 2236 se
502 2186 842 2256 gesserunt,
875 2196 940 2234 ae
967 2175 1180 2235 merito
1212 2185 1527 2256 propterea
1555 2173 1630 2232 ab
1662 2172 1904 2233 Ecclesia
1940 2176 2253 2258 proscripti
2279 2188 2444 2250 sunt7

298 2294 487 2346 eona,
531 2273 767 2359 praecise
795 2283 863 2331 ut
893 2271 1111 2332 Christi
1146 2269 1420 2353 exemplo
1451 2272 1634 2351 magis
1669 2291 1731 2331 se
1763 2270 2205 2332 conformarent
2225 2319 2241 2347 7
2269 2284 2448 2355 prout

296 2369 538 2452 praesitit
586 2367 872 2442 Ecclesia,
914 2389 1058 2448 neq.
1094 2367 1415 2450 Responsio
1455 2377 1622 2450 patet
1665 2389 1736 2427 ex
1780 2365 1957 2426 modo
1998 2366 2166 2427 dictis
2212 2368 2323 2450 (2).
2355 2367 2446 2426 Illi

302 2601 305 2622 Σ
367 2560 430 2625 (l)
468 2561 535 2609 Ex
551 2563 680 2626 praxi
703 2560 974 2609 Judaeorum
999 2560 1217 2625 profluxit
1235 2575 1337 2608 mos

296 2643 557 2693 aedificandi
580 2643 753 2708 templa
773 2680 786 2704 7
819 2660 924 2709 quae
947 2659 1078 2692 versa
1104 2653 1258 2692 essent
1279 2643 1337 2692 ad

298 2728 522 2774 orientem
534 2762 546 2786 7
564 2725 727 2774 orandi
742 2735 960 2790 praeterea
978 2725 1093 2773 facie
1107 2725 1165 2773 ad
1186 2727 1337 2773 orien-

296 2817 393 2857 tem
408 2825 536 2856 versa
554 2845 568 2868 7
602 2808 795 2874 aliaeque
818 2807 1121 2873 quamplures
1139 2825 1336 2856 consue-

295 2891 484 2939 tudines
500 2901 842 2956 provenerunt,
873 2890 932 2938 de
952 2890 1126 2956 quibus
1157 2893 1333 2939 mentio

295 2974 349 3022 fit
377 2974 500 3039 apud
535 2984 710 3022 veteres
740 2975 1004 3038 scriptorem

365 3056 439 3119 (2)
474 3055 661 3121 Optime
690 3054 921 3103 S.Thom.
946 3056 975 3103 3
999 3064 1116 3120 part.
1138 3071 1202 3119 q..
1229 3051 1295 3118 74
1314 3091 1328 3114 ,

295 3147 378 3186 art.
409 3135 443 3200 4
472 3138 531 3186 ad
567 3155 595 3185 2
626 3155 640 3187 ε
676 3137 1023 3202 Confieiences,
1051 3138 1239 3202 inquit,
1271 3153 1331 3184 ex

297 3235 471 3284 azymo
485 3235 584 3267 non
600 3219 857 3267 intendunt
888 3221 1187 3268 ceremonias
1211 3217 1330 3283 leqz's

296 3317 487 3349 servare
497 3336 513 3362 ‚
532 3301 615 3348 sed
630 3301 930 3365 consbrmare
946 3318 994 3350 se
1010 3303 1330 3349 instatutioni

300 3383 506 3432 Christi.
526 3381 580 3430 E
582 3391 601 3430 t
625 3382 731 3432 ideo
749 3399 850 3431 non
855 3384 1149 3449 judaizant.
1181 3383 1324 3432 Alio-

297 3467 422 3530 quin
449 3473 494 3513 et
512 3464 799 3513 celebrantes
823 3468 879 3514 in
889 3483 1023 3531 pane
1041 3466 1325 3532 fermentato

281 3548 636 3614 judaizarent,
663 3549 790 3613 ,quia
834 3546 1005 3597 Judaei
1031 3566 1187 3615 panes
1213 3551 1321 3614 pri-

293 3632 546 3679 mitiarum
561 3631 871 3695 fermentatos
904 3632 1181 3698 offerebant.
1214 3631 1322 3680 Plu-

293 3728 365 3761 res
393 3713 651 3764 scholastici
694 3715 1055 3791 existimarunt,
1086 3724 1333 3782 utramque

1423 2558 1675 2609 Ecclesiam
1698 2576 1892 2625 graecam
1923 2570 1968 2608 et
1997 2559 2193 2609 latinam
2226 2558 2285 2607 ab
2310 2560 2443 2607 initio

1424 2660 1553 2691 usam
1584 2659 1678 2692 esse
1694 2644 1744 2690 in
1761 2643 2106 2703 consecratione
2123 2642 2321 2706 panibus
2335 2659 2446 2710 azy-

1422 2726 1510 2772 mis
1529 2725 1742 2789 exemplo
1761 2723 1953 2784 Christi,
1975 2726 2119 2789 quiin
2141 2726 2317 2790 azymis
2332 2741 2444 2771 con-

1421 2808 1641 2868 secravit3
1662 2806 1959 2870 postmodum
1995 2822 2100 2853 vero
2129 2808 2444 2870 supervenisse

1420 2887 2015 2944 haeresim'Ebionitarum,
2057 2890 2140 2954 qui
2177 2889 2438 2950 docebant,

1419 2969 1586 3034 legalia
1627 2981 1850 3036 praecepta
1879 2970 2023 3018 simul
2063 2988 2171 3018 cum
2195 2970 2442 3035 Evangelio

1419 3054 1642 3102 servanda
1657 3071 1753 3101 esse
1769 3091 1781 3113 7
1806 3054 2007 3119 ideoque
2023 3056 2073 3101 in
2089 3055 2322 3121 mysteriis
2334 3070 2443 3121 azy-

1417 3153 1495 3183 mo
1536 3154 1655 3200 pane
1697 3135 1969 3184 utebantur.
2014 3135 2074 3183 In
2112 3153 2274 3184 eorum
2303 3153 2441 3200 porro

1415 3219 1772 3267 detestationem
1846 3221 2111 3268 universam
2186 3219 2441 3268 Ecclesiam

1415 3303 1686 3350 orientalem
1703 3309 1748 3351 et
1764 3301 2121 3362 occidentalem,
2138 3304 2316 3368 rejectis
2333 3318 2439 3367 azy-

1413 3388 1529 3445 mis,
1558 3386 1895 3434 fermentatum
1940 3401 2110 3448 panem
2139 3385 2198 3432 ad
2226 3400 2434 3432 mensam

1411 3467 1604 3515 Domini
1623 3468 1909 3516 adhibuisse.
1948 3466 2181 3526 Demum,
2215 3464 2297 3513 illa
2337 3466 2434 3512 hae-

1367 3578 1369 3582 r
1411 3552 1498 3598 resi
1535 3551 1803 3615 profligata,
1843 3550 2036 3599 latinam
2086 3547 2334 3596 Ecclesiam
2376 3547 2436 3595 ad

1410 3634 1660 3697 pristinum
1690 3650 1866 3681 morem
1899 3647 2167 3698 azymorum
2207 3630 2392 3677 rediisse
2414 3663 2429 3687 ,

1416 3714 1582 3765 Graecis
1595 3725 1831 3781 receptam
1846 3732 1896 3766 ea
1912 3715 2148 3764 occasione
2166 3713 2434 3763 fermentati
