2502 4186
2132 257 2206 317 37

670 278 790 314 CAP.
838 277 918 318 lv.
967 279 1034 315 DE
1076 275 1327 318 BAPTISMI
1369 275 1654 314 SUBJECTO.

123 451 128 454 >
195 414 293 472 86.
327 415 448 473 Hoc
474 413 616 474 adeo
642 417 1011 497 exploratum.
1035 425 1158 474 erat
1176 460 1191 487 ‚
1216 427 1282 472 ut
1311 436 1386 474 ne
1400 413 1690 494 Pelagiani
1724 412 1959 494 quidem
1989 414 2050 473 id
2082 415 2207 475 infi-

114 509 401 567 ciarentur
428 554 443 582 ‚
481 531 544 567 ae
570 512 767 568 Patres
809 532 902 569 eos
945 509 1248 589 propterea
1288 509 1745 588 perstringerent
1774 508 1847 567 ad
1886 507 2204 569 admitten-

112 602 248 661 dam
276 603 492 684 peocati
519 603 807 682 originalis
830 602 1275 662 transfusionem
1316 601 1428 681 (1).
1471 604 1635 680 Ergo.

914 776 1397 820 DIFFICULTATES.

120 955 126 961 '
189 947 285 1007 87.
332 945 463 1023 Obj.
502 948 709 1028 prima.
744 948 806 1005 1⁰
828 942 1362 1025 Paedobaptismum
1391 945 1662 1026 nuspiam
1685 946 1975 1026 Scriptura
1999 949 2200 1028 praeci·-

105 1041 241 1123 pin
279 1041 347 1098 20
372 1041 492 1099 imo
533 1062 667 1100 eum
707 1037 994 1112 excludit,
1038 1037 1179 1096 dum
1220 1037 1491 1119 perhibet
1523 1039 1814 1098 Christum
1854 1041 1972 1101 sive
1999 1042 2203 1121 praeci-

104 1135 366 1215 pientem
400 1133 1292 1213 conjunctionem.instructionis
1341 1153 1473 1190 cum
1513 1134 1805 1213 Baptismo
1846 1156 1858 1191 :
1905 1136 2198 1194 Docete...

106 1230 508 1308 baptizanteS„
553 1239 618 1284 ut
646 1226 865 1285 Matth.
913 1225 1059 1298 ult„
1108 1227 1229 1286 sive
1267 1228 1661 1307 requirentem
1708 1226 1884 1286 fidem
1926 1249 1959 1286 a
2003 1227 2199 1309 bapti-

104 1323 299 1401 zandis
319 1368 334 1396 ,
358 1333 428 1402 ¹ut
453 1322 627 1389 Marc.
661 1319 770 1379 ult.
804 1342 818 1377 ι
854 1321 976 1400 Qui
1011 1322 1333 1379 crediderit
1361 1332 1415 1379 et
1435 1323 1772 1399 baptizatus
1787 1326 2022 1399 fuerit,-
2051 1323 2194 1388 item

105 1416 247 1475 dum
273 1413 805 1495 inducitApostolos
836 1426 1210 1495 exposcentes
1239 1416 1648 1496 poenitentiam
1669 1460 1684 1488 .,
1718 1427 1783 1472 ut
1803 1416 1924 1473 Act.
1950 1418 2001 1474 II
2023 1462 2039 1490 ,
2067 1414 2144 1476 38
2172 1440 2190 1476 t

102 1512 523 1571 Paenitentiam
555 1513 708 1588 ayz‘te
728 1552 752 1580 ,
782 1519 834 1566 et
857 1511 1196 1588 baptizetur
1215 1513 1629 1588 unusquisque
1652 1519 1930 1566 vestrum.
1966 1511 2196 1571 Etenim

99 1604 346 1661 infantes
386 1623 493 1661 nec
523 1601 920 1661 instructionis
950 1648 966 1675 .,
1012 1623 1119 1661 nec
1145 1601 1313 1676 fidei,
1346 1623 1536 1683 neque
1573 1603 1935 1683 poenitentiae
1964 1624 2196 1683 capaces

96 1708 251 1756 sunt.
275 1697 339 1755 3⁰
358 1697 470 1755 Nec
495 1698 668 1755 officit
690 1696 954 1777 generale
980 1696 1191 1755 Christi
1219 1696 1482 1770 effatum,
1510 1696 1678 1755 Joan.
1716 1698 1827 1755 111:
1856 1697 2004 1756 Nisi
2027 1703 2162 1776 quis
2175 1743 2196 1771 ,

96 1803 245 1865 etc..·,
277 1803 451 1873 prout
472 1813 578 1851 neo
604 1790 758 1850 aliud
791 1791 1013 1864 obstat,
1045 1790 1202 1872 quod
1227 1790 1490 1871 protulit,
1521 1792 1688 1849 Joan.
1724 1792 1823 1848 VI:
1848 1791 1995 1850 Nisi
2018 1814 2197 1851 man-

94 1887 484 1957 ducaveritiS,
509 1895 616 1945 etc.
637 1887 769 1967 quia
793 1886 1043 1944 infantes
1058 1885 1319 1944 mandati
1334 1886 1630 1966 incapaces
1653 1895 1808 1943 sunt.
1839 1886 1987 1951 Hinc
2011 1886 2075 1943 40
2099 1886 2197 1945 ob-

93 1979 300 2039 solevit
336 1981 768 2061 antiquissimus
817 1978 1089 2060 parvulos
1134 1979 1600 2040 communicandi
1650 1980 1795 2037 ritus
1824 2024 1840 2053 ,
1889 1979 2101 2060 quidni
2136 1991 2196 2039 et

92 2073 232 2132 alius
264 2095 358 2132 eos
386 2073 760 2155 baptizandi?
806 2074 870 2131 50
895 2074 1155 2133 Profecto
1184 2075 1326 2133 fides
1353 2073 1622 2133 omnibus
1659 2073 1975 2132 necessaria
2011 2085 2100 2132 est
2118 2073 2193 2133 ad

94 2167 338 2225 salutem
363 2212 379 2241 .,
419 2167 644 2227 dicente
679 2168 855 2227 Paulo
884 2213 900 2238 .,
939 2167 1115 2227 Hebr.
1146 2170 1258 2243 XI,
1298 2169 1333 2226 6
1368 2191 1380 2226 :
1417 2171 1559 2226 Sine
1578 2170 1696 2246 fide
1725 2170 2090 2247 impossihile
2112 2179 2196 2227 est

82 2263 318 2338 place-re
353 2250 512 2326 Deoss
549 2262 655 2342 qui
691 2274 994 2342 propterea
1034 2273 1368 2322 constanter
1422 2264 1624 2337 docet,
1667 2263 1933 2322 homines
1977 2264 2193 2340 justifi-

92 2355 207 2412 cari
239 2376 352 2432 per
375 2356 570 2433 fidem.
611 2355 747 2413 Haec
773 2366 969 2414 tamen
1006 2355 1259 2413 conditio
1292 2377 1324 2413 a
1363 2356 1620 2436 parvulis
1645 2359 1783 2437 poni
1811 2358 2048 2437 nequit3
2089 2356 2192 2416 sed

90 2469 196 2507 nec
233 2447 412 2507 altera
471 2447 543 2507 ab
589 2450 724 2530 ipsis
770 2450 1031 2530 praestari
1078 2461 1303 2530 potest,
1348 2450 1422 2510 de
1476 2472 1588 2531 qua
1640 2450 1896 2531 loquitur
1947 2453 2148 2511 Petrus
2172 2495 2189 2524 ‚

90 2676 314 2732 quantum
343 2667 602 2714 recesserint
624 2664 870 2713 Novatores
896 2684 922 2713 a
947 2664 1079 2713 Vete-

90 2762 192 2794 rum
219 2747 486 2795 Sanotorum
506 2744 715 2794 doctrina
730 2749 848 2794 circa
868 2747 1086 2811 Baptismi

94 2830 185 2875 vim
217 2844 270 2875 ao
296 2831 602 2877 necessitatem
623 2865 637 2887 ‚
681 2846 775 2875 non
811 2828 892 2876 abs
916 2846 964 2877 re
1000 2830 1085 2876 erit

91 2907 168 2954 hio
183 2910 351 2971 integra
366 2909 501 2957 verba
526 2910 575 2957 S.
598 2910 815 2975 Cypriani
833 2909 1081 2975 subjicere:

98 2988 347 3052 Quantum
365 3025 379 3048 ,
404 2993 556 3056 inquit
576 3027 589 3049 ‚
621 2991 684 3038 ad
709 3007 902 3038 causam
921 2990 1086 3054 infan-

92 3070 212 3116 tium
238 3071 472 3133 pertinet,
500 3088 614 3135 quos
649 3072 820 3119 dimisti
852 3074 983 3118 intra
1013 3088 1086 3118 se-

90 3150 306 3198 cundum
341 3150 415 3197 vel
447 3154 635 3200 tertium
669 3154 830 3213 diem,
867 3169 957 3216 quo
983 3154 1087 3201 nati

88 3233 163 3279 sin
170 3240 202 3291 t,
217 3234 488 3278 constitutos
500 3232 740 3297 baptizari
753 3251 850 3280 non
862 3242 1089 3299 oportere,

89 3322 134 3361 et
159 3313 552 3379 considerandam
588 3331 684 3362 esse
714 3315 855 3379 legem
884 3319 1087 3363 circum-

89 3395 290 3442 cisionis
326 3396 532 3458 antiquoe
557 3431 570 3453 ‚
622 3402 680 3441 ut
705 3397 836 3443 iutra
871 3406 1087 3444 octavum

87 3476 212 3523 diem
231 3493 338 3522 eum
352 3511 366 3534 ‚
384 3478 465 3539 qui
482 3484 621 3522 uatus
638 3484 721 3536 est,
745 3476 1087 3540 baptizandum

89 3567 135 3604 et
166 3557 568 3621 sanctificandum
589 3567 924 3623 amputares,
956 3558 1088 3621 longe

87 3636 226 3686 aliud
261 3641 314 3685 in
349 3636 567 3686 Concilio
581 3649 739 3686 nostro
769 3638 991 3685 omnibu-3
1017 3640 1089 3685 vi-

87 3735 194 3766 sum
221 3728 304 3768 est.
339 3721 403 3766 Iu
424 3720 509 3768 hoc
529 3721 686 3781 enim,
725 3719 850 3783 quod
878 3728 929 3766 tu
947 3727 1090 3784 puta-

1167 2665 1250 2714 bas
1284 2681 1380 2712 esse
1407 2665 1687 2729 faciendum
1706 2701 1719 2724 ,
1744 2682 1882 2713 nemo
1918 2668 2152 2714 consensit
2163 2683 2187 2727 ,·

1169 2746 1249 2794 sed
1266 2748 1484 2794 universi
1498 2749 1664 2812 potius
1668 2747 2006 2811 judicavimus
2022 2785 2035 2806 ‚
2062 2747 2188 2796 nulli

1166 2828 1355 2875 homini
1391 2836 1502 2875 nato
1557 2827 1937 2875 misericordiam
1997 2827 2087 2876 Dei
2140 2837 2185 2876 et

1165 2910 1373 2972 qratiam
1395 2908 1736 2972 deneqandam.
1768 2908 1899 2956 Nam
1914 2946 1927 2966 ‚
1949 2925 2058 2956 cum
2077 2907 2181 2956 Do-

1165 2992 1330 3037 minus
1358 2991 1412 3036 in
1458 2989 1727 3053 Evanqelio
1763 3006 1847 3037 suo
1882 2990 2012 3036 dicat
2035 3009 2050 3035 .·
2090 2989 2182 3037 Εἰ-

1170 3071 1265 3118 lius
1289 3070 1499 3118 hominis
1534 3087 1633 3117 non
1663 3072 1792 3118 venit
1820 3071 2009 3117 animas
2030 3070 2181 3117 hoini-

1168 3169 1285 3200 num
1317 3151 1544 3217 perdere,
1586 3152 1667 3199 sed
1698 3151 1913 3211 salvare,
1950 3160 2181 3215 quantum

1167 3237 1224 3281 in
1266 3235 1402 3281 nobis
1449 3242 1547 3292 est,
1586 3235 1632 3280 si
1665 3234 1777 3296 fieri
1820 3241 2005 3298 potest,
2043 3231 2179 3279 niella

1168 3317 1334 3363 anima
1340 3314 1586 3380 perdenda
1601 3323 1683 3363 est.
1694 3315 1811 3362 Edit.
1827 3310 2177 3380 Maur.pag.98.

1237 3399 1296 3460 (l)
1336 3397 1431 3443 Cfr.
1451 3396 1557 3453 Nat.
1578 3395 1802 3443 Alexand.
1834 3396 2061 3442 dissertat.
2087 3409 2179 3441 xm

1169 3482 1219 3526 in
1241 3495 1331 3526 sec.
1368 3494 1418 3524 xt
1450 3487 1494 3526 et
1525 3494 1609 3534 ιιι,
1642 3477 1719 3524 De
1739 3475 1984 3540 Baptismo
2011 3475 2178 3538 infan-

1170 3562 1292 3608 tium
1320 3593 1334 3615 ‚
1393 3567 1558 3606 contra
1622 3559 2024 3605 Petrobru‘sianos
2056 3592 2069 3615 .‚
2123 3557 2180 3602 in

1179 3640 1265 3689 W
1261 3640 1534 3687 aldensibus
1554 3675 1567 3696 ‚
1592 3637 1945 3703 Albiqemibus
1974 3643 2020 3683 et
2036 3637 2084 3684 A
2089 3627 2176 3684 na-

1174 3721 1401 3785 baptistio
1434 3719 1690 3768 redivivos..
