2502 4186
381 262 500 300 cAP.
549 262 630 302 ιν.
673 265 732 300 nv
775 265 879 316 EA,
930 265 1055 315 QUAE
1097 264 1431 303 mscEPTATA
1474 263 1645 313 sum,
1690 260 1939 302 scnouA.
2117 240 2234 301 135

144 418 377 477 nomina
409 421 469 477 in
497 419 645 479 libro
678 420 882 480 adhoc
909 421 1196 480 destinato
1215 421 1539 500 consignari
1564 419 1784 480 debent
1802 422 1978 480 etiam
1995 442 2076 497 *ex
2105 420 2231 501 plu-

140 512 289 570 rium
317 513 674 592 Synodorum
702 516 1051 597 praescripto,

227 606 322 664 97.
368 606 434 664 40
459 607 699 688 Alapam
738 609 1045 689 Episcopus
1072 605 1266 668 levem
1290 608 1500 687 infligit
1528 609 1887 668 confirmato,
1927 609 2228 689 Mysticam
2263 661 2284 679 „

140 699 310 777 hujus
336 702 672 759 ceremoniae
701 703 985 761 rationem
1021 701 1143 760 aliis
1181 702 1391 761 rectius
1430 713 1722 760 assecutus
1763 702 1996 762 videtur
2032 705 2087 761 S.
2126 704 2231 762 Ca-

141 792 330 866 rolus,
382 795 480 873 qui
515 784 668 853 inter
716 805 901 855 cetera
942 795 1014 854 de
1054 816 1117 854 ea
1151 795 1426 876 praeclare
1467 794 1588 854 haec
1618 794 1797 855 habet
1838 818 1851 853 :
1894 797 2230 876 Episcopus

138 888 495 957 eumlevz'ter
523 892 593 946 in
620 892 875 949 mamilla
895 891 1069 948 coedt't
1081 932 1103 961 ,
1129 910 1304 968 quem
1331 891 1651 949 chrismate
1683 890 2014 967 confirmat.
2038 893 2226 950 Hunc

135 983 327 1037 ritum
350 983 649 1059 parochus
675 987 764 1042 ita
793 985 1047 1055 docebit,
1095 994 1168 1042 ut
1196 987 1350 1042 sciat
1380 986 1548 1043 homo
1576 985 1948 1043 christianus
1961 1027 1984 1055 ,
2014 990 2226 1063 sejam

135 1076 383 1133 militem
418 1097 566 1148 esse,
604 1082 778 1156 cujus
815 1099 1028 1156 puyna
1055 1089 1110 1135 et
1142 1083 1394 1137 victoria
1435 1082 1656 1138 eluceat
1683 1083 1753 1138 in
1785 1080 2096 1158 patiendas
2133 1087 2226 1138 iu-

116 1172 316 1246 juriis
335 1212 359 1240 ,
394 1191 516 1228 nou
553 1175 622 1228 in
656 1172 777 1228 illis
810 1173 1146 1248 infhreudis
1170 1195 1190 1238 ‚-
1218 1173 1431 1231 deiude
1458 1195 1514 1231 se
1536 1178 1603 1231 iu
1634 1174 1972 1232 christiana
2000 1175 2237 1232 militia

134 1269 516 1323 constitutum
545 1286 688 1340 esse,
725 1269 789 1322 in
827 1286 950 1344 qua
996 1287 1116 1325 nou
1146 1268 1324 1346 hujus
1361 1273 1497 1326 vz'toe
1523 1271 1947 1348 jucunditates
1982 1280 2038 1327 et
2079 1290 2231 1330 com-

133 1360 309 1417 moda
345 1369 602 1438 quaerat,
639 1359 741 1417 sed
772 1363 1146 1420 incommoda
1167 1366 1409 1442 potine,
1442 1374 1617 1442 atque
1659 1365 1801 1423 adeo
1835 1366 2001 1423 mala
2036 1371 2228 1423 multa

121 1458 422 1532 patienter
436 1455 599 1531 ferat
638 1478 656 1511 .·
687 1475 760 1512 ac
789 1466 1084 1533 praeterea
1122 1459 1416 1537 intelliyat
1455 1459 1630 1536 officii
1665 1462 1764 1517 sui
1801 1457 1948 1535 esse,
1990 1463 2060 1517 iu
2100 1462 2227 1518 acie

130 1558 320 1618 stare,
361 1547 584 1624 telaque
612 1549 771 1608 unde
794 1554 1043 1609 veniant
1063 1552 1367 1609 ohservare
1380 1577 1406 1624 ‚-
1437 1555 1528 1611 ita
1555 1563 1658 1624 ut,
1682 1556 1960 1631 quamvis
1991 1554 2114 1611 illis
2144 1564 2227 1611 te-
2288 1603 2292 1605 .

131 1644 330 1700 lorum
361 1642 579 1701 ictibus
611 1663 860 1722 comme,
905 1645 1092 1703 honor
1134 1666 1378 1724 opesque
1415 1647 1762 1717 laedantur,
1795 1651 2010 1705 anima
2030 1658 2229 1705 tamen

129 1742 292 1795 nullo
318 1746 496 1814 pacto
536 1738 866 1815 offendatur
903 1737 1019 1818 (1).
1074 1739 1237 1797 Hanc
1282 1761 1456 1820 porro
1506 1741 1897 1800 ceremoniam
1946 1740 2229 1819 originem

128 1818 392 1890 habuisse
432 1829 747 1890 arbitratur
783 1831 869 1891 Cl.
913 1833 1258 1892 Muratorius
1297 1855 1370 1893 ex
1413 1833 1659 1894 solemni
1704 1835 1966 1916 equitum
1993 1834 2229 1893 institu-

127 1926 287 1986 tione
310 1970 326 2000 7
358 1945 486 2006 quae
520 1926 659 1985 olim
688 1925 919 2008 vigebat
938 1973 953 2003 ,
992 1949 1125 1987 cum
1156 1949 1258 1988 rex
1285 1940 1386 1987 aut
1408 1929 1727 2011 imperator
1757 1930 1948 1991 virum
1973 1929 2233 2011 aliquem

127 2037 428 2086 strenuum
449 2018 578 2084 raro
605 2035 746 2082 tunc
773 2033 832 2082 et
864 2022 1075 2102 insigni
1107 2022 1330 2082 honore
1366 2045 1430 2083 ac
1457 2025 1696 2084 nomine
1728 2024 1936 2106 equitis
1961 2023 2185 2082 donans
2204 2067 2220 2098 a

129 2118 354 2202 alapam
371 2119 455 2178 illi
475 2117 780 2197 infligeret.
801 2117 981 2200 quue
1009 2117 1221 2197 colligit
1248 2129 1372 2180 tum
1390 2140 1461 2178 ex
1474 2119 1900 2200 significationis
1927 2118 2219 2199 analogia,

120 2225 248 2272 tum
285 2215 460 2272 etiam
505 2233 578 2271 ex
612 2233 719 2286 ec,
744 2212 923 2293 quod
963 2224 1099 2272 ante
1149 2213 1493 2273 Durandum
1533 2215 1976 2288 Mimetensem‚
2018 2214 2118 2295 qui
2154 2232 2221 2273 ea

122 2319 292 2368 aetate
314 2307 511 2366 floruit
529 2352 544 2381 ,
569 2327 682 2388 qua
708 2305 1072 2387 potissimum
1101 2305 1197 2364 illa
1221 2308 1547 2366 ceremonia
1572 2306 1966 2389 usurpabatur
1981 2351 2006 2379 ,.
2023 2305 2231 2364 nullus-

123 2403 446 2484 reperiatur
486 2401 764 2482 scriptor,
810 2398 1003 2459 nullus
1043 2398 1336 2480 liturgicus
1373 2412 1473 2459 aut
1505 2401 1857 2482 pontificalis·
1899 2399 2078 2488 liber,
2117 2399 2230 2480 qui*

121 2500 241 2574 ejus
271 2496 414 2554 ritus
454 2495 818 2554 mentionem
857 2494 1025 2553 faciat
1059 2493 1170 2575 (2).

195 2686 257 2751 (1)
293 2685 389 2734 cfr.
408 2685 475 2734 ib.
498 2681 731 2733 Instruct.
757 2683 812 2731 de
838 2682 971 2732 Sacr.
994 2683 1134 2747 Conf.
1287 2684 1351 2748 (2)
1381 2683 1479 2732 cfr.
1502 2682 2187 2749 Antiquit..italic'.mediioevi
2205 2723 2218 2746 ‚

128 2783 231 2830 pag.
269 2765 382 2817 508.
427 2766 538 2831 Quae
580 2765 771 2832 quidem
803 2767 1124 2814 instructiones
1205 2765 1383 2815 dissert.
1413 2781 1521 2828 uu,
1555 2776 1670 2816 tom.
1709 2783 1755 2815 ιν
1778 2804 1791 2828 ,
1824 2763 1918 2814 οοΙζ
1943 2761 2043 2813 686
2063 2802 2076 2828 ,
2113 2765 2218 2815 Me·-

129 2849 313 2911 integrae
351 2848 439 2914 legi
477 2857 742 2909 merentur,
785 2849 1030 2914 praesertim
1067 2846 1125 2895 ab
1206 2848 1318 2897 diol.
1356 2845 1501 2914 1741.

132 2929 188 2975 iis
206 2963 222 2988 ,
255 2928 421 2994 quibus
446 2929 674 2979 incumbit
706 2947 815 2980 cura
845 2931 1122 2979 animarum.
1327 2928 1330 2929 ⁷
