2502 4186
601 241 724 279 cu’.
774 242 832 278 v.
882 241 949 278 nn
993 238 1278 291 munau,
1323 237 1511 275 romu
1543 260 1560 289 ,
1606 236 1729 274 irre.
2105 212 2224 273 477

107 403 237 463 cap.
273 380 376 439 VII
398 425 413 455 ,
438 379 593 439 hanc
620 380 701 439 ita
726 377 986 461 pendere
1014 401 1047 438 a
1072 376 1487 456 jurisdictionis
1514 375 1824 436 collatione
1842 420 1859 451 .,
1889 383 1957 434 ut
1986 375 2228 435 nullius

106 473 831 534 momentiabsolutionem
849 495 972 534 esse
987 473 1200 532 dixerit
1210 494 1387 553 quam
1400 471 1676 531 Sacerdos
1691 471 1755 530 in
1766 492 1902 530 eum
1919 470 2226 551 proferret,

105 570 168 629 in
185 592 361 652 quem
383 568 739 628 ordinariam
764 578 864 628 aut
889 566 1325 648 subdelegatam
1351 588 1473 626 non
1496 565 1710 626 habeat
1729 565 2225 644 jurisdictionem,

105 675 164 724 et
188 675 351 724 extra
378 663 583 722 mortis
616 663 925 722 articulum
955 664 1118 722 nihil
1146 662 1327 744 possit
1361 663 1424 721 in
1460 661 1683 721 casibus
1721 661 2051 723 reservatis·
2094 663 2230 722 Non

105 770 339 842 poterat
363 759 538 837 igitur
569 758 890 817 Concilium
919 757 1276 817 contrarium
1297 769 1552 817 statuere
1575 802 1590 831 .,
1621 756 1766 816 dum
1789 757 1993 815 statuit
2023 750 2230 839 parem

107 876 230 914 esse
246 852 536 912 rationem
562 855 866 935 utriusque
887 853 1214 934 potestatis‚
1243 875 1357 935 qua
1378 852 1562 935 pollet
1584 850 1858 913 Sacerdos
1888 873 2063 934 super
2085 853 2230 912 Cor-

104 970 214 1031 pus
252 946 406 1007 reale
442 968 506 1006 ac
537 949 847 1028 mysticum
886 948 1100 1007 Christi
1128 948 1380 1008 Domini.

185 1041 326 1101 273.
379 1041 514 1119 Obj.
553 1042 829 1102 secunda.
872 1042 1072 1110 Valida
1099 1043 1307 1103 saltem
1332 1042 1442 1102 erit
1477 1034 1764 1102 absolutio
1795 1041 2002 1103 collata
2032 1041 2128 1102 vel
2154 999 2229 1101 ab
2276 1065 2278 1067 ’

107 1138 389 1219 Episcopo
425 1136 609 1197 relate
660 1137 735 1197 ad
773 1159 938 1197 casus
974 1150 1297 1198 reservatos
1341 1160 1373 1197 a
1418 1159 1650 1197 summo
1693 1138 2006 1212 Pontifice
2056 1136 2152 1198 vel
2197 1159 2232 1197 a

106 1233 376 1314 parochis
409 1232 594 1292 relate
633 1232 708 1291 ad
744 1254 907 1292 casus
941 1244 1262 1294 reservatos
1301 1233 1375 1292 ab
1413 1234 1727 1316 Episcopo,
1762 1245 1893 1292 tum
1931 1233 2068 1315 quia
2108 1234 2170 1291 1⁰
2197 1254 2232 1292 a

107 1328 476 1403 TridentinO,
504 1350 634 1387 can.
653 1329 758 1403 XI,
778 1328 954 1388 solius
975 1330 1310 1389 Sacerdotis
1332 1331 1399 1388 fit
1418 1330 1673 1405 mentm,
1704 1339 1829 1389 tum
1857 1329 1990 1411 quia
2016 1328 2083 1386 2⁰
2109 1349 2232 1387 non

104 1434 300 1504 potest
345 1424 468 1483 fieri
506 1423 674 1484 aliter
718 1425 839 1484 haec
877 1425 1205 1486 reservatio·
1251 1447 1429 1506 quam
1476 1416 1739 1484 subditos
1786 1423 2228 1498 subtrahend03

109 1520 273 1601 atqui
299 1519 395 1578 isti
425 1519 498 1578 ab
536 1521 827 1603 Episcopis
863 1522 957 1581 vel
997 1522 1262 1604 parochis
1283 1567 1300 1596 7
1336 1522 1437 1603 qui
1463 1521 1756 1581 ordinaria
1787 1520 2044 1601 gaudent
2060 1520 2234 1598 juris-

106 1615 360 1674 dictione
378 1661 394 1691 .‚
419 1617 655 1676 nonnisi
676 1638 784 1699 per
807 1615 1164 1695 ablationem
1197 1617 1368 1677 oflicii
1390 1615 1655 1675 subtrahi
1681 1626 1945 1698 possunt.
1973 1617 2047 1675 lis
2072 1615 2234 1675 enim

106 1709 327 1769 subditi
367 1713 692 1772 necessario
727 1712 942 1773 addicti
968 1723 1128 1771 sunt.
1159 1713 1323 1791 Ergo.

187 1806 328 1865 274.
378 1809 551 1888 Resp.
581 1810 722 1885 Ney.
753 1819 881 1865 ant.
918 1807 1007 1866 Ad
1038 1807 1118 1865 1¹1²
1140 1806 1311 1888 prob.
1339 1808 1499 1867 Dist.
1521 1804 1953 1883 Tridentinum‚
1981 1827 2107 1867 ean.
2126 1807 2229 1883 XI,

108 1901 382 1960 meminit
427 1901 602 1959 solius
638 1901 998 1975 SacerdotiS‚
1042 1902 1177 1982 quia
1221 1901 1283 1960 id
1318 1912 1551 1960 tantum
1590 1899 1815 1978 ferebat
1864 1906 1985 1980 ejus
2025 1923 2233 1984 scopus

107 1995 393 2063 adversus
436 1995 827 2072 LutheranOS‚
884 2017 1069 2062 oono.‚·
1120 1996 1255 2076 quia
1300 1996 1524 2054 censuit
1560 2017 1682 2053 non
1721 2016 1889 2077 posse
1935 2018 2235 2057 summum

107 2093 454 2153 Pontificem
487 2091 794 2151 sibicasus
835 2112 1132 2152 reservare
1170 2092 1234 2149 in
1278 2091 1551 2151 universa
1594 2090 1880 2166 Ecclesia,
1929 2114 2060 2172 neq.
2109 2094 2234 2152 Hoc

111 2187 269 2246 enim
303 2198 452 2246 esset
477 2198 678 2269 aperte
703 2187 1061 2246 contrarium
1100 2188 1186 2260 ei,
1227 2186 1385 2269 quod
1423 2186 1697 2246 docuerat
1730 2209 1855 2268 cap.
1902 2189 2002 2247 vn
2024 2233 2039 2262 .,
2071 2193 2234 2266 cujus

109 2281 289 2342 verba
304 2281 628 2341 retulimuS.
657 2285 858 2363 Itaque
880 2282 988 2341 hoc
1013 2303 1234 2342 canone
1263 2282 1445 2344 voluit
1463 2293 1697 2341 tantum
1710 2283 1882 2343 ferire
1909 2282 2234 2363 haeredem,

111 2379 210 2460 qui
245 2379 538 2461 Episcopis
567 2378 677 2438 hoc
699 2383 796 2458 jus
820 2377 1208 2459 denegabant.

193 2475 338 2534 275.
386 2475 475 2534 Ad
502 2474 625 2548 2¹¹0,
659 2474 812 2555 Ney.
855 2476 1085 2534 Etenim
1120 2487 1236 2534 tam
1274 2475 1538 2559 parochis
1572 2497 1750 2557 quam
1780 2477 2074 2558 Episcopis
2105 2475 2237 2536 sub-

113 2569 268 2629 trahi
296 2569 519 2628 subditi
558 2581 805 2651 possunt
835 2591 955 2630 non
1000 2572 1276 2653 adempto
1305 2570 1524 2643 officio⁹
1561 2570 2063 2651 quemadmodum
2093 2594 2237 2632 con-

116 2666 290 2746 tingit
314 2687 447 2725 cum
485 2688 620 2747 pars
653 2666 915 2727 dioecesis
945 2668 1042 2728 vel
1084 2668 1338 2750 paraeciae
1366 2666 1730 2742 detrahitur,
1774 2678 1832 2726 et
1861 2668 2238 2748 quemadmo-

119 2760 262 2820 dum
285 2762 460 2822 etiam
483 2784 635 2823 nova
667 2775 833 2843 parte
862 2763 1059 2822 addita
1079 2809 1095 2837 ,
1130 2774 1322 2844 potest
1352 2763 1593 2844 paraecia
1620 2761 1714 2822 vel
1735 2761 1997 2823 dioecesis
2022 2763 2235 2842 augeri.

119 2859 410 2918 Numerus
439 2858 612 2937 igitur
645 2858 1015 2918 subditorum
1053 2870 1245 2942 potest
1277 2859 1472 2938 augeri
1509 2857 1601 2918 vel
1629 2859 1815 2917 minui
1850 2859 2009 2919 salvo
2052 2859 2238 2918 officio

120 2974 186 3013 ac
232 2951 514 3033 dignitate
561 2953 825 3036 Episcopi
862 2956 960 3016 vel
1004 2956 1275 3038 parochi,
1331 2965 1506 3034 prout
1552 2974 1702 3036 saepe
1744 2956 1959 3015 evenit.
2022 2955 2241 3015 Eadem
2304 3035 2319 3046 .

124 3048 368 3131 proinde
395 3047 467 3107 de
495 3070 664 3108 causa
699 3061 894 3131 potest
919 3052 1107 3112 minui
1131 3053 1392 3134 ipsorum
1412 3051 1740 3129 jurisdictio
1762 3072 1864 3110 seu
1901 3050 2141 3110 facultas
2170 3073 2242 3111 ex

122 3143 290 3204 subti
292 3144 516 3205 actione
550 3144 786 3223 alicujus
814 3147 996 3228 partis
1028 3149 1323 3252 materiae,
1363 3168 1489 3230 quae
1523 3147 1807 3228 superiori
1830 3157 2118 3226 potestate
2142 3169 2242 3208 re-

123 3250 406 3299 servatur.

207 3334 349 3392 276.
399 3332 488 3393 Ad
513 3333 576 3392 id
600 3357 798 3417 porro,
831 3336 991 3418 quod
1023 3337 1287 3416 adjicitur
1318 3338 1393 3400 de
1419 3349 1708 3447 potestate
1720 3337 2065 3413 ordinaria,
2101 3340 2238 3397 disc.

128 3431 186 3488 Si
223 3429 348 3488 haec
376 3441 629 3510 potestas
665 3431 956 3491 ordinaria
985 3433 1059 3492 sit
1084 3456 1391 3515 suprema,
1422 3457 1613 3501 cono-3
1651 3435 1699 3493 si
1729 3435 1804 3492 sit
1831 3383 2241 3506 subordinata,

127 3547 255 3605 noy.
291 3527 568 3598 Quamvis
610 3528 782 3607 igitur
819 3539 940 3586 tam
986 3530 1398 3611 Episcoporum
1439 3553 1617 3613 quam
1658 3529 2048 3612 parochorum
2071 3529 2246 3606 J‘uris-

130 3618 304 3679 dictio
332 3619 619 3680 ordinaria
662 3624 737 3681 sit
757 3668 772 3698 a
812 3634 871 3682 et
898 3625 1092 3705 quoad
1117 3626 1369 3687 officium
1406 3627 1735 3686 essentialis
1768 3636 1828 3684 et
1855 3626 2090 3698 totalis,
2122 3646 2245 3684 non

129 3724 328 3776 tamen
351 3717 631 3795 ejusmodi
664 3729 752 3779 est
775 3764 792 3798 2
814 3739 940 3802 quae
964 3722 1309 3782 immediate
1341 3723 1556 3783 summi
1583 3719 1875 3783 Pontificis
1905 3730 1964 3782 et
1991 3720 2247 3803 superio-
