2502 4186
589 259 711 297 CAP.
758 257 818 298 v.
867 258 935 293 m:
974 251 1491 307 MArEn1A‚ronnA
1531 250 1653 288 nro.
2078 222 2196 282 455

89 403 497 475 Pistorienses5
548 421 794 481 quorum
832 396 1147 480 propositio
1194 395 1482 454 XXXVIII
1519 392 1839 475 proscripta
1883 399 2002 465 est,
2065 406 2191 470 quae

88 501 168 558 ita
202 520 263 556 se
295 495 529 555 habet.
562 495 713 554 Item
749 495 1058 563 doctrina,
1071 511 1254 576 qua
1286 500 1604 568 postquam
1632 487 1892 566 synodus
1919 486 2211 563 professa

88 605 173 653 est
194 638 211 668 ‚
252 614 308 651 se
343 598 464 648 non
488 611 657 669 posse
696 566 1164 646 nonadmirari
1201 585 1373 642 illam
1402 586 1544 641 adeo
1575 583 1969 640 venerabilem
2013 581 2211 637 disci-³
2289 595 2293 601 ’

78 690 324 767 plinam
354 687 771 762 antiquitatis,
807 703 941 761 quoe
953 723 976 753 ,
1008 691 1080 739 ut
1101 684 1228 750 ait,
1266 680 1352 736 acl
1377 680 1804 738 Paenitentiam
1837 696 1958 734 non
1985 681 2074 733 ita
2100 672 2213 754 fc&

90 786 198 842 cile
213 827 237 855 ,
274 793 330 841 et
360 785 514 859 forte
542 799 866 857 nunquam
883 798 1020 835 eum
1050 776 1438 846 admittebat,
1462 779 1577 854 qui
1586 784 1724 854 post
1747 776 2028 851 primum
2052 791 2209 850 pec·

90 889 290 937 catum
333 886 390 933 et
413 880 691 953 primam
732 873 1270 932 reconciliationem
1318 872 1588 949 relapsus
1624 878 1765 927 esset
1797 871 1869 924 in
1905 868 2147 944 culpam
2170 909 2192 937 ,

90 973 406 1051 svibjunyit
419 1015 443 1042 ,
470 991 589 1049 per
623 974 893 1027 timorem
915 976 1223 1047 perpetuae
1245 967 1604 1024 eoeclusionis
1627 983 1667 1022 a
1702 965 2117 1021 communione
2145 971 2205 1018 et

80 1087 267 1146 pace
301 1071 483 1124 etiam
509 1070 578 1123 in
599 1065 857 1122 articulo
879 1066 1124 1132 mortis,
1159 1080 1451 1140 maynum
1468 1063 1743 1149 froenum
1766 1058 1888 1114 illis
1911 1058 2200 1134 injectum

93 1166 217 1232 iri,
254 1165 368 1239 qui
399 1182 635 1240 parum
671 1159 1054 1217 considerant
1092 1162 1326 1215 matum
1355 1159 1596 1235 peccati
1619 1165 1671 1213 et
1708 1157 1915 1212 minus
1938 1151 2099 1210 illud
2117 1155 2205 1257 ti-

94 1266 270 1314 ment.
302 1257 489 1328 Quam
514 1255 842 1314 doctrinam
875 1253 1003 1334 quis
1034 1273 1155 1310 non
1184 1250 1492 1310 exhorreat
1514 1249 1542 1306 Ρ
2143 1264 2145 1267 ·

964 1470 1206 1530 CAPUT
1250 1470 1314 1527 V.

200 1648 267 1682 DE
310 1643 581 1697 MATERIA,
629 1643 815 1682 FORMA
849 1643 923 1681 ET
985 1641 1249 1679 nnms'rno
1291 1638 1640 1679 SACBAMERTI
1683 1640 2103 1678 POENITENTIAE.

175 1838 312 1897 224.
359 1837 604 1896 Parcius·
632 1836 801 1895 nobis
836 1835 1125 1916 agendum
1157 1835 1268 1895 erit
1306 1834 1379 1893 de
1424 1835 1699 1908 materia,
1748 1856 1880 1894 cum
1915 1835 2077 1894 nulla
2125 1837 2201 1894 sit

96 1934 168 1992 de
190 1954 255 1992 ea
278 1954 407 1991 cum
442 1931 829 1992 Novatoribus
856 1931 1265 1989 controversia.
1301 1929 1611 2010 Aliquanto
1639 1929 1818 1988 fusius
1851 1929 2199 1990 disseremus

96 2027 168 2088 de
204 2030 407 2087 Forma
444 2037 503 2086 et
548 2027 814 2085 Ministro
853 2025 927 2084 ob
963 2024 1365 2083 haereticorum
1402 2045 1624 2083 errores
1672 2036 1731 2105 et
1775 2026 2207 2085 neotericorumv

96 2122 235 2181 salsa
267 2122 568 2204 principia.
1691 2120 1693 2122 ’

178 2219 317 2275 225.
366 2219 552 2298 Atque
584 2218 646 2275 in
682 2215 884 2297 primis
921 2213 1285 2297 exploratum
1323 2213 1480 2295 apud
1518 2235 1720 2272 omnes
1745 2225 1863 2289 est,
1907 2214 2203 2296 duplicem

97 2315 155 2372 in
191 2313 299 2372 hoc
325 2314 694 2372 Sacramento
720 2311 846 2369 dari
870 2311 1166 2369 Materiam
1185 2354 1200 2382 ‚
1220 2309 1433 2368 scilicet
1452 2308 1777 2391 proximam
1807 2320 1865 2367 et
1878 2320 2198 2383 remotam;

96 2419 383 2466 remotam
427 2408 568 2465 item
619 2418 718 2465 aut
761 2405 1142 2465 neeessariam
1188 2415 1287 2462 aut
1339 2403 1581 2463 liberam
1629 2425 1773 2464 esse.
1841 2405 2198 2463 Necessaria

56 2545 60 2549 -
98 2504 336 2562 Materia
373 2514 511 2560 sunt
557 2502 748 2560 omnia
793 2511 1024 2583 peccata
1060 2498 1297 2558 lethalia
1347 2511 1480 2580 post
1528 2500 1891 2581 Baptismum
1932 2510 2200 2580 patrata3

99 2598 339 2656 Materia
383 2618 521 2657 vero
558 2598 746 2655 libera
772 2607 1019 2676 peccata.
1039 2594 1286 2654 venialia
1314 2605 1414 2652 aut
1441 2596 1616 2653 etiam
1648 2594 1883 2653 lethalia
1919 2595 2029 2653 rite
2063 2594 2199 2652 alias

101 2693 376 2751 confessa.
410 2694 546 2759 Haeo
583 2692 819 2751 Materia
848 2700 1069 2749 remota
1103 2691 1222 2750 sive
1245 2690 1562 2748 necessaria
1591 2690 1711 2749 sive
1736 2688 1918 2749 libera
1953 2700 2039 2747 est
2062 2687 2159 2746 illa
2181 2732 2196 2762 ,

100 2799 166 2845 ut
187 2787 505 2868 loquuntur
532 2787 735 2846 scholae
756 2832 771 2860 ,
798 2791 965 2845 circa
988 2807 1174 2864 quam
1202 2796 1467 2843 versatur
1490 2786 1950 2844 Sacramentum.
1985 2786 2196 2843 Verum

103 2882 305 2940 dehac
336 2881 496 2940 nulla
539 2883 689 2960 viget
720 2883 781 2939 in
812 2880 1018 2940 scholis
1055 2879 1463 2938 controversia.
1495 2881 1598 2938 Ast
1626 2901 1743 2937 non
1772 2881 2015 2938 minima
2043 2880 2198 2958 viget

103 2978 257 3035 inter
273 2976 595 3035 Thomistas
622 2986 681 3034 et
703 2977 969 3034 Scotistas
991 2975 1168 3034 relate
1194 2974 1266 3032 ad
1283 2975 1582 3033 Materiam
1603 2975 1952 3056 proximam,
1982 2995 2054 3032 ea·
2077 2994 2199 3052 qua

103 3083 328 3132 constat
363 3073 818 3130 Sacramentum.
855 3071 1169 3150 Utriusque
1200 3069 1406 3128 scholae
1433 3068 1708 3149 Theologi
1733 3069 2052 3127 admittunt
2081 3078 2198 3127 tres
2278 3143 2285 3146 A

104 3189 223 3228 esse
250 3167 349 3245 huj
360 3189 422 3224 us
441 3167 796 3225 Sacramenti
817 3178 1042 3246 partes:
1066 3167 1514 3234 Contritionem,
1539 3165 1971 3242 Confessionem
1999 3173 2058 3221 et
2082 3163 2194 3219 Sa-

104 3266 541 3340 tz’sfactz'onem5
586 3283 725 3342 quas
774 3272 967 3341 partes
1012 3261 1131 3320 sive
1170 3272 1328 3321 actus
1367 3260 1536 3318 Cone.
1577 3247 1982 3317 Tridentinum
2023 3259 2205 3336 quasi

105 3361 424 3415 materiam
460 3356 632 3433 hujus
671 3356 1024 3414 Sacramenti
1054 3377 1175 3416 esse
1214 3355 1386 3428 dixit,
1421 3357 1553 3436 quia
1587 3375 1835 3436 nempe,
1869 3363 1936 3411 ut
1959 3350 2200 3432 exponit

106 3563 370 3621 curialibus,
391 3564 439 3608 in
458 3579 534 3626 op.
556 3562 627 3609 De
643 3560 805 3623 Nuyis
826 3559 1116 3616 Car-iulium,
1200 3577 1322 3610 nova
1364 3569 1410 3609 et
1455 3568 1610 3608 vetera
1653 3557 2068 3622 contempserunt?
2098 3553 2200 3602 cfr.

107 3644 188 3690 lib.
230 3660 292 3691 vn
316 3682 327 3702 ,
363 3660 467 3708 cap.
508 3659 598 3708 ¹9:
628 3642 772 3692 Unde
799 3658 907 3705 erqo
938 3658 1059 3690 nova
1077 3649 1120 3690 et
1200 3641 1335 3691 Bibe.
1369 3658 1499 3689 max.
1522 3642 1747 3699 Patram,
1777 3649 1892 3688 tom.
1921 3652 2070 3697 xxm,
2100 3652 2202 3702 pag.

108 3735 262 3772 velera
301 3726 549 3791 proferunt
576 3763 590 3781 ‚
630 3726 720 3789 qui
768 3730 962 3790 semper*
989 3740 1118 3789 aeque
1201 3720 1328 3784 358,
1359 3723 1570 3787 Lugdun.
1630 3719 1771 3786 1677.
