2502 4186
316 231 430 291 102
448 222 454 233 x
746 296 748 299 Α
879 245 1193 290 rnAc‘rA‘rus
1235 245 1302 280 nn
1344 238 1806 284 commin-noun.

316 443 319 449 ἱ
348 467 352 470 ⁵
385 393 484 452 26.
529 391 612 449 Ex
643 386 824 445 altero
856 394 1053 442 autem
1076 381 1576 462 textudesumpto
1609 382 1728 443 sive
1758 404 1830 443 ex
1851 383 1988 444 libri
2010 387 2380 469 inscriptione

307 489 428 547 sive
460 505 530 542 ex
552 479 826 558 ejusdem
862 476 1225 536 conclusione
1247 476 1394 535 nihil
1420 477 1637 558 pariter
1664 476 1862 536 inferri
1897 488 2084 558 potest
2108 482 2382 543 adversus

306 579 614 641 veritatem
639 571 1013 644 Sacramenti,
1046 592 1222 650 quam
1259 566 1726 652 propugnamus3
1761 591 1892 629 cum
1918 583 2126 631 notum
2152 575 2225 644 sit
2243 619 2260 649 ,
2287 577 2390 634 Ve-

309 683 460 730 teres
493 677 776 749 spectasse
801 665 1309 725 Confirmationem
1334 665 1490 727 velut
1504 665 1882 747 appendicem
1902 677 1961 726 et
1981 667 2393 748 perfectionem

308 763 617 846 Baptismit,
652 782 762 822 nec
793 770 990 819 tamen
1026 782 1211 819 unum
1245 760 1515 840 idemque
1558 759 1868 819 censebant
1900 782 2020 820 esse
2064 763 2395 820 Sacramen-

309 871 440 919 tum
460 903 477 933 ,
511 850 668 939 quod
705 854 1046 914 coalesceret
1081 866 1354 935 tanquam
1386 852 1644 935 partibus
1673 874 1744 912 ex
1766 856 2058 935 Baptismo
2086 866 2146 914 et
2180 856 2397 914 Confir-

309 953 585 1015 matione.
618 949 852 1028 [Exinde
897 950 1113 1009 factum
1154 960 1277 1019 est,
1319 960 1383 1007 ut
1428 959 1739 1029 utrumque
1782 949 2018 1029 quidem
2054 950 2396 1008 Sacramen-

311 1059 439 1109 tum
469 1051 882 1124 conjungerent
901 1089 916 1118 ,
938 1044 1069 1125 quia
1086 1042 1258 1102 simul
1285 1041 1380 1101 illa
1409 1044 1778 1102 Sacramenta
1809 1041 2251 1103 conferebantur
2280 1063 2397 1102 una

313 1163 444 1206 cum
477 1139 865 1212 Eucharistia„
903 1160 1024 1218 non
1059 1149 1258 1197 tamen
1298 1137 1728 1217 permiscerent.
1754 1137 2056 1197 Diversam
2086 1139 2240 1198 enim
2268 1158 2398 1196 ma-

312 1235 518 1296 teriam
546 1276 562 1305 ,
590 1226 924 1291 ministrum
950 1243 1009 1291 et
1034 1231 1307 1291 effectum
1345 1231 1653 1311 unicuique
1689 1232 2058 1289 Sacramento
2085 1232 2397 1310 assignant.

315 1332 465 1389 Sane
491 1325 648 1386 idem
673 1325 1056 1385 Tertullianus
1076 1369 1092 1399 a
1119 1335 1514 1405 praeterquam
1544 1324 1700 1405 quod
1729 1325 1788 1383 in
1819 1325 1942 1406 ipso
1963 1326 2057 1384 cit.
2081 1325 2205 1384 loco
2238 1346 2400 1406 aper-

314 1423 532 1485 tissime
559 1442 744 1480 unum
772 1418 846 1478 ab
873 1419 1058 1489 altero>
1075 1419 1357 1492 secernit,
1401 1429 1465 1476 ut
1490 1430 1651 1499 patet
1676 1417 1747 1478 eit
1772 1423 1892 1496 ejus
1917 1419 2108 1479 verbis
2143 1418 2403 1479 adductis

315 1517 377 1577 in
407 1514 745 1598 probatione
776 1513 952 1573 thesis
971 1558 987 1588 ,
1022 1513 1084 1571 in
1115 1511 1220 1571 lib.
1255 1513 1342 1572 Dc
1377 1513 1633 1572 Resurr.
1657 1517 1884 1585 carnis,
1908 1515 2183 1594 Baptismi
2206 1559 2222 1587 7
2252 1515 2406 1572 Con-

316 1609 656 1672 firmationis
687 1620 747 1669 et
785 1607 1149 1667 Eucharistiae
1192 1607 1498 1665 materiam
1533 1617 1592 1665 et
1632 1606 1864 1667 effectus
1894 1606 1984 1666 his
2011 1607 2199 1668 verbis
2220 1605 2408 1666 decla-

315 1717 408 1765 rat
432 1727 446 1763 :
479 1705 630 1764 Caro
658 1704 951 1767 abluitur,
981 1714 1052 1760 ut
1070 1707 1287 1761 anima
1309 1701 1714 1780 emaculetur(
1729 1722 1803 1759 en
1820 1701 2052 1761 effectus
2072 1701 2407 1782 Baptismi)‚

318 1821 456 1859 caro
486 1803 778 1877 ungitur,
816 1807 886 1854 ut
913 1801 1127 1854 anima
1155 1807 1556 1861 com-coretum
1588 1816 1728 1854 caro
1765 1800 2076 1875 sz'ynatur,
2105 1806 2170 1854 ut
2197 1799 2411 1852 anima

319 1897 680 1958 muniatur;
717 1912 856 1949 caro
889 1912 1112 1949 manus
1146 1893 1519 1968 impositione
1551 1891 2000 1960 adumbratur,
2033 1900 2102 1946 ut
2124 1900 2179 1946 et
2200 1892 2413 1946 anima

229 2050 239 2062 ,
319 1990 544 2068 spiritu
598 1987 982 2043 illuminetur
1019 1984 1146 2062 (en
1184 1984 1418 2043 effectus
1470 1983 1932 2044 Confirmationis
1971 1982 1994 2062 )
2039 2005 2054 2042 :
2091 2003 2231 2041 caro
2281 1982 2415 2042 Cor-

312 2102 458 2162 pore
502 2092 559 2138 et
593 2080 900 2159 Sanguine
947 2079 1174 2138 Christi
1211 2084 1490 2150 vescitur,
1531 2089 1601 2135 ut
1639 2088 1693 2136 et
1732 2083 1946 2137 anima
1969 2079 2086 2137 Deo
2112 2080 2419 2154 seminetur

324 2177 441 2256 (en
475 2174 711 2234 effectus
737 2172 1140 2252 Eucharistiae)
1168 2172 1275 2252 (1).
2050 2224 2053 2225 a

402 2268 502 2326 27.
553 2270 619 2326 In
663 2269 834 2326 tertio
884 2268 1124 2325 demum
1167 2276 1328 2324 textu
1386 2265 1641 2324 ostendit
1694 2264 2111 2340 Tertullianus,
2160 2285 2369 2345 aquam
2397 2309 2412 2337 ,Ι

325 2361 551 2434 oleum,
594 2361 712 2419 mel
750 2372 807 2419 et
840 2360 928 2418 lac
965 2371 1252 2419 creaturas
1294 2382 1325 2418 a
1364 2363 1483 2418 Deo
1510 2359 1666 2418 bono
1704 2359 1966 2418 conditas
1995 2361 2055 2417 in
2091 2361 2152 2418 V.
2186 2360 2250 2416 T.
2282 2379 2417 2438 per—

325 2453 519 2514 hiberi
540 2499 562 2533 ἢ,
604 2475 735 2512 cum
786 2465 1076 2535 usurpatae
1120 2454 1238 2512 sint
1281 2454 1342 2511 in
1390 2454 1886 2513 administratione
1920 2456 2418 2512 Sacramentorum

324 2551 396 2609 N.
425 2551 488 2607 L.
512 2593 527 2623 .,
555 2553 713 2626 cujus
743 2560 1036 2608 auctorem
1066 2550 1252 2607 Deum
1273 2546 1493 2606 bonum
1521 2569 1642 2607 esse
1672 2547 2003 2606 fatebantur
2029 2545 2414 2617 Marcionitaet,

314 2646 565 2724 ‘minime
592 2666 731 2706 vero
775 2666 870 2704 eas
906 2657 973 2703 ut
1011 2654 1209 2726 partes
1242 2643 1572 2703 essentiales
1608 2643 1962 2701 Sacramenti
1986 2653 2281 2718 recenset,
2312 2663 2419 2701 nec

328 2837 479 2894 vocari
514 2843 695 2911 χρία-μοι
722 2848 775 2899 ὥς
818 2842 924 2912 ’ὶερὲν
966 2842 1041 2894 καὶ
1071 2842 1327 2904 ‘ouo-tamir.
1410 2843 1536 2909 quod
1582 2843 1767 2892 delictis
1820 2844 2094 2895 liberamur.
2133 2844 2209 2893 Sic
2248 2850 2419 2906 etiam,

340 2925 624 2975 Unctionem
653 2935 706 2974 ut
736 2944 923 2974 sacram
949 2935 992 2974 et
1019 2930 1226 2991 reqiam.
1252 2927 1330 2975 Sic
1410 2926 1491 2974 lib.
1524 2925 1602 2973 De
1633 2926 1908 2990 Prae-script.
1941 2944 2038 2990 cap.
2072 2925 2135 2975 36
2175 2944 2190 2974 ε
2236 2926 2380 2992 Aqua
2402 2965 2416 2989 ,

331 3006 526 3071 Cyrillus
547 3007 724 3057 Hieros,
747 3007 936 3055 Catech.
954 3008 1104 3072 Myst.
1131 3025 1182 3055 111
1201 3044 1214 3066 ‚
1232 3008 1333 3055 alii-
1414 3009 1565 3072 inquit
1580 3043 1592 3065 ‚
1626 3008 1788 3071 siqnat
1805 3044 1818 3066 ‚
1840 3006 2014 3054 Sancto
2043 3007 2234 3072 Spiritu
2263 3010 2419 3069 vestit,

332 3105 423 3152 que
450 3091 637 3152 passim.
665 3087 765 3137 Cfr.
801 3089 961 3137 Coust.
987 3098 1137 3155 apost.
1166 3089 1246 3136 lib.
1263 3105 1332 3149 111,
1418 3086 1468 3136 E
1472 3087 1735 3134 ucharistia
1755 3089 1929 3153 pascit.
1957 3088 2013 3135 Et
2036 3106 2137 3154 cap.
2159 3086 2254 3137 60:
2282 3088 2425 3153 Ipsae

335 3184 441 3231 cap.
478 3167 552 3228 15,
578 3170 685 3217 edit.
712 3170 859 3219 Cotel.
1422 3185 1602 3232 quoque
1619 3186 1691 3215 res
1707 3169 2122 3217 Sacramentorum
2148 3161 2425 3216 divinorum

396 3247 466 3311 (l)
499 3250 612 3315 Cap.
645 3248 694 3299 8.
731 3250 907 3315 Quibus
945 3251 1156 3299 addenda
1189 3260 1335 3313 sunt,
1425 3248 1660 3297 idolorum
1696 3251 1932 3314 mysteriis
1963 3249 2211 3298 emulatur
2237 3249 2425 3314 (diabo-

338 3345 438 3394 quae
471 3329 555 3377 lib.
593 3329 672 3377 De
705 3331 853 3398 Bapt.
881 3349 983 3396 cap.
1019 3348 1047 3398 7
1073 3366 1087 3391 ,
1129 3332 1282 3379 scribit
1321 3349 1333 3379 :
1420 3331 1537 3394 lus).
1569 3331 1616 3379 T
1615 3334 1780 3396 inquit
1795 3340 1838 3379 et
1859 3331 2194 3398 iffasequosdam
2215 3368 2229 3392 ‚
2266 3333 2428 3396 utique

338 3407 424 3457 Sic
448 3416 492 3456 et
517 3411 575 3457 in
604 3410 742 3459 nobis
772 3411 1034 3464 carnaliter
1055 3413 1208 3461 currit
1225 3428 1341 3463 unc-
1424 3412 1657 3461 credentes
1713 3422 1756 3461 et
1797 3413 1962 3477 fideles
2021 3429 2182 3465 suos...
2242 3413 2433 3461 Mithra

338 3491 405 3536 tio
418 3523 434 3549 ,
469 3490 550 3537 sed
568 3491 848 3554 spiritaliter
862 3493 1057 3558 proficit
1070 3514 1087 3550 ,·
1106 3492 1340 3560 quomodo
1423 3495 1580 3558 siqnat
1610 3493 1711 3542 illic
1744 3497 1799 3542 in
1822 3494 2064 3560 frontibus
2088 3493 2272 3542 milites
2291 3511 2399 3543 suos
2413 3515 2432 3551 ;

337 3579 380 3617 et
399 3571 553 3635 ipsius
568 3569 811 3638 Baptismi
828 3573 1037 3623 carnalla
1056 3581 1132 3622 act
1141 3576 1342 3640 περκαὶ
1425 3574 1625 3624 celebrat
1651 3585 1695 3625 et
1715 3577 1864 3642 panis
1884 3573 2176 3624 oblationem.

336 3651 392 3697 in
417 3667 540 3716 aqua
557 3655 816 3718 merqimur
832 3675 851 3712 ;
869 3654 1106 3720 spiritalis
1119 3656 1305 3722 effectus
1322 3693 1335 3717 ‚
