2502 4186
319 216 440 278 430

978 235 1301 278 TRACTATUS
1343 239 1412 276 DE
1455 239 1853 279 POBMTEN'HA,

319 377 532 441 verba:
564 387 636 435 ut
650 377 854 437 Graeci
864 419 887 449 ,
910 397 1019 438 nec
1043 399 1165 437 non
1189 389 1250 438 et
1277 377 1408 438 alia:
1440 389 1512 439 ut
1527 390 1646 439 tota
1662 383 1793 459 fhre
1815 391 2027 440 sancta
2040 382 2310 444 Ecclesia
2325 385 2434 466 (l).

319 476 526 532 Petrus
568 491 743 553 porro
779 473 1125 533 Uxamensis
1165 485 1235 534 ut
1270 473 1571 535 haereticus
1614 474 1927 534 damnatus
1969 488 2059 535 est
2093 499 2126 536 a
2161 480 2318 539 Sixto
2364 480 2439 540 IV

319 570 556 657 ejusque
583 565 861 627 cathedra
897 567 1221 629 combusta.

1114 758 1524 813 PROPOSITIO
1565 759 1656 812 III.

361 914 627 976 Nullum
651 926 735 975 est
749 924 1066 996 peccatum
1084 961 1100 991 7
1127 917 1292 996 quod
1313 919 1427 976 rite
1452 917 1759 997 dispositis
1788 918 1868 976 ab
1890 916 2163 979 Ecclesia
2192 922 2409 979 virtute
2452 962 2455 966 -

908 1013 1180 1072 clavium
1224 1017 1457 1071 remitti
1495 1034 1631 1072 non·
1646 1017 1859 1093 possit.
2227 1014 2229 1017 ’

405 1219 543 1278 156.
578 1218 713 1277 Haec
731 1215 1053 1303 propositio
1079 1226 1169 1276 est
1195 1214 1269 1276 de
1289 1214 1404 1276 fide
1421 1262 1436 1292 7
1459 1227 1526 1275 ut
1548 1226 1777 1275 constat
1805 1237 1876 1277 ex
1906 1237 1974 1275 eo
1993 1264 2010 1292 7
2030 1215 2187 1298 quod
2201 1218 2450 1279 Ecclesia

336 1315 539 1375 statim
577 1325 646 1373 ut
682 1312 982 1373 haereticos
1022 1310 1297 1371 habuerit
1324 1311 1710 1371 Montanistas
1739 1333 1805 1371 ac
1833 1312 2188 1371 Novatianos
2208 1359 2223 1388 7
2254 1315 2355 1395 qui
2400 1314 2453 1374 ei

324 1410 479 1471 hanc
495 1409 854 1470 illimitatam
870 1407 1209 1468 facultatem
1231 1406 1571 1467 adimebant
1591 1407 1705 1488 (2).
1728 1409 2101 1468 Montanistae
2132 1409 2292 1469 enim
2316 1431 2449 1489 gra-

320 1509 482 1569 viora
500 1507 744 1567 crimina
767 1552 782 1582 7
811 1503 1206 1564 idololatriam
1224 1549 1240 1580 7
1267 1502 1675 1578 homicidium,
1699 1503 2016 1564 moechiam
2033 1503 2254 1566 absolvi
2284 1527 2452 1587 posse

325 1601 400 1663 ab
416 1602 659 1663 Ecclesia
678 1600 919 1660 inficiati
938 1611 1097 1660 sunt.
1115 1599 1427 1660 Novatiani
1446 1598 1770 1659 schismatis
1788 1611 2071 1677 auctores7
2089 1601 2451 1663 Novatianus

322 1710 385 1759 et
415 1700 711 1773 Novatus7
736 1696 890 1756 hanc
928 1694 1265 1756 facultatem
1305 1694 1568 1755 Ecclesiae
1606 1694 1977 1776 denegabant
2014 1695 2207 1778 quoad
2237 1696 2450 1779 lapsos·

327 1795 597 1877 Ipsorum
627 1790 855 1853 asseclae
884 1803 1086 1874 postea
1113 1789 1514 1852 extenderunt
1534 1791 1825 1850 immitem
1852 1791 2005 1851 hanc
2027 1791 2356 1852 doctrinam
2378 1792 2454 1852 ad

324 1891 680 1949 atrociorum
711 1887 1025 1948 criminum
1051 1908 1179 1948 reos
1198 1932 1214 1960 7
1246 1907 1311 1944 ac
1346 1885 1589 1946 demum
1620 1885 1696 1944 ad
1719 1908 1923 1945 omnes
1943 1932 1959 1961 7
1999 1887 2101 1967 qui
2137 1898 2272 1968 post
2301 1889 2454 1969 Bap-

322 1985 495 2044 tisma
538 1985 601 2043 in
635 1981 876 2043 lethalia
907 1981 1150 2040 crimina
1187 1979 1447 2063 prolapsi
1474 1991 1688 2040 essent.
1724 1981 1842 2040 Soli
1868 2003 2045 2063 porro
2083 1980 2297 2042 divinae
2330 1982 2454 2040 mi-

323 2079 646 2141 sericordiae
702 2078 823 2138 haec
881 2087 1118 2159 peccata
1168 2076 1527 2136 remittenda
1592 2075 2027 2158 relinquebant.
2090 2078 2223 2136 Non
2285 2078 2454 2159 pauci

323 2175 614 2234 Sociniani
630 2219 646 2249 7
676 2172 884 2233 saltem
903 2194 975 2232 ex
993 2182 1162 2254 parte
1180 2217 1196 2246 7
1228 2170 1450 2234 crudeli
1478 2170 1613 2230 huic
1634 2170 1837 2231 haeresi
1853 2163 2325 2252 subscripserunt
2343 2171 2452 2253 (3).

411 2269 548 2329 157.
599 2270 690 2328 Sic
727 2290 906 2351 porro
943 2268 1306 2328 adversarios
1344 2277 1578 2326 nostros
1619 2288 1895 2348 urgemus
1926 2289 1940 2325 :
1989 2266 2126 2326 Ideo
2162 2268 2448 2327 recensita

325 2365 572 2425 crimina
603 2363 831 2446 aliaque
857 2362 1143 2443 ejusmodi
1166 2362 1427 2422 Ecclesiae
1450 2361 1708 2423 clavibus
1732 2384 1854 2421 non
1883 2361 2271 2441 subJ'iciuntur
2288 2409 2305 2439 7
2344 2383 2453 2427 nec

324 2472 639 2545 propterea
675 2459 750 2519 ab
786 2459 1032 2520 Ecclesia
1070 2459 1294 2519 remitti
1338 2469 1587 2541 possunt
1615 2503 1631 2533 7
1691 2470 1792 2537 aut
1837 2458 1971 2540 quia
2025 2457 2455 2538 generalissima

319 2557 539 2616 Christi
585 2555 764 2617 verba
795 2602 811 2632 7
865 2555 1077 2616 Matth.
1134 2556 1262 2614 XVI
1307 2575 1322 2613 ·.
1374 2556 1791 2634 Quaecumque
1835 2555 2126 2623 solveritis
2150 2595 2172 2624 ,
2218 2564 2332 2613 etc.
2394 2564 2454 2612 et

323 2655 497 2713 Joan.
536 2655 640 2712 XX
683 2675 695 2710 :
736 2654 1020 2733 Quorum
1053 2654 1445 2722 remiseritiS,
1481 2660 1586 2709 etc.
1633 2648 1878 2729 intelligi
1917 2647 2137 2708 debent
2180 2646 2253 2707 de
2294 2649 2454 2730 Bap-

328 2749 534 2826 tism03
565 2759 666 2808 aut
694 2748 829 2830 quia
854 2747 1117 2808 Christus
1146 2748 1270 2829 ipse
1296 2746 1698 2828 exceptionem
1722 2743 1978 2825 aliquam
2016 2743 2321 2825 apposuit3
2354 2753 2456 2803 aut

395 2980 462 3045 (l)
499 2980 600 3031 Cfr.
627 2979 846 3029 Pithoeus
875 2982 926 3028 in
950 2980 1080 3028 hunc
1103 2988 1349 3028 tractatum

329 3062 563 3125 Gratiani,
582 3062 661 3112 De
676 3059 991 3124 Paenitentia,
1011 3062 1126 3111 diss.
1142 3076 1178 3122 ι,
1198 3078 1247 3110 n.
1262 3077 1347 3127 90,

1498 2975 1569 3042 (3)
1597 2976 1782 3024 Etenim
1810 2975 2037 3048 Smalcius
2063 3014 2076 3037 7
2116 2977 2325 3043 Refiatat.
2354 2976 2455 3024 the-

1431 3061 1562 3107 sium
1584 3058 1780 3123 Wolsq.
1799 3059 2019 3107 Franzii
2033 3097 2046 3120 7
2082 3070 2127 3108 et
2152 3058 2295 3108 Jonas
2311 3057 2458 3107 Schli-

324 3148 409 3211 qui
425 3145 690 3195 estDecreti
722 3162 755 3194 ιι
771 3162 893 3211 pam,
913 3161 1049 3194 causa
1068 3144 1157 3207 33,
1186 3153 1348 3210 quaest.

326 3227 382 3276 3.
415 3227 636 3276 Ceterum
685 3236 849 3293 praeter
887 3237 1094 3277 auctores
1143 3227 1352 3291 superius

326 3327 445 3375 saepe
477 3309 724 3371 laudatos,
771 3310 858 3358 cfr.
893 3308 1004 3359 Nat.
1051 3309 1186 3364 Alex,
1236 3309 1350 3357 diss.

326 3391 410 3440 cit.
469 3391 552 3439 ubi
593 3392 933 3441 accuratissime
972 3401 1173 3458 quatuor
1212 3389 1354 3438 libros

331 3473 494 3522 Dallaei
525 3473 584 3522 de
612 3472 913 3522 Confessione
928 3473 1096 3522 refellit
1118 3488 1134 3535 3
1154 3489 1242 3521 nec
1257 3489 1355 3521 non

331 3555 542 3609 Morinos
562 3591 578 3617 7
608 3554 683 3604 De
695 3550 876 3604 Poenit.
903 3553 992 3603 lib.
1012 3571 1031 3602 1
1047 3591 1061 3616 7
1090 3571 1127 3604 Π
1143 3563 1188 3603 et
1210 3571 1284 3603 111.

402 3637 470 3702 (2)
507 3637 606 3686 Cfr.
650 3636 896 3699 Mox-inus,
937 3655 1015 3704 op.
1055 3639 1136 3687 cit.
1183 3637 1271 3688 lib.
1305 3655 1354 3703 ι,

322 3734 430 3783 cap.
466 3717 499 3783 4
533 3729 576 3768 et
610 3716 669 3769 5.

1432 3145 1631 3209 ctingius
1653 3180 1667 3201 7
1704 3140 1898 3209 Dis-put.
1933 3151 2099 3191 contra
2115 3143 2420 3191 Meisnerum
2438 3177 2453 3202 ‚

1433 3227 1753 3291 poenitentiam
1768 3225 2011 3290 agentibus
2025 3225 2112 3274 suh
2128 3235 2331 3286 extrema
2349 3226 2454 3272 vitae

1437 3308 1630 3373 periodo
1666 3310 1851 3356 veniam
1881 3306 2090 3357 obtinere
2110 3324 2242 3373 posse
2264 3307 2453 3356 omnino

1435 3390 1701 3439 inficiantur
1730 3406 1747 3452 3
1785 3407 1839 3439 ac
1867 3391 1920 3438 vi
1949 3391 2067 3439 novi
2100 3388 2296 3454 foederic
2322 3387 2454 3435 dam-

1435 3470 1649 3522 nandum
1701 3490 1809 3522 eum
1850 3489 1946 3522 esse
1972 3510 1986 3533 7
2035 3474 2118 3539 qui
2161 3473 2214 3519 in
2256 3470 2455 3534 peccatis

1437 3555 1617 3604 tamdiu
1665 3556 1913 3614 manserit,
1950 3565 2001 3604 ut
2037 3556 2079 3604 ei
2117 3570 2215 3602 non
2256 3549 2455 3616 amplius

1437 3647 1621 3703 tempus
1653 3631 1896 3703 suppetat3
1941 3648 1994 3687 ut
2029 3638 2172 3685 vitam
2212 3644 2257 3684 et
2305 3649 2453 3682 mores

1437 3720 1653 3770 emendet
1682 3757 1696 3782 7
1725 3719 1930 3770 absolute
1957 3718 2281 3785 pronunciant.
