2502 4186
297 214 421 272 262
949 226 1264 267 TRAcrArus
1309 230 1377 264 ms
1422 229 1808 267 nucusmsrm.

298 379 389 437 vel
418 395 538 434 non
572 377 700 431 sint
727 373 1077 450 mercifer-m
1105 381 1433 449 antequam
1456 370 1543 429 ad
1560 372 1750 429 altare
1778 373 2108 446 accedatis,
2138 375 2425 435 attendite

300 470 463 552 quod
487 468 742 542 dicatis,
777 477 889 525 etc.
924 465 1037 545 (1).

380 563 523 622 236.
573 563 741 621 Ratio
781 561 945 643 ipsa,
998 558 1109 618 sub
1152 580 1267 642 qua
1303 559 1641 619 institutum
1671 571 1759 619 est
1793 560 1903 620 hoc
1945 562 2419 638 Sacramentum7

303 659 441 719 satis
479 677 584 738 per
619 677 680 715 se
715 654 962 729 clamat,
990 653 1214 723 ,vivum
1252 675 1376 714 esse
1412 665 1680 735 oportere
1707 675 1864 730 eum,
1903 657 2004 738 qui
2035 677 2104 716 eo
2132 659 2419 732 vescitur3

301 773 412 812 nec
447 752 608 811 enim
648 749 813 809 cibus
842 760 1104 828 mortuos
1139 749 1242 808 alit
1276 760 1376 808 aut
1412 749 1685 809 vivificat.
1728 752 1847 810 Hoc
1882 750 2123 810 demum
2153 753 2424 813 visisunt

301 867 614 929 agnoscere
637 847 749 929 ipsi
765 847 1193 920 Protestantes‚
1224 846 1325 927 qui
1344 890 1361 920 ,
1394 842 1731 904 recedentes
1747 845 1821 904 ab
1851 845 2100 906 absurda
2128 853 2424 926 majorum

302 965 542 1004 suorum
574 943 871 1018 doctrina,
918 940 1325 1025 probation-em
1347 986 1363 1016 ,
1416 960 1545 1022 quae
1577 941 1638 998 in
1667 942 2030 1002 conscientiae
2074 942 2427 1004 discussione

301 1061 367 1100 ac
393 1050 766 1123 peccatorum
789 1037 1147 1098 confessione
1169 1039 1446 1098 consistat
1464 1083 1480 1110 v
1514 1037 1873 1119 praemitte-re
1893 1042 2018 1116 jam
2042 1041 2259 1121 passim
2285 1062 2443 1109 con-v

304 1145 624 1197 sueverunt
660 1134 796 1193 huic
824 1134 1184 1194 Sacramenti
1209 1133 1570 1215 perceptioni
1597 1133 1708 1213 (2).

382 1231 524 1290 237.
569 1231 648 1289 Et
675 1229 799 1290 haec
818 1229 1102 1291 adversus
1121 1229 1438 1289 haereticoS.
1469 1229 1834 1288 institutores
1852 1223 2175 1310 Theologiae
2194 1231 2429 1291 moralis

310 1326 718 1410 dispositiones
764 1335 894 1383 tum
930 1324 1186 1406 corporis
1228 1335 1358 1383 tum
1399 1325 1610 1385 animae
1651 1326 2082 1408 praerequisitas
2123 1339 2432 1387 recensent

308 1422 384 1482 ad
426 1420 868 1504 percipiendam
911 1419 1167 1480 uberiori
1214 1440 1351 1479 cum
1396 1420 1588 1479 fructu
1643 1443 1866 1481 sacram
1919 1424 2213 1504 synaxim.
2271 1424 2432 1483 Circa

302 1519 677 1600 frequentem
731 1516 1211 1576 communionem
1259 1537 1382 1574 non
1439 1517 1609 1598 pauci
1667 1517 1941 1598 Theologi
1997 1519 2061 1578 in
2112 1519 2432 1579 sententias

304 1625 567 1674 extreme
618 1613 915 1694 oppositas
963 1611 1221 1693 prolapsi
1269 1622 1428 1670 sunt.
1487 1611 1636 1687 Alii,
1684 1611 1852 1672 obliti
1894 1615 2238 1674 reverentiae
2294 1617 2435 1674 Jesu

306 1709 537 1768 Christo
579 1706 791 1768 debitae
839 1708 904 1766 in
955 1705 1312 1766 Eucharistia
1335 1750 1353 1777 ‚
1414 1717 1590 1787 atque
1642 1709 1814 1768 unice
1880 1710 2096 1769 intenti
2160 1709 2435 1770 utilitati-

306 1802 417 1863 bus
438 1849 454 1878 ‚
489 1823 633 1885 quas
655 1803 930 1884 frequens
956 1812 1015 1860 et
1043 1822 1180 1862 vero
1209 1803 1386 1860 etiam
1409 1801 1747 1882 quotidiana
1767 1806 2102 1863 communio
2129 1805 2430 1886 producit„

308 1898 371 1957 id
400 1910 637 1957 tantum
673 1897 783 1956 sibi
819 1907 1257 1978 proposuerunt
1283 1941 1299 1970 ,
1337 1907 1403 1955 ut
1433 1895 1750 1956 faciliorem
1778 1898 2098 1959 redderent
2136 1905 2258 1978 ejus
2290 1922 2431 1982 par-

312 1994 719 2076 ticipationem
737 2038 755 2070 ‚
786 2014 908 2051 non
941 1990 1299 2051 inculcantes
1323 2035 1339 2065 ,
1371 2003 1437 2051 ut
1470 2014 1578 2072 par
1599 2004 1688 2051 est
1707 2039 1723 2068 7
1753 2016 1884 2053 eam
1904 1998 2397 2077 praeparationem
2416 2040 2433 2070 ,

373 2242 435 2306 (1)
467 2242 530 2291 N.
579 2257 596 2290 1
615 2258 660 2291 1.
709 2240 927 2290 Ceterum
966 2250 1087 2289 recte
1114 2228 1327 2288 animad-

307 2327 444 2375 vertit
474 2324 786 2373 Bellarminus
812 2325 903 2372 loc.
925 2325 1004 2371 cit.
1026 2325 1076 2370 in
1099 2323 1330 2371 sententia

306 2407 530 2468 Lutheri,
569 2417 672 2455 tum
701 2406 738 2454 B
785 2405 1025 2471 Virginem
1061 2414 1162 2453 tum
1208 2403 1331 2468 Apo-

313 2490 454 2538 stolos
521 2489 662 2538 fuisse
707 2489 1134 2537 excommunicatos
1162 2522 1177 2547 ‚
1221 2503 1328 2534 cum

309 2571 400 2620 sibi
428 2573 601 2620 conscii
638 2587 737 2618 non
767 2580 915 2619 essent
941 2571 1115 2635 peccati
1155 2578 1329 2616 morta-

303 2653 394 2713 lis,
434 2662 486 2701 ut
515 2660 703 2718 possent
731 2651 947 2701 accedere
973 2651 1033 2700 ad
1063 2667 1234 2700 sacram
1261 2668 1329 2715 sy-

304 2737 473 2784 naxin.

374 2816 436 2880 (Ξ)
475 2816 622 2865 Testis
664 2816 806 2883 hujus
846 2818 997 2881 praxis
1036 2815 1326 2863 Lutherano-

302 2915 410 2946 rum
431 2909 499 2947 est
515 2896 850 2963 Wegscheider
866 2934 883 2960 ,
905 2900 1007 2964 qui.
1026 2896 1052 2963 §
1082 2914 1098 2944 1
1112 2894 1194 2964 76,
1215 2899 1327 2946 scri-

305 2980 378 3028 bit
396 2998 410 3029 :
425 2981 474 3030 A
478 2981 763 3029 dmittendos
776 2990 938 3030 autem
952 2998 1049 3029 esse
1062 2980 1133 3027 ad
1145 2997 1327 3029 caenam

305 3079 494 3112 sacram
510 3063 719 3130 judicat
741 3063 939 3113 ecclesia
972 3065 986 3128 (
1002 3065 1291 3125 Lutherana)
1309 3100 1322 3123 ‚

305 3146 594 3210 quicumque
631 3147 991 3210 confirmatione
1035 3148 1170 3213 (non
1207 3146 1326 3210 bap-

304 3228 515 3290 tismat05
549 3229 667 3294 quid»
691 3246 827 3293 porro
856 3229 1115 3294 intelligant
1144 3228 1322 3275 Protes-

307 3319 462 3357 tantes
483 3310 866 3372 confirmationis
885 3314 1092 3370 nomine,
1114 3311 1227 3358 alias
1245 3327 1325 3359 ex-

304 3390 563 3456 posuimus)
579 3393 638 3438 in
651 3393 915 3439 sociemtem
933 3392 1323 3440 Christianorum

299 3475 509 3539 recepti,
530 3473 625 3538 fi'de
639 3482 684 3521 st
701 3476 867 3522 animo
881 3474 995 3522 bene
1014 3485 1323 3540 praeparato,

298 3572 316 3602 1
359 3555 473 3604 Cor.
503 3572 568 3615 xi,
601 3554 666 3604 26
685 3594 698 3617 ,
734 3557 940 3621 confessi
952 3559 1102 3622 prius
1125 3567 1324 3623 peccata

295 3645 340 3684 et
370 3637 579 3686 absoluti
631 3638 697 3687 ad
736 3638 822 3687 hoc
857 3648 1207 3689 sacramentum
1236 3643 1323 3705 pie

1414 2241 1465 2287 in
1487 2250 1596 2288 nota
1628 2241 1680 2305 (c)
1705 2260 1722 2290 .·
1756 2241 2062 2306 Confessioni
2083 2251 2129 2291 et
2148 2242 2440 2292 absolutioni

1408 2323 1615 2387 privatas
1633 2326 1859 2389 temporis
1883 2341 2103 2373 successu
2127 2324 2363 2392 plurimis
2380 2327 2438 2373 in

1414 2402 1626 2452 ecclesiis
1642 2404 1937 2454 Lutlteranis
1959 2406 2159 2472 publica
2183 2406 2258 2455 vel
2269 2407 2436 2454 addita

1413 2484 1487 2533 vel
1513 2485 1770 2536 substituta
1798 2497 1883 2536 est.
1911 2487 2002 2553 Qui
2041 2499 2218 2547 tamen,
2247 2486 2275 2553 ᾗ
2303 2485 2394 2534 180
2413 2523 2430 2548 ,

1413 2568 1463 2616 h.
1500 2586 1552 2617 n.
1580 2585 1650 2617 111.
1678 2569 1886 2618 hortatur
1921 2587 2027 2618 suos
2074 2570 2132 2618 ad
2171 2572 2433 2617 societatem

1413 2649 1593 2697 facilius
1628 2667 1737 2697 cum
1769 2651 2035 2699 Calvinistis
2062 2652 2315 2698 ineundam
2335 2688 2347 2709 ‚
2383 2659 2436 2697 ut

1413 2747 1550 2778 sacra
1565 2746 1698 2778 coena
1710 2730 1776 2779 ad
1780 2733 2049 2796 pristinam
2064 2731 2430 2797 simplicitatem

1413 2821 1458 2860 et
1495 2814 1841 2875 ceremoniam,
1893 2815 2068 2879 rejecta-
2102 2813 2284 2875 simul,
2328 2832 2435 2879 quae

1412 2892 1546 2941 illam
1564 2895 1833 2959 proecedere
1848 2895 1979 2954 solet,
2011 2896 2309 2960 consessione
2319 2899 2432 2962 pri-

1411 2983 1554 3036 vata,
1582 2975 1860 3026 reducatur.
1893 2977 2036 3026 Addit
2065 2978 2180 3026 ibid.
2215 2989 2433 3043 praeterea

1411 3058 1677 3104 cavendum
1695 3065 1763 3106 est
1776 3058 2087 3107 ecclesiarum
2103 3061 2403 3108 antistitibus
2416 3101 2432 3121 ,

1410 3157 1470 3188 ne
1493 3141 1617 3204 forte
1643 3158 1700 3189 ean
1723 3141 1808 3190 illa
1839 3145 2090 3208 utriusque
2108 3147 2271 3209 partis
2309 3141 2427 3192 Pro-

1410 3225 1694 3271 testantium
1710 3227 2063 3274 consociatione
2071 3230 2197 3292 jura
2204 3235 2430 3292 pastora-

1410 3308 1479 3357 lia
1494 3309 1775 3358 detrimenti
1793 3309 1983 3374 aliquid
1998 3311 2217 3374 capiant;
2237 3309 2430 3372 ideoque

1410 3393 1711 3453 curandum,
1743 3402 1796 3440 ut
1816 3394 2031 3457 pecunia
2060 3409 2153 3457 pro
2182 3391 2433 3438 auditione

1409 3476 1720 3540 confessionis
1735 3484 2042 3540 peccatorum
2066 3482 2113 3521 et
2140 3471 2434 3520 absolutione

1409 3559 1654 3622 hucusque
1681 3558 1979 3606 Lutheranoe
2012 3554 2218 3604 eccle-sice
2256 3555 2433 3600 minis-

1409 3643 1498 3689 tris
1503 3640 1765 3706 persoluta,
1785 3638 1900 3688 aliis
1917 3638 2070 3686 modis
2083 3638 2238 3702 iisque
2253 3634 2432 3683 libera·

302 3717 636 3769 celebrandum
670 3724 970 3771 accesserint.
1006 3722 1177 3771 Subdit
1225 3741 1334 3774 vero
1417 3723 1619 3772 liorihus
1642 3741 1698 3772 ac
1721 3724 1876 3788 maqis
1907 3721 2090 3786 deforis
2117 3721 2428 3767 resarciatur.
