2502 4186
273 177 396 236 422
899 193 1218 232 'mammos
1264 195 1333 231 nn
1364 195 1761 234 Ponmtrenrn.

278 365 349 404 ex
383 340 582 401 divina
613 337 1004 397 institutione.
1053 338 1411 397 Institutam
1436 359 1474 397 a
1508 339 1769 398 Domini
1791 341 2228 420 exomologesim
2258 363 2389 402 eam

279 434 494 518 apertis
516 431 725 512 *verbis
753 443 922 494 vocat
958 431 1351 491 Tertullianus
1392 432 1505 513 (l).
1549 433 1694 512 Ergo
1722 432 1915 492 seculo
1948 433 1972 491 Ι
2007 453 2134 493 eam
2162 437 2391 513 jamdiu

279 527 673 590 introductam
695 547 818 587 esse
836 526 1125 587 fateamur
1149 547 1385 586 necesse
1411 537 1531 600 est3
1555 525 1810 608 alioquin
1828 573 1843 601 ‚
1869 527 1917 586 si
1938 548 2139 588 recens
2161 529 2398 591 inducta
2418 574 2421 577 -

264 616 427 685 'esset
445 667 462 698 .,
507 621 582 682 ad
613 622 911 681 Christum
939 642 1070 681 eam
1095 624 1294 683 Patres
1329 621 1414 681 illi
1445 621 1687 682 minime
1712 622 2068 683 retulissent.

299 798 302 801 ‚
363 718 521 780 1342.
549 719 677 778 Huc
708 716 929 777 accedit
966 716 1230 777 doctrina
1266 717 1342 778 de
1381 717 1580 779 divina
1609 719 2000 779 Confessionis
2034 720 2403 781 institutione

279 836 346 876 ac
399 814 779 888 necessitate,
830 823 890 872 et
930 813 1321 873 Confessionis
1362 835 1501 873 usus
1550 813 1710 896 apud
1756 816 1981 874 Graecos
2007 861 2023 890 ‚
2073 816 2358 875 Armenes
2384 860 2400 888 ‚

191 950 194 954 -
282 911 537 994 Coptos7
579 909 877 991 AEthiopes
897 953 913 984 ,
947 908 1318 991 reliquasque
1355 909 1667 969 orientales
1712 921 1895 969 sectas
1923 911 2406 971 Nestorianorum

278 1018 339 1068 et
381 1004 924 1086 Monopbysitarum
952 1048 969 1080 .,
1012 1025 1143 1086 quae
1185 1026 1218 1064 a
1248 1025 1359 1064 sec.
1397 1005 1452 1063 V
1491 1003 1565 1063 ab
1598 1004 1846 1064 Ecclesia
1895 1007 2154 1065 Romana
2198 1006 2405 1066 divisae

277 1113 417 1162 sunt
462 1101 574 1180 (2).
614 1101 720 1159 Hae
749 1100 1009 1182 profecto
1049 1110 1220 1159 sectae
1259 1098 1333 1158 ab
1368 1099 1710 1160 Innocentio
1745 1101 1826 1158 111
1870 1098 2023 1160 hanc
2079 1099 2406 1160 doctrinam

276 1207 338 1258 et
360 1195 590 1278 praxim
626 1216 750 1253 non
789 1205 928 1254 sunt
961 1205 1259 1255 mutuatae.
1297 1196 1369 1253 Et
1402 1194 1540 1254 hinc
1576 1217 1809 1254 rursum
1836 1194 2209 1255 ineluctabile
2233 1217 2408 1255 exur-

281 1292 365 1372 git
401 1301 814 1371 argumentum
851 1291 1303 1373 praeseriptionis
1326 1334 1343 1364 ,
1398 1295 1559 1369 cujus
1594 1291 1858 1373 pondere
1891 1290 2147 1352 haeretici
2193 1313 2396 1352 omnes

284 1387 722 1470 opprimuntur.
2044 1408 2046 1410 ·

369 1481 505 1541 135.
551 1482 693 1554 Quae
727 1501 862 1540 cum
900 1480 983 1539 ita
1021 1501 1083 1540 se
1125 1479 1418 1555 habeant,
1458 1481 1588 1562 quis
1623 1503 1747 1540 non
1787 1481 2033 1541 miretur
2064 1484 2411 1542 Protestan-

287 1578 436 1636 tium
469 1575 705 1635 illorum
743 1574 1150 1656 stupiditatem
1186 1587 1287 1635 aut
1314 1575 1746 1658 impudentiam
1774 1622 1791 1652 ‚
1834 1578 1934 1659 qui
1973 1577 2165 1637 adhuc
2206 1576 2414 1637 obtru-

287 1673 438 1733 dunt
474 1672 539 1731 in
572 1682 740 1730 tanta
775 1672 1000 1730 critices
1033 1670 1198 1746 luce,
1241 1670 1315 1729 ab
1351 1672 1694 1732 Innocentio
1738 1674 1852 1747 ΙΙΙ,
1897 1673 2126 1733 εοίΙίοεῐ.
2151 1674 2288 1732 XIII
2330 1694 2415 1732 se-

287 1767 417 1828 culo
434 1811 452 1841 ‚
486 1765 790 1826 inductam
810 1766 1246 1826 Confessionem
1266 1776 1367 1825 aut
1395 1765 1602 1825 saltem
1620 1770 1741 1844 ejus
1758 1765 1947 1848 obliga
1957 1768 2176 1827 tionem
2198 1768 2372 1827 fuisse
2388 1767 2416 1825 P

294 1865 521 1944 Nempe
546 1861 751 1921 eadem
782 1863 1009 1921 ratione
1030 1905 1046 1935 ,
1078 1882 1192 1942 qua
1229 1862 1557 1920 doctrinam
1580 1861 1653 1921 de
1684 1860 1826 1921 reali
1862 1862 2078 1922 Christi
2109 1863 2415 1945 praesentia

290 1959 354 2016 in
414 1956 769 2016 Eucharistia
817 1957 1013 2038 paucis
1065 1958 1242 2015 etiam
1297 1954 1513 2015 abhinc
1567 1957 1736 2016 annis
1788 1956 2044 2018 vidimus
2098 1957 2415 2017 nonnullos

292 2059 686 2113 Protestantes
716 2051 1034 2111 affirmasse
1065 2073 1099 2110 a
1126 2051 1414 2111 monacho
1447 2050 1752 2111 Paschasio
1782 2072 1895 2112 sec.
1926 2054 2007 2112 IX
2034 2053 2331 2115 invectam
2351 2054 2417 2112 in

296 2147 606 2208 Ecclesiam
640 2148 832 2206 fuisse.
858 2147 1134 2206 Ceterum
1158 2169 1265 2206 nos
1299 2146 1373 2205 ab
1397 2158 1564 2207 aetate
1595 2147 1906 2230 apostoliea
1929 2149 2127 2208 Patres
2149 2160 2206 2209 et
2233 2149 2419 2231 scrip-

298 2254 454 2322 tores
481 2241 892 2302 ecclesiasticos
927 2241 1230 2301 attulimus
1255 2287 1270 2316 a
1305 2243 1406 2324 qui
1442 2241 1656 2302 docent
1676 2288 1692 2317 .‚
1722 2244 1984 2303 divinam
2023 2266 2142 2304 esse
2182 2244 2418 2304 Confes-

294 2339 468 2399 sionis
502 2339 933 2397 institutionem
955 2383 970 2411 ,
1010 2359 1194 2419 usque
1231 2337 1307 2397 ad
1348 2359 1460 2397 sec.
1498 2339 1605 2397 XII
1638 2337 2056 2400 descendentes
2082 2385 2098 2415 ,
2124 2362 2191 2400 ac
2220 2361 2416 2399 rursus

298 2456 329 2492 a
359 2455 474 2494 see.
505 2435 611 2493 XII
639 2433 1021 2493 ascendentes
1050 2454 1234 2515 usque
1258 2432 1333 2492 ad
1356 2443 1591 2494 aetatem
1627 2434 2006 2516 apostolicam
2030 2446 2416 2494 monumenta

299 2531 616 2590 certissima
641 2530 836 2612 praxis
864 2541 924 2588 et
943 2527 1309 2609 obligationis
1334 2528 1506 2607 hujus
1531 2529 1923 2589 Confessionis
1946 2529 2232 2590 'divinitus
2254 2529 2418 2588 insti-

373 2774 439 2842 (l)
477 2775 583 2824 lbid
631 2793 734 2840 cap.
790 2792 870 2824 11.
916 2773 991 2823 Ex
1035 2793 1128 2842 quo
1169 2778 1314 2842 magis

303 2858 501 2908 efficitur
520 2858 734 2908 adversus
749 2857 1093 2923 Albaspinaeum
1112 2895 1125 2918 ,
1145 2860 1222 2924 agi
1237 2858 1316 2907 hic

302 2959 327 2989 a
369 2941 651 2990 Tertulliano
698 2940 756 2990 de
790 2927 1091 2990 Confessione
1135 2942 1316 3005 proprie

303 3023 428 3071 dicta
456 3041 481 3071 a
513 3020 695 3071 Christo
730 3024 937 3071 instituta
970 3033 1014 3071 et
1047 3031 1274 3087 praecepta
1294 3056 1312 3082 ,

306 3105 502 3153 minime
545 3121 651 3152 vero
703 3104 761 3152 de
794 3106 1008 3153 exteriori
1048 3114 1230 3153 tantum
1265 3119 1318 3151 ac

307 3185 493 3249 publica
539 3185 815 3235 Poenite'ntia
836 3222 851 3245 ,
899 3204 979 3235 seu
1008 3186 1067 3235 de
1108 3187 1320 3234 exteriori

302 3276 483 3315 tantum
535 3278 794 3332 apparatu,
840 3279 884 3316 et
923 3269 981 3318 de
1020 3267 1320 3317 Confessione

306 3351 510 3417 quadam
551 3353 759 3416 generica
780 3387 794 3411 ,
830 3370 921 3417 qua
954 3362 1166 3417 peccator
1197 3354 1320 3417 seip-

310 3450 414 3481 sum
434 3433 559 3497 apud
583 3432 735 3481 Deum
757 3444 958 3483 accusat.
982 3433 1174 3482 Publica
1196 3437 1322 3482 enim

308 3514 408 3562 haec
429 3513 700 3562 Poenitentia
725 3532 821 3563 non
846 3531 872 3562 a
897 3515 1125 3575 Domino,
1155 3516 1233 3564 sed
1264 3516 1323 3563 ab

1401 2775 1714 2824 Tertullianus
1748 2786 1990 2841 exaggerat
2015 2776 2073 2825 de
2101 2776 2278 2841 pudore
2295 2812 2308 2836 ‚
2350 2793 2425 2823 ve-

1401 2857 1619 2922 recundia
1644 2893 1661 2919 ‚
1711 2868 1800 2907 etc.
1845 2856 1996 2922 Quem
2037 2860 2163 2907 enim
2197 2857 2422 2923 pudorem

1403 2941 1704 3005 experiuntur
1739 2940 2052 2989 Protestantes
2078 2943 2128 2988 in
2153 2943 2246 2988 suis
2267 2939 2423 3004 publi·

1403 3024 1467 3069 cis
1497 3024 1718 3086 genericis
1750 3021 2131 3071 Confessionibus
2148 3026 2173 3069 ?
2201 3020 2308 3070 Non
2334 3021 2419 3069 ad-

1406 3106 1539 3152 vertit
1559 3106 1628 3152 vir
1657 3105 1819 3153 doctus
1839 3141 1853 3165 ,
1887 3114 2135 3170 utramque
2155 3103 2418 3152 Confessio-

1406 3203 1515 3234 nem
1537 3223 1550 3247 ‚
1584 3186 1824 3252 publicam
1860 3187 2032 3235 scilicet
2065 3196 2110 3235 et
2146 3188 2372 3252 privatam
2404 3220 2418 3243 ‚

1407 3268 1781 3318 sacramentalem
1822 3285 1875 3317 eo
1904 3279 2110 3334 tempore
2152 3268 2295 3316 fuisse
2318 3303 2332 3326 ‚
2373 3276 2424 3312 ut

1409 3350 1614 3399 observat
1630 3350 1903 3410 Massuetus,
1915 3351 2026 3399 diss.
2046 3367 2099 3398 ιιι
2118 3349 2245 3398 Iren.
2261 3357 2385 3412 art.7
2406 3381 2421 3410 ‚

1410 3452 1461 3482 n.
1501 3431 1587 3498 75.

1480 3515 1544 3579 (ᾖ)
1560 3514 1662 3564 Cfr.
1677 3514 2013 3578 Renaudotius,
2026 3511 2321 3578 Ρεφέἰιιίιὲ,
2337 3520 2421 3558 ete.

311 3595 512 3645 Ecclesia
555 3599 764 3645 instituta
808 3607 876 3646 est
901 3616 914 3655 ς
955 3614 1042 3646 nec
1095 3597 1331 3646 conciliari
1414 3608 1531 3647 tom.
1554 3616 1604 3656 v,
1630 3598 1712 3646 liv.
1731 3612 1809 3656 111,
1829 3597 1907 3647 ch.
1927 3599 1956 3645 3
1975 3606 2021 3646 et
2038 3611 2170 3661 seqq.
2186 3603 2231 3643 et
2251 3593 2333 3641 liv.
2355 3610 2422 3652 lv,

313 3693 420 3724 cum
459 3695 513 3726 ea
549 3679 931 3744 interpretatione
966 3690 1191 3744 possunt,
1234 3697 1334 3745 quae
1416 3680 1496 3728 ch.
1534 3695 1551 3726 1
1589 3689 1635 3729 et
1659 3697 1788 3746 seqq.
