2502 4186
335 226 411 286 1⁴8
718 260 724 266 ·
993 242 1313 284 ‘rusorum
1356 242 1427 278 mi
1467 241 1756 282 narusno.

333 389 606 449 vin-arum
652 385 1038 466 hypostaseon
1083 401 1199 438 una
1237 380 1312 438 sit
1351 377 1671 438 substantia
1699 423 1715 451 7
1758 401 1822 439 ac
1851 403 1955 462 per
2001 389 2419 445 circumiri-‹tes-

338 487 568 542 sionem
604 499 720 537 una
765 480 1014 535 Persona
1062 475 1127 533 in
1167 473 1349 533 altera
1384 475 1490 550 sit,
1528 474 1771 556 perinde
1814 476 1957 549 erit,
1997 479 2117 539 sive
2154 481 2214 537 in
2252 482 2421 538 unius

333 577 455 638 sive
475 577 536 633 in
556 573 735 630 trium
764 569 1034 628 distincte
1066 570 1449 629 Personarum
1477 569 1714 628 nomine
1740 568 2027 648 baptisma
2056 572 2383 634 conferatur
2400 619 2417 647 7

334 680 435 731 aut
471 667 647 727 etiam
667 665 728 722 in
757 663 996 722 nomine
1033 662 1326 723 Trinitatis
1345 708 1360 737 7
1405 674 1470 721 ut
1497 662 1794 722 nonnullis
1825 664 2040 745 placuit
2079 665 2186 746 (l).
2209 665 2273 723 4ο
2304 667 2424 727 Imo

336 762 526 824 omnis
559 758 847 819 omittitur
874 759 1058 819 forma
1084 759 1148 815 in
1172 757 1268 816 illa
1306 756 1612 817 collatione
1653 755 1926 837 baptismi
1946 804 1961 834 7
1992 780 2117 841 quae
2147 781 2178 819 a
2206 761 2262 818 S.
2295 762 2427 819 Am·

333 857 558 932 brosii),
593 876 697 915 seu
734 863 966 913 auctore
996 852 1281 911 librorum
1309 853 1399 911 De
1421 854 1857 922 sacramentis,
1890 853 1992 911 lib.
2026 856 2076 913 ΙΙ
2093 900 2107 928 7
2136 875 2259 936 cap.
2287 856 2389 913 VII
2400 900 2423 928 .7

333 950 694 1013 describitur.
715 949 897 1008 Prout
913 948 1089 1006 etiam
1107 947 1393 1005 omittitur
1412 947 1473 1004 in
1496 947 1673 1009 Libro
1702 945 2017 1006 Gelasiano
2045 969 2116 1006 ex
2137 947 2425 1008 codicibus

334 1046 625 1108 Thomasii
652 1055 713 1105 et
747 1043 1083 1104 Colbertino
1122 1042 1229 1124 (2).
1266 1044 1431 1121 ErgO.

342 1202 344 1205 ,
419 1142 518 1200 44.
566 1142 739 1221 Resp.
770 1137 845 1197 ad
874 1139 977 1211 1¹⁰7
1004 1137 1152 1217 Ney.
1184 1139 1252 1195 In
1272 1137 1432 1196 factis
1456 1137 1613 1195 enim
1637 1135 1860 1196 attendi
1886 1095 2059 1196 debet
2081 1137 2431 1198 advolunta-

338 1249 459 1298 tem
495 1233 883 1304 institutoris·
930 1252 1104 1312 porro
1143 1230 1416 1293 voluntas
1459 1231 1674 1289 Christi
1711 1230 1995 1312 patefacta
2034 1242 2121 1290 est
2154 1253 2226 1291 ex
2267 1235 2432 1314 praxi

336 1329 595 1391 Ecclesiae
614 1372 629 1400 7
661 1346 786 1407 quae
809 1325 889 1382 ita
919 1324 1208 1383 intellexit
1236 1323 1412 1384 verba
1445 1324 1686 1397 Christi,
1719 1335 1785 1382 ut
1804 1347 1871 1385 ea
1907 1324 2024 1384 sola
2045 1327 2434 1407 exprimeren-

335 1437 467 1498 tur7
510 1419 719 1503 quibus
749 1419 872 1500 ipsa
899 1418 1083 1480 utitur
1122 1418 1185 1475 in
1213 1418 1718 1480 administratione
1749 1464 1765 1493 7
1799 1419 1910 1478 alia
1948 1441 2083 1480 vero
2122 1443 2242 1478 non
2268 1421 2430 1480 item.

341 1517 523 1598 quue
554 1513 800 1586 merito7
848 1512 983 1593 quia
1034 1510 1282 1571 docendi
1332 1513 1479 1571 actio
1546 1514 1682 1571 satis
1729 1514 1850 1594 ipsa
1894 1535 1999 1595 per
2030 1535 2090 1573 se
2126 1516 2438 1575 innotescit

335 1611 558 1692 absque
599 1606 997 1666 additamento
1026 1627 1040 1662 z
1069 1606 1198 1686 Ego
1231 1617 1282 1665 te
1325 1608 1525 1673 docem,-
1552 1608 1699 1666 actio
1740 1618 1936 1666 autem
1968 1608 2264 1688 tingendi,
2304 1631 2437 1669 cum

337 1727 446 1790 per
489 1725 550 1764 se
587 1701 927 1762 indifferens
971 1700 1046 1758 sit
1088 1699 1162 1759 ad
1193 1700 1364 1782 plura
1405 1701 1773 1775 denotanda7
1818 1704 2091 1761 coarctari
2126 1703 2328 1762 debuit
2361 1705 2437 1765 ad

337 1801 625 1861 actionem
655 1794 1131 1856 sacramentalem
1175 1816 1281 1877 per
1315 1797 1743 1858 invocationem
1777 1798 1874 1855 SS.
1911 1797 2229 1856 Trinitatis,

420 1894 520 1953 45.
566 1891 654 1952 Ad
683 1893 792 1966 2⁸¹7
814 1890 968 1971 Neq.
1000 1888 1147 1949 illud
1176 1895 1241 1949 in
1269 1897 1503 1950 nomine
1527 1891 1708 1950 solam
1732 1892 2049 1971 significare
2073 1893 2348 1951 virtu-tem
2379 1903 2440 1954 et

339 1988 536 2048 fidem.
571 1987 858 2066 Significat
900 1985 1057 2044 enim
1104 1996 1383 2065 praeterea
1416 1986 1848 2048 invocationem
1889 1997 1947 2046 et
1988 1987 2437 2068 appellationem

336 2085 519 2143 trium
546 2082 880 2143 divinarum
922 2102 1347 2162 personarum7
1401 2102 1531 2163 quae
1578 2083 1819 2161 gratiam
1857 2081 2179 2161 largiuntur
2215 2093 2276 2141 et
2312 2104 2439 2140 san-

328 2179 747 2239 ctificationem
771 2176 1050 2252 efficiunt.

420 2273 519 2330 46.
570 2271 657 2331 Ad
699 2272 813 2345 3⁰²7
853 2273 1023 2351 Resp.
1060 2271 1193 2329 Esto
1223 2316 1239 2344 7
1291 2270 1448 2350 quod
1483 2290 1848 2350 unaquaeque
1889 2270 2070 2327 trium
2103 2269 2435 2330 divinarum

338 2368 762 2436 Personarum
814 2365 1038 2422 ratione
1083 2363 1405 2422 identitatis
1443 2375 1668 2422 naturae
1709 2375 1810 2421 aut
1846 2364 2389 2422 circuminsessionis
2416 2409 2432 2437 7

338 2462 404 2520 in
433 2460 612 2518 altera
668 2459 773 2528 sit3
807 2479 937 2516 cum
977 2469 1175 2517 tamen
1212 2457 1469 2516 Christus
1505 2458 1749 2516 formam
1789 2457 2204 2538 praescripserit
2242 2458 2304 2515 in
2342 2459 2436 2516 in-

338 2555 637 2617 vocatione
697 2553 876 2611 trium
917 2551 1187 2611 distincte
1234 2554 1653 2624 Personarum,
1715 2562 1894 2631 atque
1939 2551 2184 2609 Ecclesia
2245 2552 2324 2610 ita
2374 2553 2436 2611 in

338 2648 568 2731 praxim
596 2646 904 2706 deduxerit
923 2690 939 2719 7
984 2668 1106 2704 non
1143 2645 1359 2726 absque
1388 2646 1555 2725 *gravi
1590 2644 1815 2727 piaculo
1847 2666 1911 2707 ac
1942 2645 2197 2726 periculo
2227 2646 2435 2706 saltem

339 2742 623 2803 nullitatis
671 2742 1026 2801 Sacramenti
1071 2740 1180 2800 alia
1222 2742 1439 2822 quaevis
1482 2742 1667 2820 forma
1725 2739 2114 2800 adhiberetur.
2181 2743 2434 2802 Diversae

340 2838 543 2897 formae
561 2859 592 2896 a
610 2835 908 2897 nonnullis
933 2834 1283 2894 scholasticis
1307 2835 1637 2914 excogitatae
1657 2880 1672 2910 7
1701 2836 1963 2917 quamvis
1981 2836 2170 2917 quoad
2198 2858 2433 2895 sensum

339 2933 647 2994 videantur
697 2932 1004 2991 convenire
1044 2951 1176 2990 cum
1222 2931 1406 2989 forma
1433 2953 1463 2989 a
1499 2930 1725 2989 Christo
1761 2931 2094 3012 praescripta
2127 2942 2183 2989 et
2219 2930 2291 2989 ab
2333 2934 2433 2990 Ec-

336 3026 508 3087 clesia
541 3037 814 3108 usurpata
845 3070 862 3100 7
887 3024 1047 3084 nulla
1089 3025 1311 3085 ratione
1337 3026 1400 3083 in
1421 3026 1599 3106 „praxi
1633 3025 1864 3086 admitti
1889 3037 2131 3106 possunt
2155 3026 2277 3113 (3).

410 3215 474 3280 (1)
510 3215 640 3264 Inter
658 3233 773 3281 quos
795 3224 1057 3263 recensetur
1079 3214 1348 3281 Cajetanus‚
1466 3214 1529 3278 (3)
1549 3214 1683 3262 Inani
1698 3232 1879 3279 prorsus
1893 3215 2047 3263 labore
2063 3214 2274 3263 nonnulli
2289 3214 2424 3262 scho-

341 3296 411 3345 In
461 3306 569 3344 ΠΙ31η
623 3304 751 3362 part.
799 3296 852 3344 S.
899 3295 994 3344 Th.
1038 3307 1201 3362 quaest.
1247 3294 1345 3356 66,
1432 3296 1576 3344 lastici
1600 3296 1799 3345 diversas
1825 3297 2039 3362 baptismi
2061 3298 2230 3344 formas
2247 3299 2430 3360 excogi-

339 3389 424 3427 art.
458 3377 520 3441 53
547 3378 628 3427 ubi
657 3380 794 3427 etiam
810 3379 919 3426 alias
945 3378 1112 3426 formas
1136 3381 1350 3444 proponit
1430 3387 1611 3435 tarunt,
1629 3386 1679 3424 ut
1696 3378 1908 3442 deinceps
1936 3379 2217 3444 inquirerent
2233 3412 2246 3432 ‚
2270 3385 2429 3424 utrum

341 3468 388 3508 et
422 3460 623 3509 discutit.
1432 3458 1655 3518 validum,
1679 3476 1737 3506 an
1751 3453 1858 3507 vero
1873 3459 2126 3507 invalidum
2144 3458 2428 3506 censendum

382 3541 471 3603 (2)
507 3539 601 3588 Cfr.
648 3540 770 3604 apud
815 3539 1116 3589 Muratorium
1135 3578 1148 3600 7
1185 3543 1235 3588 in
1268 3559 1342 3605 op.
1425 3542 1483 3587 sit
1507 3539 1732 3603 baptisma
1749 3541 1824 3603 tali
1853 3540 1924 3588 vel
1952 3540 2032 3587 tali
2061 3539 2205 3586 forma
2230 3539 2429 3587 ‘admini-

339 3619 568 3685 Litarqia
585 3621 802 3669 Romana
818 3629 950 3669 vetus
967 3660 980 3682 7
998 3621 1170 3672 Venet.
1197 3621 1338 3689 1748,
1426 3632 1637 3670 stratum.
1675 3622 1732 3670 Et
1755 3626 1876 3671 enim
1891 3621 2061 3686 absque
2104 3622 2227 3684 gravi
2250 3620 2428 3684 piaculo

329 3709 454 3751 stom.
483 3719 530 3766 t,
562 3703 648 3752 col.
676 3701 773 3768 570
801 3713 845 3753 et
871 3700 988 3769 596.
1425 3706 1603 3753 nemini
1642 3705 1710 3754 fas
1743 3714 1808 3754 est
1852 3721 1878 3751 a
1913 3707 2094 3767 recepta
2133 3704 2184 3751 in
2227 3700 2427 3750 Ecclesia
