2502 4186
749 228 870 269 CAP.
918 231 1009 266 111.
1041 230 1124 265 -nn
1166 226 1576 267 conressloims
1611 287 1614 290 .
2092 203 2206 263 437

90 371 433 432 interiorem
465 372 880 453 poenitentium
909 371 1146 430 statum.
1169 370 1323 431 Hinc
1342 414 1359 443 ,
1391 392 1463 429 ex
1486 369 1695 429 timore
1720 389 1786 427 se
1808 365 2037 449 publice
2066 388 2208 447 pro-

93 465 272 525 dendi
306 466 706 526 lethiferorum
731 465 1036 536 criminum
1064 485 1252 536 reum,
1279 465 1375 525 vix
1397 464 1771 545 reperiretur,
1795 463 1894 544 qui
1909 461 2205 521 accederet

95 561 171 620 ad
207 560 318 619 hoc
355 560 964 639 Sacramentumj(l).,
993 559 1336 618 Jansenistis
1361 604 1376 632 7
1430 569 1497 616 ut
1535 579 1640 638 par
1687 569 1845 632 erat,
1897 553 2205 615 subscribit

95 655 350 735 synodus
371 656 735 714 PistOriensis
755 699 771 729 7
796 656 955 731 cujus
978 652 1295 734 propositio
1323 652 1564 710 XXXIX
1588 678 1604 711 ε
1641 654 1980 712 Declaratio
1996 653 2211 730 synodi

97 750 167 807 de
185 753 571 828 peccatorum
613 750 944 808 venialium
985 745 1394 825 Confhssione‚
1423 767 1611 826 quam
1649 757 1852 825 optare
1889 767 1951 805 se·
1975 744 2070 811 ait
2090 768 2214 806 non

100 853 400 922 tantopere
409 845 818 921 frequentari,
836 864 910 901 ne
927 845 1193 900 nimium
1209 838 1674 921 contemptibiles
1697 841 2035 899 reddantur
2061 846 2217 919 cyna-1

99 938 266 998 modi
278 936 718 1016 C'cmfesszones,
737 940 1084 1008 temeraria,
1098 932 1466 1014 perniciosa,
1491 936 1851 1006 Sanctorum
1867 956 1939 992 ac
1961 939 2215 1013 piorwm

88 1035 329 1112 praeci
305 1053 343 1089 a
367 1032 428 1089 S.
463 1032 639 1092 Conc.
676 1031 847 1092 Trid.
854 1032 1132 1112 probatos
1154 1035 1466 1089 contraria
1487 1028 1856 1104 declaratui,
1888 1040 1947 1088 et
1970 1030 2212 1111 proscri-

101 1125 259 1184 bitur
290 1147 322 1183 a
350 1125 474 1184 Pio.
508 1126 629 1184 VI
612 1148 675 1184 m
706 1126 912 1206 saepius
948 1126 1046 1184 cit.
1083 1126 1281 1185 Const'.
1304 1125 1619 1185 Auctorem
1637 1126 1799 1204 fidei.

107 1266 110 1268 »
189 1220 324 1279 176.
370 1220 472 1278 His'
493 1220 691 1302 itaque
712 1219 1098 1281 Novatorihus
1126 1220 1477 1302 opponimus
1510 1218 1794 1301 inprimis
1786 1221 2221 1279 auctoritatem·

104 1314 341 1375 Concilii
356 1315 713 1396 Trid.'quod‚
737 1322 875 1375 seSS.
903 1317 1060 1390 XIV,
1078 1336 1205 1397 cap.
1236 1317 1282 1373 V
1301 1359 1318 1390 .,
1342 1315 1468 1374 haec
1486 1312 1666 1374 habeb
1689 1337 1703 1373 ε
1727 1314 1902 1375 Nam'
1921 1308 2217 1389 venialia,

104 1411 329 1489 quibus
363 1432 402 1468 a
429 1414 636 1489 qratia
673 1411 793 1470 Dei
819 1415 954 1470 'non
997 1411 1420 1481 excludimur,
1463 1421 1519 1468 et
1552 1414 1622 1468 in
1668 1426 1802 1489 quoe
1835 1404 2220 1489 finequentius

105 1506 412 1574 labimur,
450 1509 731 1584 quamvis
774 1509 922 1564 recte
961 1515 1016 1563 et
1044 1507 1279 1563 utiliter
1310 1508 1584 1584 citraque
1618 1502 1850 1563 omnem
1870 1499 2222 1585 proesumpss·

105 1603 340 1659 tionem*
362 1606 432 1658 in
471 1601 843 1678 Confessione
882 1602 1194 1667 dicantur,
1244 1601 1407 1679 quod
1430 1603 1686 1678 piorum
1720 1601 2037 1658 bominum·
2077 1593 2224 1659 usus

107 1695 505 1766 demonstrat,
549 1700 740 1753 taceri
772 1703 972 1754 tamen
1003 1698 1159 1753 citra
1190 1697 1434 1774 culpam
1448 1736 1470 1766 ,
1501 1697 1824 1774 multisque
1853 1690 2004 1753 aliis
2031 1717 2220 1754 reme-

109 1791 235 1852 diis
259 1794 502 1868 eorpiari
497 1793 789 1868 possunt.
828 1788 1083 1848 Venialia
1104 1789 1280 1869 igitur
1306 1788 1623 1849 confitendi
1666 1791 1864 1872 praxis
1897 1812 1929 1848 a
1957 1789 2222 1886 patribus

106 1882 458 1943 Tridentinis
496 1904 846 1966 magnopere
880 1884 1331 1960 commendatur
1367 1896 1646 1966 tanquam
1688 1897 1844 1944 recta
1871 1898 1930 1944 et
1969 1888 2138 1943 utilis
2167 1896 2226 1944 et

103 1978 336 2060 piorum
367 1978 678 2038 hominum
713 1980 846 2038 usui
877 1991 1282 2039 consentanea.

107 2104 125 2135 '.
191 2075 330 2134 177.
379 2076 509 2135 Non
542 2074 711 2133 reddi
747 2079 946 2134 autem
985 2073 1494 2157 contemptibilem
1531 2073 1682 2133 hanc
1726 2075 2045 2136 venialium
2072 2075 2230 2134 Con-

100 2168 441 2245 sessionem,
466 2169 513 2251 si
535 2170 1027 2250 frequentaretur3
1042 2181 1268 2229 constat
1292 2192 1362 2238 ex
1388 2170 1475 2246 iis,
1501 2190 1627 2251 quae
1649 2169 1849 2229 scribit
1879 2172 1939 2228 S.
1962 2170 2229 2228 Francis-

111 2285 210 2323 cus
250 2263 498 2324 Salesius
531 2265 555 2346 (
588 2269 747 2342 cujus
788 2263 897 2323 hac
931 2265 992 2322 in
1051 2287 1114 2324 re
1152 2265 1463 2325 auctoritas
1502 2266 1699 2346 magni
1744 2265 2010 2325 facienda
2053 2267 2228 2345 est),

111 2357 254 2416 dum
278 2359 357 2417 sic
394 2359 566 2418 docet
601 2358 926 2418 Philoteam
966 2381 981 2418 :
1030 2360 1309 2437 Confitere
1337 2361 1653 2418 humiliter
1685 2371 1741 2418 et
1774 2362 1965 2418 devote
1995 2365 2065 2418 in
2087 2361 2227 2419 beb-

111 2454 371 2512 domaa'a
384 2497 405 2526 ,
425 2465 499 2527 et,
520 2458 575 2512 si
579 2454 724 2532 fieri
727 2464 934 2533 potest,
965 2455 1050 2512 ad
1057 2475 1295 2513 sacram
1314 2461 1581 2534 synaain
1608 2456 1831 2528 accede,
1859 2459 1970 2513 etsi
1998 2456 2232 2512 nullius

102 2554 342 2628 peccati
370 2552 580 2628 yravis
617 2553 1041 2608 conscientiam
1084 2550 1339 2615 babeas;
1377 2556 1668 2629 quoniam
1699 2572 1817 2630 per
1854 2551 2233 2613 Paenitentiae

113 2644 570 2704 Sacramentum
607 2664 729 2702 non
786 2655 1023 2703 tantum
1062 2667 1101 2703 a
1129 2647 1471 2704 venialibus
1510 2652 1684 2704 noxis
1718 2648 1996 2724 confessis
2038 2646 2236 2703 absol·-

115 2742 270 2796 veris
282 2781 304 2810 ,
327 2740 430 2798 sed
450 2760 736 2819 maynam
758 2741 875 2798 tibi
892 2741 1272 2819 comparabis
1295 2745 1422 2802 vim,
1453 2741 1538 2800 ad
1564 2762 1662 2799 eas
1690 2741 1990 2816 evitendas
2001 2783 2024 2812 ,
2073 2760 2234 2819 may-

187 2957 202 3019 (
213 2958 261 3021 1)
290 2957 390 3007 Cfr.
433 2957 664 3008 Habertus
688 2996 702 3020 ,
742 2959 1005 3010 Vabrorum
1037 2961 1136 3009 An-

119 3042 244 3088 tistes
275 3076 290 3101 ‚
338 3041 419 3105 qui
463 3041 514 3087 in
546 3043 757 3090 examine
802 3043 911 3091 libri
941 3041 1014 3092 De
1035 3045 1134 3108 fre·

119 3122 285 3185 quenti
315 3123 648 3169 communione
674 3159 689 3183 ‚
714 3122 806 3171 hoc
833 3126 934 3190 jam
974 3125 1137 3174 adver—

122 3212 257 3261 terat,
277 3203 478 3251 scribens
496 3221 509 3251 ε
526 3200 720 3251 Judicet
737 3202 896 3263 lector,
914 3207 1133 3270 quoi-sta,

120 3300 264 3348 quam
302 3291 433 3331 tanto
460 3284 709 3332 molimine
734 3282 1050 3351 Sancyranus
1065 3290 1135 3336 ni·

124 3365 310 3413 tebatur
355 3366 582 3414 inducere
604 3404 616 3425 ‚
670 3367 875 3415 collimat
917 3369 1136 3417 doctrina

121 3448 179 3494 de
230 3447 460 3495 abolenda
505 3457 809 3513 peccatorum
869 3450 1136 3498 venialium

127 3530 462 3595 Confessione,
530 3541 583 3578 ut
635 3548 800 3597 nempe
855 3533 1132 3597 Confessio,

123 3629 229 3676 qum
253 3615 404 3678 juxta
439 3614 563 3661 hanc
605 3614 873 3662 methodum
909 3616 1047 3678 fieret
1077 3607 1140 3663 de⁸

126 3693 237 3740 solis
255 3697 464 3759 peccatis
482 3695 763 3744 mortalibus
780 3734 792 3757 ‚
810 3696 1026 3761 proderet
1032 3714 1126 3761 pa·

1225 2960 1319 3011 lam
1350 2964 1627 3011 interiorem
1645 2962 1986 3028 poenitentium
2030 2967 2203 3008 statum
2221 2995 2236 3023 ,

1226 3045 1442 3090 animam
1467 3051 1730 3091 emortuam
1746 3042 2006 3107 infamium
2032 3050 2075 3088 et
2100 3039 2238 3088 lechi-

1216 3125 1430 3190 ferorum
1462 3126 1723 3173 criminum
1754 3123 1974 3171 sordibus
2001 3129 2235 3188 opertam.

1223 3206 1308 3255 Sic
1347 3209 1478 3254 enim
1533 3206 1863 3270 Confessionis
1911 3221 2072 3265 onae,
2112 3202 2238 3270 quod

1207 3292 1321 3356 jam
1359 3290 1474 3336 inde
1501 3298 1544 3336 et
1567 3306 1661 3355 per
1702 3305 1751 3336 se
1782 3290 1904 3337 satis
1946 3304 2091 3351 yrave
2138 3294 2240 3344 est,

1221 3372 1487 3436 efficeretur
1507 3374 1673 3420 minus
1691 3369 1942 3421 ,tolerabile
1961 3407 1974 3428 ‚
2011 3377 2150 3431 atque
2172 3369 2242 3412 ita

1219 3461 1350 3501 metu
1368 3471 1417 3501 se
1441 3453 1680 3519 prodendi
1717 3462 1760 3501 et
1794 3450 2026 3505 reddendi
2045 3447 2238 3514 publice

1220 3536 1454 3600 infamem
1477 3574 1489 3594 ‚
1512 3535 1754 3600 quilibeta
1780 3532 2088 3596 Confessione
2106 3544 2238 3577 aver·

1214 3611 1399 3670 ¹teretur
1412 3619 1434 3666 .'
1456 3617 1609 3682 Quem
1620 3617 1772 3681 fuisse
1790 3614 2095 3678 praecipuum
2110 3605 2241 3659 San-

1220 3701 1395 3761 cyrani
1422 3715 1616 3763 scopum
1635 3733 1651 3758 ‚
1684 3697 1799 3743 satis
1830 3692 2237 3759 emploratum‘est.
