2502 4186
899 238 1222 277 TRACTATUS
1264 241 1333 277 DE
1376 241 1788 284 EUCHARISHA..

281 218 400 279 328

163 427 171 434 ,
197 408 200 412 ’
280 379 701 442 Eucharistiam
732 379 1020 440 inservire
1048 371 1218 462 posse
1237 427 1253 457 7
1279 394 1348 441 ut
1376 394 1578 466 aptam
1600 385 1934 462 materiam,
1973 391 2268 474 quidquid·
2287 393 2411 454 vini

281 477 408 536 loco
443 473 567 533 bibi
600 473 749 534 solet
779 475 889 555 (l).
927 477 1030 549 Ast
1062 498 1203 537 vero
1231 477 1306 536 ad
1339 478 1518 540 fidem
1557 482 1816 562 pertinet
1835 527 1851 556 7
1883 481 2073 543 solum
2100 489 2306 549 vinum
2329 489 2414 551 de

277 572 400 633 vite
425 569 810 630 necessariam
836 591 962 630 esse
993 570 1166 650 liujus
1200 574 1561 635 Sacramenti
1584 588 1644 635 et
1668 578 1937 638 Sacrificii
1962 582 2268 642 materiam
2292 630 2307 660 7
2345 596 2413 643 ut

283 677 451 750 patet
487 687 559 726 ex
595 665 830 726 decreto
859 667 1099 746 Eugenii
1136 669 1212 728 IV
1238 691 1345 751 pro
1384 672 1652 752 Armenjs
1690 695 1703 731 ε
1762 674 1819 734 T
1813 662 2039 733 entium
2069 686 2154 735 est
2175 678 2417 739 Eucha-

284 769 476 824 ristioe
499 764 965 823 Sacramentum
985 808 1001 839 7
1029 769 1205 843 cujus
1229 772 1491 826 materia
1513 779 1595 827 est
1609 774 1803 848 panis
1825 775 2096 831 triticeus
2116 782 2173 831 et
2197 778 2418 834 vinum

284 860 529 919 devite.

267 1042 271 1046 ⁸
370 955 518 1016 3497
564 957 786 1015 Veritas
834 967 1033 1016 autem
1070 962 1194 1036 ejus
1224 969 1455 1018 constat
1490 979 1564 1018 ex
1598 960 1811 1022 Matth.
1840 963 2058 1040 XXVI,
2096 964 2177 1023 29
2199 1010 2214 1040 7
2243 976 2421 1047 atque

285 1073 361 1113 ex
381 1053 520 1112 Luc.
547 1052 707 1110 XXII
727 1096 743 1127 7
777 1051 851 1112 18
867 1098 884 1131 7
907 1051 1010 1111 ubi
1035 1053 1240 1114 vinum
1261 1076 1293 1113 a
1313 1054 1542 1114 Christo
1559 1055 1808 1116 in-coena
1828 1056 2157 1119 adhibitum
2180 1073 2423 1122 vocatur

283 1154 568 1231 genimen
618 1153 761 1208 vitis
774 1173 801 1223 ,-
849 1168 958 1209 nec
994 1149 1057 1208 id
1107 1150 1437 1210 diffitentur
1486 1151 1803 1213 adversarii
1853 1155 1964 1237 ipsi
2016 1157 2128 1236 (2).
2179 1158 2423 1217 Constat

282 1256 575 1329 praeterea
603 1264 676 1303 ex
709 1255 995 1326 perpetua
1025 1245 1285 1305 Ecclesiae
1307 1247 1627 1308 traditione
1655 1261 1715 1308 et
1745 1251 1935 1332 praxi.
1967 1252 2199 1312 Etenim
2223 1255 2423 1313 Conci-

288 1341 437 1400 lium
451 1339 932 1420 Carthaginiense
950 1340 1030 1399 111
1055 1341 1304 1400 statuit':
1336 1343 1413 1402 Ut
1429 1345 1592 1403 nihil
1606 1348 1878 1426 amplius
1899 1348 2217 1427 offeratur,
2236 1370 2425 1429 quam

358 1535 425 1600 (l)
442 1534 497 1583 Id
511 1543 690 1584 constat
702 1552 755 1583 ex
767 1533 906 1598 Beza,
919 1536 1000 1602 qui
1021 1533 1074 1583 E
1067 1535 1187 1601 pist.
1204 1552 1317 1596 xxv,
1401 1537 1613 1585 omittere
1632 1538 1830 1588 mallent
1845 1577 1856 1600 7
1871 1557 2018 1605 quam
2043 1539 2267 1602 ἐπίλογον
2290 1541 2429 1591 aliud

296 1618 398 1666 haec
426 1617 588 1666 scribit
623 1617 887 1682 :Rogatus
926 1619 1030 1683 pice
1076 1620 1321 1666 memoriae

291 1702 372 1749 vir
404 1700 475 1749 D.
501 1699 736 1748 Calvinus
759 1717 790 1748 a
819 1700 1060 1765 fratribus
1077 1739 1094 1761 ,
1117 1703 1322 1765 quitum

296 1785 354 1831 in
382 1781 434 1831 A
440 1784 619 1831 merica
635 1789 805 1844 erunt,
841 1781 930 1829 ubi
943 1781 1107 1830 nullus
1124 1789 1194 1830 est
1212 1783 1325 1830 vini

296 1882 446 1926 usus,
478 1865 699 1912 liceretne
732 1882 825 1930 pro
856 1866 969 1912 vino
1001 1866 1076 1912 uti
1105 1866 1161 1911 in
1187 1881 1322 1912 coena

297 1933 513 1996 Domini
542 1947 617 1995 vel
655 1964 782 2011 aqua
810 1946 1054 2012 simplici,
1085 1964 1180 2010 qua
1214 1947 1322 2011 ple-

298 2047 501 2096 ramque
518 2029 621 2077 illic
641 2037 874 2090 utuntur,
903 2028 977 2076 vel
988 2027 1083 2076 alio
1107 2028 1208 2076 illic
1225 2045 1325 2077 non

298 2116 541 2163 inusitato
558 2113 775 2178 potionis
795 2125 1001 2177 qenere;
1046 2110 1294 2176 respondit
1310 2148 1323 2172 7

297 2196 454 2262 fuisse
474 2198 531 2244 in
574 2195 660 2243 hoc
687 2193 986 2241 instituendo
1012 2190 1327 2242 Sacramento

300 2279 561 2328 consilium
580 2313 594 2336 ‚
640 2286 696 2324 ut
730 2276 1008 2343 spiritualis
1038 2275 1287 2324 alimonica
1312 2313 1325 2333 7

303 2363 356 2410 id
400 2372 496 2418 est,
531 2362 613 2409 sui
644 2362 799 2426 ipsius
825 2359 1038 2408 κοινωνίαν
1067 2359 1203 2406 ‘nobis
1242 2358 1329 2406 sub

305 2446 577 2495 communis
610 2445 712 2493 cibi
739 2460 796 2492 ac
829 2452 975 2508 potus
1002 2442 1228 2507 symbolis
1255 2459 1331 2490 re-

300 2514 618 2596 praesentaret
630 2564 646 2584 ,
662 2543 719 2575 ac
724 2527 937 2593 proinde
951 2563 967 2588 ‚
987 2529 1033 2575 si
1046 2543 1145 2574 non
1157 2526 1333 2591 fuisset

307 2625 412 2664 tum
443 2615 499 2662 in
528 2612 703 2662 Judaea
735 2613 1008 2661 communis
1037 2612 1148 2658 vini
1178 2625 1296 2657 usus
1315 2646 1330 2670 ,

302 2695 481 2765 procul
499 2696 644 2744 dubio
661 2694 762 2744 alia
786 2695 983 2760 vulqari
999 2695 1192 2760 potione
1212 2709 1332 2740 usu-

312 2797 425 2828 rum
448 2779 635 2845 fuisse,
675 2777 803 2843 quod
834 2794 892 2825 ex
917 2779 1078 2842 ipsius
1111 2792 1248 2840 scopo
1276 2791 1334 2822 ao

316 2861 516 2911 consilio
549 2861 715 2926 liquet.
741 2859 913 2925 Itaque
938 2859 1071 2908 nihil
1088 2877 1120 2907 a
1148 2858 1336 2906 Christi

313 2943 513 2993 consil-io
542 2960 600 2992 ac
639 2942 876 2991 voluntate
915 2942 1130 2990 alienam
1175 2942 1335 3007 facere

318 3028 508 3083 videri,
541 3028 629 3091 qni
654 3042 752 3073 non
782 3034 1053 3091 contemptu
1089 3041 1238 3089 neque
1267 3030 1335 3070 te-

269 3116 276 3125 ‘
317 3113 534 3159 meritate
554 3146 567 3169 7
601 3109 682 3167 sed
709 3110 821 3174 ipsa
840 3110 1115 3156 necessitate
1140 3105 1302 3154 adacti
1320 3143 1332 3166 7

311 3211 406 3262 pro
430 3196 544 3243 vino
574 3192 715 3241 aliud
728 3195 784 3240 in
809 3194 874 3240 iis
892 3190 1166 3256 reqionibus
1183 3192 1338 3238 usita-

324 3285 382 3324 toe
418 3277 635 3342 potionis
675 3291 826 3338 qenus
874 3280 1182 3340 usurparent.
1226 3271 1338 3319 Hoc

322 3359 394 3408 D.
431 3356 628 3406 Caluini
655 3373 935 3423 responsum
952 3397 968 3418 ,
998 3365 1052 3404 at
1065 3357 1243 3421 optima
1260 3372 1338 3402 ra-

321 3445 449 3490 tione
463 3443 637 3489 ni'xum
656 3449 700 3487 et
720 3439 909 3487 Christi
920 3437 1123 3487 consilio
1138 3455 1336 3485 consen-

319 3533 518 3572 taneum
537 3561 549 3583 7
575 3530 735 3571 noster
762 3531 908 3570 coetus
930 3521 1046 3569 adeo
1062 3521 1338 3586 comproba-

320 3608 392 3654 vit
410 3643 423 3666 7
454 3615 508 3654 ut
537 3623 612 3654 eos
627 3606 949 3672 superstitiose
959 3603 1120 3668 facere
1145 3620 1339 3651 censue-

319 3692 420 3745 rit,
465 3690 554 3754 qui
601 3706 631 3736 a
673 3690 783 3736 vini
807 3686 1011 3753 symbolo
1037 3703 1184 3751 usqu-e
1219 3685 1335 3734 adeo

312 3771 604 3837 penderent,
646 3779 703 3821 ut
742 3769 941 3820 alteram
970 3770 1125 3818 ‘coenae
1144 3777 1335 3835 partem

1401 1620 1668 1684 symbolum
1687 1659 1700 1683 7
1749 1623 1822 1671 ita
1875 1631 2067 1688 coqente
2110 1627 2387 1673 necessitate
2414 1662 2428 1687 7

1405 1719 1657 1769 usurpare.
1671 1704 1726 1752 Id
1737 1708 1890 1770 ipsum
1902 1709 2050 1755 tenuit
2064 1708 2116 1755 M
2121 1708 2424 1765 elanchthon‚

1404 1787 1485 1850 qui
1507 1787 1558 1832 in
1586 1785 1706 1834 libro
1727 1783 1799 1833 De
1818 1803 1912 1834 usa
1933 1788 2112 1852 inteqri
2123 1787 2429 1837 Sacramenti

1404 1866 1561 1914 scribit
1578 1904 1592 1927 7
1625 1867 1866 1916 Ruthenos
1891 1868 1950 1916 ob
1972 1871 2065 1917 vini
2082 1873 2289 1935 inopiam
2306 1881 2428 1919 recte

1405 1948 1604 1996 facturos
1622 1986 1635 2007 7
1664 1951 1701 1996 si
1739 1967 1820 2012 pro
1839 1967 1893 1996 eo
1920 1963 2193 2015 usurparent
2211 1949 2262 2000 τὲ
2300 1950 2430 2018 adpost-

1406 2041 1516 2091 μελι
1535 2066 1551 2091 ,
1568 2030 1658 2078 hoc
1674 2040 1765 2090 est,
1795 2048 1965 2095 aquam
1983 2032 2213 2080 mellitam
2232 2050 2314 2082 seu
2328 2050 2431 2081 me-

1409 2112 1596 2160 donem.
1616 2111 1807 2160 Vossius
1823 2115 1995 2178 pariter
2010 2113 2132 2163 hanc
2154 2117 2432 2164 sententiam

1410 2194 1652 2259 amplexus
1678 2205 1764 2244 est.
1788 2194 1856 2244 Ita
1891 2198 1963 2244 isti
1992 2214 2073 2261 pro
2102 2213 2327 2263 suprema
2342 2214 2435 2264 po-

1416 2285 1599 2338 testate,
1617 2296 1708 2344 qua
1732 2278 1928 2343 pollent7
1946 2296 2025 2327 seu
2045 2298 2186 2346 quam
2204 2280 2291 2328 sibi
2307 2298 2435 2329 arro-

1412 2371 1521 2425 gant
1541 2399 1554 2420 7
1589 2363 1673 2426 qui
1693 2362 1833 2408 nihil
1863 2360 2030 2410 volunt
2063 2381 2159 2412 esse
2185 2363 2435 2411 admitten-

1413 2444 1527 2514 dum
1547 2480 1560 2506 7
1593 2446 1680 2492 nisi
1712 2441 1840 2510 quod
1867 2447 1917 2492 in
1939 2443 2174 2509 Scriptura
2202 2448 2433 2510 conceptis

1413 2527 1567 2576 verbis
1600 2530 1895 2589 continetur,
1930 2529 2105 2593 quique
2127 2530 2291 2576 acriter
2307 2531 2434 2577 inse-

1414 2619 1648 2658 ctarentur
1666 2610 1788 2658 hanc
1799 2612 2075 2663 sententiam
2093 2612 2142 2656 in
2158 2608 2429 2670 Catholicis,

1415 2695 1453 2739 si
1468 2694 1614 2756 ipsam
1629 2691 1941 2756 adoptassent.
1959 2690 2050 2740 Sed
2064 2691 2435 2757 protestantibus

1416 2776 1572 2822 omnia
1594 2773 1749 2822 licent.

1480 2855 1548 2918 (2)
1587 2854 1859 2903 Notandum
1881 2872 2038 2921 porro,
2065 2855 2204 2905 verba
2233 2857 2432 2906 adducta

1416 2954 1475 2986 ex
1508 2937 1730 2986 Matthaeo
1748 2948 1792 2986 et
1818 2938 1941 2987 Luca
1971 2957 2066 2987 non
2081 2940 2222 2988 fuisse
2239 2939 2431 3006 quidem

1414 3021 1594 3086 prolata
1632 3022 1689 3068 de
1717 3024 1827 3069 vino
1845 3031 2110 3070 consecrato
2131 3059 2143 3081 7
2174 3023 2252 3070 sed
2271 3023 2327 3071 de
2343 3023 2431 3070 alio

1416 3103 1738 3170 pocu107quod
1753 3120 1809 3152 ex
1824 3103 2255 3152 moreHebraeorum
2275 3100 2430 3153 sume-

1417 3186 1556 3235 batur
1578 3187 1664 3234 sub
1696 3186 1836 3234 finem
1852 3203 2019 3249 coenae3
2048 3197 2255 3236 attamen
2271 3206 2322 3235 ex
2341 3187 2432 3235 illis

1419 3273 1690 3335 satisaperte
1704 3269 1953 3334 colligitur7
1968 3272 2129 3317 vinum
2144 3269 2260 3317 illud
2278 3306 2291 3332 7
2310 3268 2437 3334 quod

1420 3352 1631 3401 Christus
1671 3354 1850 3401 vocavit
1884 3353 2110 3416 qenimen
2152 3352 2269 3398 vitis
2288 3387 2301 3410 7
2339 3367 2439 3399 esse

1421 3436 1478 3484 de
1501 3436 1667 3483 eodem
1697 3436 1825 3495 vino,
1852 3435 1980 3499 quod
2003 3436 2051 3481 in
2080 3433 2249 3498 poculo
2263 3449 2436 3497 praeoe-

1422 3518 1559 3566 dente
1590 3527 1951 3568 consecraverat.
1968 3515 2182 3564 Ceterum
2206 3531 2265 3562 ex
2292 3514 2438 3562 tradi-

1422 3603 1548 3649 tione
1563 3600 1815 3648 talmudioa
1829 3607 2008 3647 constat
2023 3635 2036 3656 7
2054 3607 2254 3663 quatuor
2270 3597 2438 3645 solem-

1417 3701 1498 3731 nes
1542 3684 1638 3731 vini
1667 3682 1827 3730 calices
1856 3683 1907 3728 in
1944 3697 2072 3728 coena
2103 3678 2305 3744 paschali
2337 3678 2436 3727 bibi

1419 3767 1711 3814 consuevisse
1729 3780 1744 3828 ;
1771 3773 2018 3831 postquam
2033 3779 2141 3813 vero
2154 3772 2347 3828 quartus
2360 3778 2439 3810 ea-
