2502 4186
719 233 844 271 cAP.
893 209 971 273 iv.
1019 233 1088 269 nn
1129 230 1574 271 sumnnrmnn.
2087 205 2203 264 453

87 380 383 458 ynitatem
425 377 809 435 Sacramenti
831 373 974 432 adeo
1006 375 1356 445 necessarii,
1390 373 1647 430 liberam
1672 390 1714 429 a
1732 370 2201 440 subtilitatibus,

91 494 226 551 quoe
265 475 390 550 ipsi
411 472 668 529 decursu
704 473 984 548 temporis
1012 469 1317 545 adjunctae
1342 477 1519 532 sunt3
1554 472 1731 544 quasi
1754 486 1872 544 per
1889 466 2159 524 ordinem
2178 505 2201 535 ,

92 588 207 645 quo
232 570 360 624 sine
378 575 624 645 peracto
650 568 974 623 canomicoe
1000 563 1380 621 Poeni'tentioe
1404 583 1590 620 cursu
1612 562 1716 619 boc
1740 563 2202 620 Sacramentum

81 681 201 739 per
215 671 394 718 totam
405 660 738 719 Ecclesiam
753 659 893 715 adm
901 658 1183 716 inisti-ami
1195 660 1518 727 consuevit,
1534 656 2202 734 illiusf'uicsetdzjqnitae

93 758 461 823 imminuta,
488 751 813 811 declaratur
841 753 1186 820 temeraria,
1211 751 1587 821 scandaloca,
1610 750 1938 808 conducens
1969 753 2038 808 in
2060 770 2199 808 con-

92 859 381 928 temptum
435 848 755 927 diynitatic
793 846 1202 908 Sacramenti,
1249 854 1442 921 prout
1482 864 1602 922 per
1640 842 1973 902 Ecclesiam
2017 854 2199 902 totam

91 946 393 1001 consuevit
412 943 848 999 administrari
866 983 884 1013 ‚
911 940 1191 998 Ecclesioe
1211 942 1336 1016 ipsi
1353 941 1655 1015 injuriosa
1674 980 1689 1010 ,
1713 937 1778 994 in
1804 938 2000 995 Const.
2029 939 2204 997 Auc-

89 1047 271 1096 torem
309 1037 473 1112 fi'dei.
1179 1090 1182 1093 ⁴

168 1131 310 1190 220.
364 1131 429 1190 3⁰
459 1129 717 1195 Observo
742 1177 758 1207 ‚
795 1130 1211 1208 Poenitentiam
1247 1130 1585 1190 canonicam
1622 1130 1861 1189 nonnisi
1895 1130 2084 1189 seculo
2123 1134 2201 1189 111

85 1224 320 1285 labente
349 1248 422 1286 ex
454 1227 749 1286 occasione
780 1225 1013 1285 haeresis
1042 1226 1504 1285 Novatianorum
1543 1223 1617 1282 ab
1652 1224 1930 1284 Eccclesia
1962 1225 2204 1284 institu-

85 1332 209 1379 tam
233 1321 405 1380 fuisse
426 1366 441 1395 .,
477 1333 535 1380 et
560 1320 797 1402 quidem
826 1320 901 1379 ad
924 1321 1033 1379 tria
1066 1331 1298 1378 tantum
1324 1318 1533 1378 delicta
1563 1319 1878 1379 coercenda
1903 1342 1916 1377 ε
1953 1319 2202 1379 idolola-

84 1417 258 1474 triam
296 1415 596 1490 videlicet.,
642 1415 951 1475 moechiam
988 1426 1046 1474 et
1077 1412 1455 1474 homicidium
1497 1413 1620 1494 (l);
1661 1435 1770 1473 nec
1809 1414 2078 1472 omnibus
2108 1416 2202 1472 in-

84 1508 526 1569 discriminatim
595 1509 864 1570 fidelibus
894 1511 920 1583 ‚⁴
946 1565 949 1569 Δ
980 1508 1083 1569 sed
1146 1509 1316 1568 certis
1379 1519 1615 1567 tantum
1676 1496 1742 1567 ac
1807 1508 2195 1570 determinato

83 1604 520 1664 individuorum
553 1606 728 1665 coe-tui
766 1606 938 1665 fuisse
976 1606 1333 1683 injunctam3
1376 1602 1813 1684 excipiebantur
1843 1605 1998 1663 enim
2028 1604 2100 1663 ab
2133 1626 2201 1664 ea

85 1698 277 1774 clerici
299 1705 568 1778 majores,
596 1699 945 1780 quandoque
963 1701 1139 1757 etiam
1165 1698 1469 1771 muliereS‚
1493 1707 1552 1756 et
1579 1699 1890 1776 conjugati,
1910 1700 2170 1775 juniores
2174 1742 2196 1769 ,

84 1806 196 1855 etc.
234 1794 353 1876 (2);
395 1794 741 1876 delictorum
773 1805 1053 1875 praeterea
1086 1793 1457 1876 publicorum
1489 1814 1618 1852 reos
1652 1792 1843 1852 eidem
1889 1793 2072 1853 fiiisse-
2092 1792 2196 1851 ad-

83 1889 262 1948 dictos
286 1933 302 1962 ,
343 1887 487 1947 adeo
525 1899 591 1946 ut
619 1887 770 1946 nulli
798 1888 1171 1968 adigerentur
1200 1887 1274 1946 ad
1298 1909 1426 1946 eam
1457 1888 1906 1962 Poenitentiam‚
1947 1889 2061 1946 nisi
2094 1891 2196 1970 qui

80 1983 299 2042 fuerint
339 1983 402 2040 in
434 1985 528 2059 jus
568 1983 756 2043 vocati
805 1994 864 2042 et
907 1982 1152 2059 juridice
1205 1982 1456 2040 convicti
1491 2025 1507 2053 ,
1562 1993 1634 2039 ut
1673 1982 1890 2062 passim
1918 1993 2191 2042 *testatur

79 2079 142 2139 S.
178 2077 526 2157 Augustinus
547 2121 568 2151 ‚
605 2077 925 2158 praesertim
946 2079 1136 2136 Serm.
1185 2076 1460 2147 CCCLI,
1490 2075 1592 2134 ubi
1624 2076 1749 2134 haec
1775 2075 1973 2134 scribit
2015 2098 2027 2134 :
2069 2077 2196 2137 Nos

81 2193 213 2231 vero
243 2194 282 2229 a
314 2176 728 2230 communione
754 2173 1072 2250 probibere
1111 2192 1476 2250 quemquam
1514 2191 1633 2228 non
1667 2191 2025 2248 possumne,
2070 2177 2197 2231 nisi

83 2277 195 2326 aut
231 2278 430 2346 sponte
465 2270 830 2345 confessum,
873 2278 984 2325 aut
1033 2271 1099 2324 in
1134 2269 1336 2344 aliquo
1371 2269 1490 2325 sive
1531 2267 1796 2324 seculari
1851 2270 1970 2324 sive
2018 2269 2193 2326 eccle-

79 2363 558 2439 siasticcjudicio
580 2365 961 2419 nominatum
986 2372 1159 2440 atque
1192 2365 1526 2418 convictum
1558 2360 1676 2441 (3);
1714 2371 1773 2418 et
1805 2359 2055 2419 demum.
2074 2383 2182 2442 pro

81 2477 196 2515 una
234 2456 356 2517 vice
397 2467 630 2515 tantum
651 2501 666 2531 ,
706 2466 880 2537 prout
915 2477 985 2515 ex
1010 2453 1300 2517 veteribus
1337 2454 1735 2515 monumentis
1768 2466 1998 2515 constat.
2023 2455 2131 2535 (4).

153 2648 228 2712 (l)
257 2647 357 2697 cfr.
374 2647 699 2714 Petav.op.cit.
724 2649 809 2697 lib.
829 2663 867 2696 11
890 2666 1018 2714 ,cap.
1037 2665 1087 2709 2,
1184 2660 1339 2698 tamen
1363 2649 1482 2714 lege,
1506 2651 1633 2698 uteie
1650 2653 2189 2700 communio-restituere-

90 2746 142 2777 n.
181 2745 208 2776 2
232 2739 390 2796 etseq.
414 2748 502 2779 nec
532 2748 630 2778 non
655 2729 863 2779 Morinos
881 2766 896 2791 ,
919 2731 1005 2779 lib.
1023 2747 1088 2791 iv,
1182 2741 1258 2780 tur
1289 2733 1339 2779 in
1365 2734 1524 2779 mortis
1552 2732 1766 2780 articulo.
1794 2732 1864 2779 En
1900 2733 2036 2781 verba
2050 2733 2098 2781 S.
2115 2732 2189 2780 Si-

90 2828 190 2877 cap.
229 2827 247 2859 ι
279 2821 324 2859 et
345 2829 476 2878 seqq.
1182 2815 1280 2861 ricii
1291 2851 1308 2873 ,
1328 2811 1493 2878 Epist.
1514 2830 1528 2859 ι
1546 2812 1612 2860 ad
1620 2813 1902 2862 Himerium
1924 2814 2190 2863 Tarracon.

158 2893 222 2957 (2)
254 2891 351 2941 cfr.
371 2892 526 2942 Petav.
545 2893 663 2942 ibid.
683 2893 768 2943 lib.
787 2911 823 2942 11
847 2931 860 2955 ‚
882 2911 984 2959 cap.
1014 2895 1091 2943 13.
1181 2913 1231 2942 n.
1272 2891 1304 2941 6
1342 2911 1355 2941 :
1384 2892 1455 2943 De
1498 2893 1575 2941 his
1628 2911 1734 2942 vero
1774 2911 1873 2942 non
1925 2897 2189 2959 inconqrue

156 2973 220 3037 (3)
256 2974 375 3022 Alias
408 2976 562 3023 Hom.
582 2992 606 3022 1.
623 3011 637 3035 ‚
658 2992 759 3040 cap.
774 2973 806 3039 4
824 3012 838 3036 ,
858 2995 908 3025 n.
949 2992 1024 3024 10.
1181 2975 1372 3023 dilectio
1399 2983 1483 3022 tua
1505 2975 1812 3041 apostolicam
1840 2974 2012 3026 Sedem
2038 2977 2191 3024 credi-

157 3057 221 3120 (4)
260 3055 414 3104 Semel
453 3065 634 3104 tantum
672 3057 904 3121 publicam
940 3057 1095 3105 Poeni-
1181 3058 1255 3106 dit
1275 3055 1644 3114 consulendam,
1664 3060 1750 3122 qui
1780 3065 1886 3105 acta
1907 3059 2192 3122 poenitentia

90 3140 283 3186 tentiam
314 3154 579 3186 concessam
617 3138 782 3187 inutile
820 3156 1006 3204 prorsus
1032 3148 1098 3187 est
1181 3150 1410 3204 tanquam
1452 3155 1595 3186 canes
1639 3155 1695 3187 ac
1737 3156 1843 3186 suec
1882 3139 1948 3186 ad
1987 3141 2190 3187 vomitus

91 3220 326 3267 ostendere
342 3254 359 3280 ,
390 3236 495 3268 cum
517 3220 566 3268 id
591 3219 1006 3285 exploratissimum
1019 3223 1094 3268 sit.
1179 3223 1415 3288 pristinos
1442 3229 1486 3268 et
1520 3220 1767 3269 volutabra
1796 3221 2069 3279 redeuntes,
2101 3231 2187 3270 etc.

90 3299 180 3348 Sed
221 3300 411 3349 fortasse
457 3301 625 3366 aliquis
669 3318 765 3348 non
789 3303 1100 3366 inopportune
1185 3303 1267 3353 De
1293 3302 1464 3368 quibus
1483 3340 1495 3362 ‚
1520 3303 1761 3369 quiajam
1800 3304 2066 3369 suffuqium
2095 3320 2195 3351 non

92 3392 263 3449 quaeret
301 3398 315 3429 ε
349 3382 465 3446 quid
512 3385 650 3446 igitur
684 3392 777 3431 erat
816 3383 873 3431 de
900 3385 955 3431 iis
977 3420 990 3443 ,
1021 3386 1102 3450 qui
1187 3384 1363 3433 habent
1368 3384 1645 3451 poenitendi
1656 3421 1672 3441 ,
1703 3383 1759 3432 id
1783 3384 2010 3432 duximus
2035 3384 2194 3431 decer-

93 3465 235 3513 semel
268 3463 539 3512 Poenitentia
581 3465 820 3529 perfuncta
860 3467 1029 3513 iterum
1054 3467 1105 3513 in
1189 3466 1402 3514 nendum
1419 3502 1435 3527 ‚
1466 3475 1522 3513 ut
1548 3464 1647 3513 ecla
1677 3467 1811 3513 intra
1837 3463 2101 3513 Ecclesiam
2124 3464 2189 3526 fi-

94 3546 253 3594 eadem
273 3555 453 3610 peccata
467 3546 580 3611 lapsi
596 3546 1071 3611 essent'Ichonimus
1089 3585 1102 3608 ‚
1193 3547 1377 3598 delibus
1423 3549 1637 3596 oratione
1674 3550 1956 3611 junqantur
1986 3566 2016 3603 ;›
2047 3561 2195 3592 eacroe

93 3636 315 3675 statutum
345 3628 482 3675 fuisse
496 3662 512 3688 ‚
531 3637 582 3675 ut
603 3644 634 3675 a
657 3627 911 3678 dominicae
936 3645 1109 3678 mensae
1197 3631 1546 3695 Mysteriorum
1561 3628 1822 3678 celebritati
1841 3665 1854 3687 ‚
1871 3627 2088 3691 quamvis
2099 3642 2196 3673 non

94 3709 309 3756 convivio
324 3709 375 3755 r‘n
392 3717 632 3775 postera-m
651 3718 1008 3774 seqreqarentur
1024 3748 1037 3773 ‚
1059 3729 1110 3760 ea
1198 3721 1497 3771 mereantur,
1548 3710 1769 3760 intersint
1808 3728 1833 3771 ς,
1866 3726 1902 3757 a
1943 3708 2197 3757 dominicae
