<?xml version="1.0" encoding="UTF-8"?>
<!DOCTYPE html PUBLIC "-//W3C//DTD XHTML 1.0 Transitional//EN"
    "http://www.w3.org/TR/xhtml1/DTD/xhtml1-transitional.dtd">
<html xmlns="http://www.w3.org/1999/xhtml" xml:lang="en" lang="en">
 <head>
  <title>
</title>
<meta http-equiv="Content-Type" content="text/html;charset=utf-8" />
  <meta name='ocr-system' content='tesseract 3.04.00' />
  <meta name='ocr-capabilities' content='ocr_page ocr_carea ocr_par ocr_line ocrx_word'/>
</head>
<body>
  <div class='ocr_page' id='page_1' title='image "a603693806perruoft_0010.png"; bbox 0 0 2502 4186; ppageno 0'>
   <div class='ocr_carea' id='block_1_1' title="bbox 228 199 1605 264">
    <p class='ocr_par' dir='ltr' id='par_1_1' title="bbox 228 199 1605 264">
     <span class='ocr_line' id='line_1_1' title="bbox 228 199 1605 264; baseline 0.006 -8"><span class='ocrx_word' id='word_1_1' title='bbox 228 199 268 256; x_wconf 85' lang='lat'>2</span> <span class='ocrx_word' id='word_1_2' title='bbox 971 223 1167 264; x_wconf 65' lang='lat' dir='ltr'><strong>macr.</strong></span> <span class='ocrx_word' id='word_1_3' title='bbox 1212 224 1282 261; x_wconf 69' lang='grc' dir='ltr'><strong>ΒΕ</strong></span> <span class='ocrx_word' id='word_1_4' title='bbox 1323 223 1605 264; x_wconf 73' lang='lat' dir='ltr'><strong>BAP‘rlsMO.</strong></span> 
     </span>
    </p>
   </div>
   <div class='ocr_carea' id='block_1_2' title="bbox 227 363 2343 1108">
    <p class='ocr_par' dir='ltr' id='par_1_2' title="bbox 227 363 2343 1108">
     <span class='ocr_line' id='line_1_2' title="bbox 229 363 2335 447; baseline 0.006 -25"><span class='ocrx_word' id='word_1_5' title='bbox 229 365 405 424; x_wconf 89' lang='lat' dir='ltr'><strong>Novae</strong></span> <span class='ocrx_word' id='word_1_6' title='bbox 434 363 596 443; x_wconf 81' lang='lat' dir='ltr'>Legis</span> <span class='ocrx_word' id='word_1_7' title='bbox 637 363 879 424; x_wconf 89' lang='lat' dir='ltr'><strong>minime</strong></span> <span class='ocrx_word' id='word_1_8' title='bbox 915 386 1039 424; x_wconf 86' lang='lat' dir='ltr'><strong>esse</strong></span> <span class='ocrx_word' id='word_1_9' title='bbox 1083 366 1239 424; x_wconf 90' lang='lat' dir='ltr'><strong>inter</strong></span> <span class='ocrx_word' id='word_1_10' title='bbox 1270 387 1331 424; x_wconf 90' lang='lat' dir='ltr'><strong>se</strong></span> <span class='ocrx_word' id='word_1_11' title='bbox 1371 367 1564 447; x_wconf 79' lang='lat' dir='ltr'><strong>paria;</strong></span> <span class='ocrx_word' id='word_1_12' title='bbox 1611 367 1731 426; x_wconf 89' lang='lat' dir='ltr'><strong>sive</strong></span> <span class='ocrx_word' id='word_1_13' title='bbox 1764 367 2002 429; x_wconf 89' lang='lat' dir='ltr'><strong>demum</strong></span> <span class='ocrx_word' id='word_1_14' title='bbox 2045 393 2178 432; x_wconf 90' lang='lat' dir='ltr'><strong>cum</strong></span> <span class='ocrx_word' id='word_1_15' title='bbox 2219 377 2335 435; x_wconf 86' lang='lat' dir='ltr'><strong>ani-</strong></span> 
     </span>
     <span class='ocr_line' id='line_1_3' title="bbox 229 457 2333 545; baseline 0.006 -28"><span class='ocrx_word' id='word_1_16' title='bbox 229 457 651 518; x_wconf 87' lang='lat' dir='ltr'><strong>madvertimus</strong></span> <span class='ocrx_word' id='word_1_17' title='bbox 675 503 693 534; x_wconf 85' lang='lat'>‚</span> <span class='ocrx_word' id='word_1_18' title='bbox 738 458 1218 530; x_wconf 88' lang='lat' dir='ltr'><strong>Tridentinorum</strong></span> <span class='ocrx_word' id='word_1_19' title='bbox 1262 462 1499 531; x_wconf 83' lang='lat' dir='ltr'><strong>Patrum</strong></span> <span class='ocrx_word' id='word_1_20' title='bbox 1543 460 1945 522; x_wconf 83' lang='lat' dir='ltr'><strong>definitionem</strong></span> <span class='ocrx_word' id='word_1_21' title='bbox 1986 487 2080 525; x_wconf 92' lang='lat' dir='ltr'><strong>eos</strong></span> <span class='ocrx_word' id='word_1_22' title='bbox 2127 468 2333 545; x_wconf 72' lang='lat' dir='ltr'><strong>ferire,</strong></span> 
     </span>
     <span class='ocr_line' id='line_1_4' title="bbox 232 550 2340 634; baseline 0.005 -23"><span class='ocrx_word' id='word_1_23' title='bbox 232 550 333 634; x_wconf 83' lang='lat' dir='ltr'><strong>qui</strong></span> <span class='ocrx_word' id='word_1_24' title='bbox 368 551 499 611; x_wconf 87' lang='lat' dir='ltr'><strong>ideo</strong></span> <span class='ocrx_word' id='word_1_25' title='bbox 528 552 688 634; x_wconf 87' lang='lat' dir='ltr'><strong>paria</strong></span> <span class='ocrx_word' id='word_1_26' title='bbox 733 551 1023 612; x_wconf 86' lang='lat' dir='ltr'><strong>faciebant</strong></span> <span class='ocrx_word' id='word_1_27' title='bbox 1055 552 1177 612; x_wconf 87' lang='lat' dir='ltr'><strong>haec</strong></span> <span class='ocrx_word' id='word_1_28' title='bbox 1216 555 1412 613; x_wconf 90' lang='lat' dir='ltr'><strong>omnia</strong></span> <span class='ocrx_word' id='word_1_29' title='bbox 1442 556 1842 633; x_wconf 80' lang='lat' dir='ltr'>Sacramenta,</span> <span class='ocrx_word' id='word_1_30' title='bbox 1874 569 1939 617; x_wconf 92' lang='lat' dir='ltr'><strong>ut</strong></span> <span class='ocrx_word' id='word_1_31' title='bbox 1965 559 2340 621; x_wconf 86' lang='lat' dir='ltr'><strong>detraherent</strong></span> 
     </span>
     <span class='ocr_line' id='line_1_5' title="bbox 231 649 2343 735; baseline 0.003 -27"><span class='ocrx_word' id='word_1_32' title='bbox 231 649 290 709; x_wconf 86' lang='lat' dir='ltr'><strong>vi</strong></span> <span class='ocrx_word' id='word_1_33' title='bbox 328 649 834 707; x_wconf 87' lang='lat' dir='ltr'><strong>Sacramentorum</strong></span> <span class='ocrx_word' id='word_1_34' title='bbox 882 649 1059 709; x_wconf 87' lang='lat' dir='ltr'><strong>Novae</strong></span> <span class='ocrx_word' id='word_1_35' title='bbox 1105 649 1266 729; x_wconf 82' lang='lat' dir='ltr'><strong>Legis</strong></span> <span class='ocrx_word' id='word_1_36' title='bbox 1289 694 1304 723; x_wconf 84' lang='lat'><strong>.,</strong></span> <span class='ocrx_word' id='word_1_37' title='bbox 1353 671 1476 708; x_wconf 88' lang='lat' dir='ltr'><strong>non</strong></span> <span class='ocrx_word' id='word_1_38' title='bbox 1513 650 1709 710; x_wconf 81' lang='lat' dir='ltr'><strong>autem</strong></span> <span class='ocrx_word' id='word_1_39' title='bbox 1752 673 1846 711; x_wconf 92' lang='lat' dir='ltr'><strong>eos</strong></span> <span class='ocrx_word' id='word_1_40' title='bbox 1871 699 1885 725; x_wconf 90' lang='lat'>,</span> <span class='ocrx_word' id='word_1_41' title='bbox 1939 656 2037 735; x_wconf 93' lang='lat' dir='ltr'><strong>qui</strong></span> <span class='ocrx_word' id='word_1_42' title='bbox 2073 655 2343 715; x_wconf 87' lang='lat' dir='ltr'><strong>tribuunt</strong></span> 
     </span>
     <span class='ocr_line' id='line_1_6' title="bbox 228 742 2343 829; baseline 0.003 -26"><span class='ocrx_word' id='word_1_43' title='bbox 228 744 486 824; x_wconf 83' lang='lat' dir='ltr'><strong>aliquam</strong></span> <span class='ocrx_word' id='word_1_44' title='bbox 524 742 836 802; x_wconf 85' lang='lat' dir='ltr'><strong>efficaciam</strong></span> <span class='ocrx_word' id='word_1_45' title='bbox 885 745 1268 803; x_wconf 88' lang='lat' dir='ltr'><strong>Sacramentis</strong></span> <span class='ocrx_word' id='word_1_46' title='bbox 1322 745 1480 823; x_wconf 81' lang='lat' dir='ltr'>Legis</span> <span class='ocrx_word' id='word_1_47' title='bbox 1527 746 1746 804; x_wconf 85' lang='lat' dir='ltr'><strong>Veteris</strong></span> <span class='ocrx_word' id='word_1_48' title='bbox 1778 791 1793 820; x_wconf 87' lang='lat'><strong>.,</strong></span> <span class='ocrx_word' id='word_1_49' title='bbox 1845 770 2343 829; x_wconf 88' lang='lat' dir='ltr'><strong>supervacaneum</strong></span> 
     </span>
     <span class='ocr_line' id='line_1_7' title="bbox 229 837 2343 926; baseline 0.004 -30"><span class='ocrx_word' id='word_1_50' title='bbox 229 838 494 896; x_wconf 78' lang='lat' dir='ltr'><strong>ducimus</strong></span> <span class='ocrx_word' id='word_1_51' title='bbox 518 882 536 912; x_wconf 87' lang='lat'>‚</span> <span class='ocrx_word' id='word_1_52' title='bbox 604 837 958 919; x_wconf 83' lang='lat' dir='ltr'>peculiarem</span> <span class='ocrx_word' id='word_1_53' title='bbox 1007 838 1313 897; x_wconf 85' lang='lat' dir='ltr'><strong>instituere</strong></span> <span class='ocrx_word' id='word_1_54' title='bbox 1366 837 1828 920; x_wconf 90' lang='lat' dir='ltr'><strong>disputationem</strong></span> <span class='ocrx_word' id='word_1_55' title='bbox 1889 842 1962 902; x_wconf 91' lang='lat' dir='ltr'><strong>de</strong></span> <span class='ocrx_word' id='word_1_56' title='bbox 2008 847 2343 926; x_wconf 81' lang='lat' dir='ltr'><strong>praestantia</strong></span> 
     </span>
     <span class='ocr_line' id='line_1_8' title="bbox 230 931 2342 1020; baseline 0.004 -27"><span class='ocrx_word' id='word_1_57' title='bbox 230 933 514 1015; x_wconf 85' lang='lat' dir='ltr'><strong>Baptismi</strong></span> <span class='ocrx_word' id='word_1_58' title='bbox 551 931 763 991; x_wconf 82' lang='lat' dir='ltr'><strong>Christi</strong></span> <span class='ocrx_word' id='word_1_59' title='bbox 803 953 924 1020; x_wconf 69' lang='lat' dir='ltr'><strong>prae</strong></span> <span class='ocrx_word' id='word_1_60' title='bbox 964 931 1256 1014; x_wconf 87' lang='lat' dir='ltr'><strong>baptismo</strong></span> <span class='ocrx_word' id='word_1_61' title='bbox 1293 933 1556 991; x_wconf 90' lang='lat' dir='ltr'><strong>Joannis.</strong></span> <span class='ocrx_word' id='word_1_62' title='bbox 1591 933 1737 991; x_wconf 86' lang='lat' dir='ltr'><strong>Huic</strong></span> <span class='ocrx_word' id='word_1_63' title='bbox 1780 936 2068 1016; x_wconf 86' lang='lat' dir='ltr'><strong>siquidem</strong></span> <span class='ocrx_word' id='word_1_64' title='bbox 2106 951 2342 1001; x_wconf 86' lang='lat' dir='ltr'><strong>contro-</strong></span> 
     </span>
     <span class='ocr_line' id='line_1_9' title="bbox 227 1026 2342 1108; baseline 0.005 -22"><span class='ocrx_word' id='word_1_65' title='bbox 227 1027 433 1087; x_wconf 85' lang='lat' dir='ltr'><strong>versiae</strong></span> <span class='ocrx_word' id='word_1_66' title='bbox 483 1027 620 1086; x_wconf 90' lang='lat' dir='ltr'><strong>satis</strong></span> <span class='ocrx_word' id='word_1_67' title='bbox 667 1037 756 1086; x_wconf 91' lang='lat' dir='ltr'><strong>est</strong></span> <span class='ocrx_word' id='word_1_68' title='bbox 795 1026 1002 1087; x_wconf 87' lang='lat' dir='ltr'><strong>eadem</strong></span> <span class='ocrx_word' id='word_1_69' title='bbox 1044 1038 1245 1108; x_wconf 89' lang='lat' dir='ltr'><strong>aptare</strong></span> <span class='ocrx_word' id='word_1_70' title='bbox 1285 1027 1568 1108; x_wconf 90' lang='lat' dir='ltr'><strong>principia</strong></span> <span class='ocrx_word' id='word_1_71' title='bbox 1601 1072 1616 1101; x_wconf 82' lang='lat'><strong>‚</strong></span> <span class='ocrx_word' id='word_1_72' title='bbox 1667 1039 1734 1086; x_wconf 91' lang='lat' dir='ltr'><strong>ut</strong></span> <span class='ocrx_word' id='word_1_73' title='bbox 1767 1033 1888 1106; x_wconf 89' lang='lat' dir='ltr'><strong>ejus</strong></span> <span class='ocrx_word' id='word_1_74' title='bbox 1925 1032 2197 1095; x_wconf 89' lang='lat' dir='ltr'><strong>resolutio</strong></span> <span class='ocrx_word' id='word_1_75' title='bbox 2234 1035 2342 1096; x_wconf 88' lang='lat' dir='ltr'><strong>ha-</strong></span> 
     </span>
    </p>
   </div>
   <div class='ocr_carea' id='block_1_3' title="bbox 225 1121 578 1257">
    <p class='ocr_par' dir='ltr' id='par_1_3' title="bbox 225 1121 578 1257">
     <span class='ocr_line' id='line_1_10' title="bbox 225 1121 578 1257; baseline -0.003 -76"><span class='ocrx_word' id='word_1_76' title='bbox 225 1121 451 1257; x_wconf 41' lang='lat' dir='ltr'><strong>beatur}</strong></span> <span class='ocrx_word' id='word_1_77' title='bbox 469 1124 578 1204; x_wconf 87' lang='lat'><strong>(1).</strong></span> 
     </span>
    </p>
   </div>
   <div class='ocr_carea' id='block_1_4' title="bbox 216 1312 1258 3750">
    <p class='ocr_par' dir='ltr' id='par_1_4' title="bbox 216 1312 1258 3750">
     <span class='ocr_line' id='line_1_11' title="bbox 297 1312 1244 1378; baseline -0.001 -17"><span class='ocrx_word' id='word_1_78' title='bbox 297 1313 363 1377; x_wconf 91' lang='lat' dir='ltr'><strong>(l)</strong></span> <span class='ocrx_word' id='word_1_79' title='bbox 402 1313 556 1362; x_wconf 86' lang='lat' dir='ltr'><strong>Patres</strong></span> <span class='ocrx_word' id='word_1_80' title='bbox 572 1315 852 1361; x_wconf 69' lang='lat' dir='ltr'><strong>unanimiter</strong></span> <span class='ocrx_word' id='word_1_81' title='bbox 880 1323 1134 1378; x_wconf 84' lang='lat' dir='ltr'><strong>agnoscunt</strong></span> <span class='ocrx_word' id='word_1_82' title='bbox 1149 1312 1244 1360; x_wconf 88' lang='lat' dir='ltr'><strong>dis-</strong></span> 
     </span>
     <span class='ocr_line' id='line_1_12' title="bbox 230 1393 1246 1459; baseline -0.003 -16"><span class='ocrx_word' id='word_1_83' title='bbox 230 1398 410 1443; x_wconf 82' lang='lat' dir='ltr'><strong>crimen</strong></span> <span class='ocrx_word' id='word_1_84' title='bbox 444 1399 562 1443; x_wconf 86' lang='lat' dir='ltr'><strong>inter</strong></span> <span class='ocrx_word' id='word_1_85' title='bbox 593 1394 830 1459; x_wconf 85' lang='lat' dir='ltr'><strong>Baptisma</strong></span> <span class='ocrx_word' id='word_1_86' title='bbox 847 1394 1038 1443; x_wconf 78' lang='lat' dir='ltr'><strong>Joannis</strong></span> <span class='ocrx_word' id='word_1_87' title='bbox 1056 1404 1099 1442; x_wconf 90' lang='lat' dir='ltr'><strong>et</strong></span> <span class='ocrx_word' id='word_1_88' title='bbox 1126 1393 1246 1458; x_wconf 88' lang='lat' dir='ltr'><strong>Bap-</strong></span> 
     </span>
     <span class='ocr_line' id='line_1_13' title="bbox 228 1476 1242 1542; baseline 0 -18"><span class='ocrx_word' id='word_1_89' title='bbox 228 1479 366 1525; x_wconf 85' lang='lat' dir='ltr'><strong>tisma</strong></span> <span class='ocrx_word' id='word_1_90' title='bbox 388 1476 561 1524; x_wconf 80' lang='lat' dir='ltr'><strong>Christi</strong></span> <span class='ocrx_word' id='word_1_91' title='bbox 590 1478 745 1542; x_wconf 88' lang='lat' dir='ltr'><strong>quoad</strong></span> <span class='ocrx_word' id='word_1_92' title='bbox 763 1480 861 1525; x_wconf 90' lang='lat' dir='ltr'><strong>vim</strong></span> <span class='ocrx_word' id='word_1_93' title='bbox 892 1487 938 1525; x_wconf 89' lang='lat' dir='ltr'><strong>et</strong></span> <span class='ocrx_word' id='word_1_94' title='bbox 966 1477 1242 1536; x_wconf 85' lang='lat' dir='ltr'><strong>efficaciam,</strong></span> 
     </span>
     <span class='ocr_line' id='line_1_14' title="bbox 230 1558 1246 1624; baseline 0.001 -19"><span class='ocrx_word' id='word_1_95' title='bbox 230 1575 432 1624; x_wconf 86' lang='lat' dir='ltr'><strong>quorum</strong></span> <span class='ocrx_word' id='word_1_96' title='bbox 461 1558 655 1623; x_wconf 88' lang='lat' dir='ltr'><strong>longum</strong></span> <span class='ocrx_word' id='word_1_97' title='bbox 680 1569 796 1608; x_wconf 85' lang='lat' dir='ltr'><strong>esset</strong></span> <span class='ocrx_word' id='word_1_98' title='bbox 826 1559 1085 1622; x_wconf 81' lang='lat' dir='ltr'><strong>catalogum</strong></span> <span class='ocrx_word' id='word_1_99' title='bbox 1117 1560 1246 1607; x_wconf 86' lang='lat' dir='ltr'><strong>exhi-</strong></span> 
     </span>
     <span class='ocr_line' id='line_1_15' title="bbox 228 1639 1244 1705; baseline 0.002 -18"><span class='ocrx_word' id='word_1_100' title='bbox 228 1640 356 1688; x_wconf 86' lang='lat' dir='ltr'><strong>bere.</strong></span> <span class='ocrx_word' id='word_1_101' title='bbox 391 1639 568 1687; x_wconf 89' lang='lat' dir='ltr'><strong>Eorum</strong></span> <span class='ocrx_word' id='word_1_102' title='bbox 599 1643 860 1688; x_wconf 88' lang='lat' dir='ltr'><strong>testimonia</strong></span> <span class='ocrx_word' id='word_1_103' title='bbox 887 1641 1059 1705; x_wconf 85' lang='lat' dir='ltr'><strong>profert</strong></span> <span class='ocrx_word' id='word_1_104' title='bbox 1071 1639 1244 1689; x_wconf 77' lang='lat' dir='ltr'><strong>Bellat-</strong></span> 
     </span>
     <span class='ocr_line' id='line_1_16' title="bbox 230 1720 1244 1787; baseline 0.002 -19"><span class='ocrx_word' id='word_1_105' title='bbox 230 1724 387 1768; x_wconf 90' lang='lat' dir='ltr'><strong>minus</strong></span> <span class='ocrx_word' id='word_1_106' title='bbox 417 1758 430 1781; x_wconf 93' lang='lat'>,</span> <span class='ocrx_word' id='word_1_107' title='bbox 467 1720 552 1770; x_wconf 88' lang='lat' dir='ltr'><strong>lib.</strong></span> <span class='ocrx_word' id='word_1_108' title='bbox 581 1720 662 1768; x_wconf 88' lang='lat' dir='ltr'><strong>De</strong></span> <span class='ocrx_word' id='word_1_109' title='bbox 694 1721 947 1787; x_wconf 83' lang='lat' dir='ltr'><strong>Baptismo</strong></span> <span class='ocrx_word' id='word_1_110' title='bbox 962 1757 979 1784; x_wconf 87' lang='lat'><em>,</em></span> <span class='ocrx_word' id='word_1_111' title='bbox 1007 1740 1110 1787; x_wconf 81' lang='lat' dir='ltr'><strong>cap.</strong></span> <span class='ocrx_word' id='word_1_112' title='bbox 1147 1738 1205 1770; x_wconf 66' lang='grc' dir='ltr'><strong>αι</strong></span> <span class='ocrx_word' id='word_1_113' title='bbox 1231 1759 1244 1783; x_wconf 89' lang='grc'>,</span> 
     </span>
     <span class='ocr_line' id='line_1_17' title="bbox 231 1800 1247 1868; baseline 0.002 -19"><span class='ocrx_word' id='word_1_114' title='bbox 231 1800 257 1867; x_wconf 82' lang='lat'>§</span> <span class='ocrx_word' id='word_1_115' title='bbox 292 1818 349 1849; x_wconf 80' lang='lat'><strong>12</strong></span> <span class='ocrx_word' id='word_1_116' title='bbox 383 1812 427 1850; x_wconf 90' lang='lat' dir='ltr'><strong>et</strong></span> <span class='ocrx_word' id='word_1_117' title='bbox 457 1820 586 1868; x_wconf 86' lang='lat' dir='ltr'><strong>seqq.</strong></span> <span class='ocrx_word' id='word_1_118' title='bbox 623 1802 843 1851; x_wconf 86' lang='lat' dir='ltr'><strong>Calvinus</strong></span> <span class='ocrx_word' id='word_1_119' title='bbox 873 1806 969 1868; x_wconf 88' lang='lat' dir='ltr'><strong>ipse</strong></span> <span class='ocrx_word' id='word_1_120' title='bbox 997 1822 1093 1852; x_wconf 90' lang='lat' dir='ltr'><strong>non</strong></span> <span class='ocrx_word' id='word_1_121' title='bbox 1123 1804 1247 1851; x_wconf 82' lang='lat' dir='ltr'><strong>diffi-</strong></span> 
     </span>
     <span class='ocr_line' id='line_1_18' title="bbox 231 1884 1248 1949; baseline 0.001 -18"><span class='ocrx_word' id='word_1_122' title='bbox 231 1893 380 1942; x_wconf 84' lang='lat' dir='ltr'><strong>tetur,</strong></span> <span class='ocrx_word' id='word_1_123' title='bbox 402 1884 556 1932; x_wconf 88' lang='lat' dir='ltr'><strong>Patres</strong></span> <span class='ocrx_word' id='word_1_124' title='bbox 579 1884 808 1933; x_wconf 87' lang='lat' dir='ltr'><strong>diversam</strong></span> <span class='ocrx_word' id='word_1_125' title='bbox 832 1888 926 1933; x_wconf 89' lang='lat' dir='ltr'><strong>vim</strong></span> <span class='ocrx_word' id='word_1_126' title='bbox 947 1888 1183 1949; x_wconf 81' lang='lat' dir='ltr'><strong>agnovisse</strong></span> <span class='ocrx_word' id='word_1_127' title='bbox 1198 1888 1248 1933; x_wconf 88' lang='lat' dir='ltr'><strong>in</strong></span> 
     </span>
     <span class='ocr_line' id='line_1_19' title="bbox 232 1965 1248 2030; baseline 0.001 -17"><span class='ocrx_word' id='word_1_128' title='bbox 232 1976 427 2030; x_wconf 88' lang='lat' dir='ltr'><strong>utroque</strong></span> <span class='ocrx_word' id='word_1_129' title='bbox 439 1965 728 2030; x_wconf 80' lang='lat' dir='ltr'><strong>Baptismate3</strong></span> <span class='ocrx_word' id='word_1_130' title='bbox 740 1966 818 2014; x_wconf 86' lang='lat' dir='ltr'><strong>sed</strong></span> <span class='ocrx_word' id='word_1_131' title='bbox 833 1983 960 2014; x_wconf 88' lang='lat' dir='ltr'><strong>more</strong></span> <span class='ocrx_word' id='word_1_132' title='bbox 969 1984 1052 2015; x_wconf 92' lang='lat' dir='ltr'><strong>suo</strong></span> <span class='ocrx_word' id='word_1_133' title='bbox 1062 1967 1248 2015; x_wconf 88' lang='lat' dir='ltr'><strong>Patrum</strong></span> 
     </span>
     <span class='ocr_line' id='line_1_20' title="bbox 233 2047 1246 2108; baseline 0 -13"><span class='ocrx_word' id='word_1_134' title='bbox 233 2049 553 2095; x_wconf 83' lang='lat' dir='ltr'><strong>auctoritatem</strong></span> <span class='ocrx_word' id='word_1_135' title='bbox 583 2050 852 2096; x_wconf 86' lang='lat' dir='ltr'><strong>contemnit.</strong></span> <span class='ocrx_word' id='word_1_136' title='bbox 885 2047 1053 2096; x_wconf 85' lang='lat' dir='ltr'><strong>Scribit</strong></span> <span class='ocrx_word' id='word_1_137' title='bbox 1088 2052 1212 2097; x_wconf 86' lang='lat' dir='ltr'><strong>enim</strong></span> <span class='ocrx_word' id='word_1_138' title='bbox 1232 2086 1246 2108; x_wconf 85' lang='lat'><em>‚</em></span> 
     </span>
     <span class='ocr_line' id='line_1_21' title="bbox 232 2127 1250 2196; baseline 0.002 -21"><span class='ocrx_word' id='word_1_139' title='bbox 232 2127 401 2176; x_wconf 85' lang='lat' dir='ltr'><strong>Instit.</strong></span> <span class='ocrx_word' id='word_1_140' title='bbox 437 2129 525 2177; x_wconf 90' lang='lat' dir='ltr'><strong>lib.</strong></span> <span class='ocrx_word' id='word_1_141' title='bbox 552 2146 618 2188; x_wconf 73' lang='lat' dir='ltr'><strong>xv,</strong></span> <span class='ocrx_word' id='word_1_142' title='bbox 640 2147 742 2192; x_wconf 85' lang='lat' dir='ltr'><strong>cap.</strong></span> <span class='ocrx_word' id='word_1_143' title='bbox 769 2127 846 2189; x_wconf 82' lang='lat'><strong>15,</strong></span> <span class='ocrx_word' id='word_1_144' title='bbox 868 2128 934 2196; x_wconf 76' lang='lat'><strong>§7</strong></span> <span class='ocrx_word' id='word_1_145' title='bbox 959 2147 972 2178; x_wconf 89' lang='lat'><strong>:</strong></span> <span class='ocrx_word' id='word_1_146' title='bbox 995 2130 1250 2178; x_wconf 78' lang='lat' dir='ltr'><strong>Neminem</strong></span> 
     </span>
     <span class='ocr_line' id='line_1_22' title="bbox 216 2211 1247 2276; baseline 0.002 -19"><span class='ocrx_word' id='word_1_147' title='bbox 216 2211 620 2276; x_wconf 9' lang='lat' dir='ltr'><strong>*perturbeaquod</strong></span> <span class='ocrx_word' id='word_1_148' title='bbox 647 2211 852 2259; x_wconf 79' lang='lat' dir='ltr'><strong>alteram</strong></span> <span class='ocrx_word' id='word_1_149' title='bbox 880 2212 940 2260; x_wconf 85' lang='lat' dir='ltr'><strong>ab</strong></span> <span class='ocrx_word' id='word_1_150' title='bbox 967 2212 1111 2260; x_wconf 83' lang='lat' dir='ltr'><strong>altero</strong></span> <span class='ocrx_word' id='word_1_151' title='bbox 1144 2212 1247 2260; x_wconf 85' lang='lat' dir='ltr'><strong>dis-</strong></span> 
     </span>
     <span class='ocr_line' id='line_1_23' title="bbox 231 2289 1251 2359; baseline 0.004 -21"><span class='ocrx_word' id='word_1_152' title='bbox 231 2309 420 2339; x_wconf 83' lang='lat' dir='ltr'><strong>cernere</strong></span> <span class='ocrx_word' id='word_1_153' title='bbox 461 2289 651 2341; x_wconf 81' lang='lat' dir='ltr'><strong>Veteres</strong></span> <span class='ocrx_word' id='word_1_154' title='bbox 687 2295 1000 2354; x_wconf 85' lang='lat' dir='ltr'><strong>contendunt,</strong></span> <span class='ocrx_word' id='word_1_155' title='bbox 1048 2311 1251 2359; x_wconf 84' lang='lat' dir='ltr'><strong>quorum</strong></span> 
     </span>
     <span class='ocr_line' id='line_1_24' title="bbox 233 2376 1245 2434; baseline 0.001 -13"><span class='ocrx_word' id='word_1_156' title='bbox 233 2391 334 2421; x_wconf 85' lang='lat' dir='ltr'><strong>non</strong></span> <span class='ocrx_word' id='word_1_157' title='bbox 360 2376 485 2421; x_wconf 79' lang='lat' dir='ltr'><strong>tanti</strong></span> <span class='ocrx_word' id='word_1_158' title='bbox 524 2392 620 2423; x_wconf 84' lang='lat' dir='ltr'><strong>esse</strong></span> <span class='ocrx_word' id='word_1_159' title='bbox 655 2376 793 2423; x_wconf 83' lang='lat' dir='ltr'><strong>nobis</strong></span> <span class='ocrx_word' id='word_1_160' title='bbox 843 2377 974 2424; x_wconf 83' lang='lat' dir='ltr'><strong>debet</strong></span> <span class='ocrx_word' id='word_1_161' title='bbox 998 2376 1211 2424; x_wconf 83' lang='lat' dir='ltr'><strong>calculus</strong></span> <span class='ocrx_word' id='word_1_162' title='bbox 1232 2413 1245 2434; x_wconf 83' lang='lat'><em>‚</em></span> 
     </span>
     <span class='ocr_line' id='line_1_25' title="bbox 233 2456 1245 2522; baseline 0.002 -20"><span class='ocrx_word' id='word_1_163' title='bbox 233 2464 288 2502; x_wconf 82' lang='lat' dir='ltr'><strong>ut</strong></span> <span class='ocrx_word' id='word_1_164' title='bbox 301 2456 566 2521; x_wconf 65' lang='lat' dir='ltr'><strong>Scriptura?</strong></span> <span class='ocrx_word' id='word_1_165' title='bbox 583 2457 919 2504; x_wconf 72' lang='lat' dir='ltr'><strong>certitudinem</strong></span> <span class='ocrx_word' id='word_1_166' title='bbox 933 2457 1245 2522; x_wconf 76' lang='lat' dir='ltr'><strong>quatefeciat.</strong></span> 
     </span>
     <span class='ocr_line' id='line_1_26' title="bbox 238 2538 1248 2604; baseline 0.001 -20"><span class='ocrx_word' id='word_1_167' title='bbox 238 2539 365 2600; x_wconf 85' lang='lat' dir='ltr'><strong>Quis</strong></span> <span class='ocrx_word' id='word_1_168' title='bbox 405 2540 534 2585; x_wconf 87' lang='lat' dir='ltr'><strong>enim</strong></span> <span class='ocrx_word' id='word_1_169' title='bbox 579 2538 909 2603; x_wconf 78' lang='lat' dir='ltr'><strong>Chrysostomo</strong></span> <span class='ocrx_word' id='word_1_170' title='bbox 932 2540 1098 2604; x_wconf 80' lang='lat' dir='ltr'><strong>potius</strong></span> <span class='ocrx_word' id='word_1_171' title='bbox 1134 2555 1248 2585; x_wconf 89' lang='lat' dir='ltr'><strong>aus-</strong></span> 
     </span>
     <span class='ocr_line' id='line_1_27' title="bbox 228 2617 1249 2685; baseline -0.001 -19"><span class='ocrx_word' id='word_1_172' title='bbox 228 2617 376 2666; x_wconf 77' lang='lat' dir='ltr'><strong>cultet</strong></span> <span class='ocrx_word' id='word_1_173' title='bbox 393 2655 407 2680; x_wconf 92' lang='lat'>,</span> <span class='ocrx_word' id='word_1_174' title='bbox 437 2621 638 2682; x_wconf 78' lang='lat' dir='ltr'><strong>neqanti</strong></span> <span class='ocrx_word' id='word_1_175' title='bbox 665 2620 717 2667; x_wconf 83' lang='lat' dir='ltr'><strong>in</strong></span> <span class='ocrx_word' id='word_1_176' title='bbox 749 2620 965 2668; x_wconf 85' lang='lat' dir='ltr'><strong>Joannis</strong></span> <span class='ocrx_word' id='word_1_177' title='bbox 993 2619 1249 2685; x_wconf 87' lang='lat' dir='ltr'><strong>Baptismo</strong></span> 
     </span>
     <span class='ocr_line' id='line_1_28' title="bbox 232 2699 1249 2766; baseline 0 -19"><span class='ocrx_word' id='word_1_178' title='bbox 232 2699 624 2765; x_wconf 72' lang='lat' dir='ltr'><strong>comprehensam</strong></span> <span class='ocrx_word' id='word_1_179' title='bbox 641 2700 797 2765; x_wconf 78' lang='lat' dir='ltr'><strong>fuisse</strong></span> <span class='ocrx_word' id='word_1_180' title='bbox 830 2710 1138 2766; x_wconf 80' lang='lat' dir='ltr'><strong>peccatorum</strong></span> <span class='ocrx_word' id='word_1_181' title='bbox 1171 2717 1249 2748; x_wconf 90' lang='lat' dir='ltr'><strong>re-</strong></span> 
     </span>
     <span class='ocr_line' id='line_1_29' title="bbox 237 2781 1249 2847; baseline 0.002 -19"><span class='ocrx_word' id='word_1_182' title='bbox 237 2781 512 2829; x_wconf 74' lang='lat' dir='ltr'><strong>missionem</strong></span> <span class='ocrx_word' id='word_1_183' title='bbox 544 2817 559 2843; x_wconf 87' lang='lat'>,</span> <span class='ocrx_word' id='word_1_184' title='bbox 589 2792 733 2847; x_wconf 80' lang='lat' dir='ltr'><strong>quam</strong></span> <span class='ocrx_word' id='word_1_185' title='bbox 758 2781 909 2830; x_wconf 80' lang='lat' dir='ltr'><strong>Lucoe</strong></span> <span class='ocrx_word' id='word_1_186' title='bbox 937 2792 1102 2847; x_wconf 80' lang='lat' dir='ltr'><strong>contra</strong></span> <span class='ocrx_word' id='word_1_187' title='bbox 1126 2799 1249 2830; x_wconf 74' lang='lat' dir='ltr'><strong>asse-</strong></span> 
     </span>
     <span class='ocr_line' id='line_1_30' title="bbox 236 2863 1248 2929; baseline 0.001 -19"><span class='ocrx_word' id='word_1_188' title='bbox 236 2865 366 2910; x_wconf 86' lang='lat' dir='ltr'><strong>renti</strong></span> <span class='ocrx_word' id='word_1_189' title='bbox 379 2867 466 2912; x_wconf 86' lang='lat'><strong>?...</strong></span> <span class='ocrx_word' id='word_1_190' title='bbox 497 2863 598 2911; x_wconf 87' lang='lat' dir='ltr'><strong>Nec</strong></span> <span class='ocrx_word' id='word_1_191' title='bbox 625 2864 901 2929; x_wconf 81' lang='lat' dir='ltr'><strong>recipienda</strong></span> <span class='ocrx_word' id='word_1_192' title='bbox 931 2873 998 2911; x_wconf 85' lang='lat' dir='ltr'><strong>est</strong></span> <span class='ocrx_word' id='word_1_193' title='bbox 1029 2863 1113 2911; x_wconf 87' lang='lat' dir='ltr'><strong>illa</strong></span> <span class='ocrx_word' id='word_1_194' title='bbox 1149 2864 1248 2911; x_wconf 76' lang='lat' dir='ltr'><strong>Au-</strong></span> 
     </span>
     <span class='ocr_line' id='line_1_31' title="bbox 237 2936 1249 3010; baseline 0.003 -19"><span class='ocrx_word' id='word_1_195' title='bbox 237 2936 433 3008; x_wconf 65' lang='lat' dir='ltr'><strong>qnstini</strong></span> <span class='ocrx_word' id='word_1_196' title='bbox 451 2946 648 3010; x_wconf 78' lang='lat' dir='ltr'><strong>arqutia</strong></span> <span class='ocrx_word' id='word_1_197' title='bbox 668 2983 680 3005; x_wconf 84' lang='lat'>‚</span> <span class='ocrx_word' id='word_1_198' title='bbox 700 2947 759 2993; x_wconf 89' lang='lat' dir='ltr'><strong>in</strong></span> <span class='ocrx_word' id='word_1_199' title='bbox 782 2963 863 3010; x_wconf 80' lang='lat' dir='ltr'><strong>spe</strong></span> <span class='ocrx_word' id='word_1_200' title='bbox 883 2945 1085 2994; x_wconf 79' lang='lat' dir='ltr'><strong>dimissa</strong></span> <span class='ocrx_word' id='word_1_201' title='bbox 1094 2946 1249 3010; x_wconf 85' lang='lat' dir='ltr'><strong>fuisse</strong></span> 
     </span>
     <span class='ocr_line' id='line_1_32' title="bbox 225 3026 1252 3092; baseline 0.003 -19"><span class='ocrx_word' id='word_1_202' title='bbox 225 3033 430 3091; x_wconf 77' lang='lat' dir='ltr'><strong>peccata</strong></span> <span class='ocrx_word' id='word_1_203' title='bbox 477 3026 732 3092; x_wconf 76' lang='lat' dir='ltr'><strong>Baptismo</strong></span> <span class='ocrx_word' id='word_1_204' title='bbox 775 3026 987 3075; x_wconf 85' lang='lat' dir='ltr'><strong>Joannis</strong></span> <span class='ocrx_word' id='word_1_205' title='bbox 1008 3066 1022 3088; x_wconf 90' lang='lat'>‚</span> <span class='ocrx_word' id='word_1_206' title='bbox 1064 3027 1252 3077; x_wconf 79' lang='lat' dir='ltr'><strong>Christi</strong></span> 
     </span>
     <span class='ocr_line' id='line_1_33' title="bbox 239 3107 1250 3175; baseline 0.004 -20"><span class='ocrx_word' id='word_1_207' title='bbox 239 3107 498 3173; x_wconf 79' lang='lat' dir='ltr'><strong>Baptismo</strong></span> <span class='ocrx_word' id='word_1_208' title='bbox 523 3111 683 3175; x_wconf 80' lang='lat' dir='ltr'><strong>reipsa</strong></span> <span class='ocrx_word' id='word_1_209' title='bbox 724 3107 918 3159; x_wconf 80' lang='lat' dir='ltr'><strong>dimitti.</strong></span> <span class='ocrx_word' id='word_1_210' title='bbox 956 3108 1132 3158; x_wconf 88' lang='lat' dir='ltr'><strong>Verum</strong></span> <span class='ocrx_word' id='word_1_211' title='bbox 1151 3149 1164 3170; x_wconf 87' lang='lat'>,</span> <span class='ocrx_word' id='word_1_212' title='bbox 1197 3120 1250 3159; x_wconf 86' lang='lat' dir='ltr'><strong>ut</strong></span> 
     </span>
     <span class='ocr_line' id='line_1_34' title="bbox 240 3190 1250 3258; baseline 0.002 -20"><span class='ocrx_word' id='word_1_213' title='bbox 240 3190 564 3239; x_wconf 84' lang='lat' dir='ltr'><strong>animadvertit</strong></span> <span class='ocrx_word' id='word_1_214' title='bbox 592 3191 896 3239; x_wconf 86' lang='lat' dir='ltr'><strong>Bellarminus</strong></span> <span class='ocrx_word' id='word_1_215' title='bbox 916 3229 928 3252; x_wconf 89' lang='lat'>‚</span> <span class='ocrx_word' id='word_1_216' title='bbox 954 3192 1033 3240; x_wconf 87' lang='lat' dir='ltr'><strong>-hic</strong></span> <span class='ocrx_word' id='word_1_217' title='bbox 1049 3209 1145 3239; x_wconf 89' lang='lat' dir='ltr'><strong>non</strong></span> <span class='ocrx_word' id='word_1_218' title='bbox 1161 3195 1250 3258; x_wconf 85' lang='lat' dir='ltr'><strong>agi-</strong></span> 
     </span>
     <span class='ocr_line' id='line_1_35' title="bbox 240 3273 1249 3342; baseline 0.003 -23"><span class='ocrx_word' id='word_1_219' title='bbox 240 3282 338 3330; x_wconf 81' lang='lat' dir='ltr'><strong>tur,</strong></span> <span class='ocrx_word' id='word_1_220' title='bbox 357 3281 518 3321; x_wconf 88' lang='lat' dir='ltr'><strong>utrum</strong></span> <span class='ocrx_word' id='word_1_221' title='bbox 532 3275 682 3338; x_wconf 88' lang='lat' dir='ltr'><strong>potius</strong></span> <span class='ocrx_word' id='word_1_222' title='bbox 698 3273 832 3321; x_wconf 82' lang='lat' dir='ltr'><strong>Lucae</strong></span> <span class='ocrx_word' id='word_1_223' title='bbox 849 3291 988 3339; x_wconf 84' lang='lat' dir='ltr'><strong>quam</strong></span> <span class='ocrx_word' id='word_1_224' title='bbox 1000 3293 1007 3303; x_wconf 70' lang='lat'><strong><em>¹</em></strong></span> <span class='ocrx_word' id='word_1_225' title='bbox 1020 3273 1249 3342; x_wconf 80' lang='lat' dir='ltr'><strong>Chrysos-</strong></span> 
     </span>
     <span class='ocr_line' id='line_1_36' title="bbox 231 3353 1247 3425; baseline 0.004 -24"><span class='ocrx_word' id='word_1_226' title='bbox 231 3364 366 3401; x_wconf 71' lang='lat' dir='ltr'><strong>tomo</strong></span> <span class='ocrx_word' id='word_1_227' title='bbox 398 3364 477 3402; x_wconf 90' lang='lat' dir='ltr'><strong>aut</strong></span> <span class='ocrx_word' id='word_1_228' title='bbox 493 3353 747 3420; x_wconf 82' lang='lat' dir='ltr'><strong>Augustino</strong></span> <span class='ocrx_word' id='word_1_229' title='bbox 775 3356 1135 3404; x_wconf 86' lang='lat' dir='ltr'><strong>auscultandum</strong></span> <span class='ocrx_word' id='word_1_230' title='bbox 1159 3360 1247 3425; x_wconf 77' lang='lat' dir='ltr'><strong>sit3</strong></span> 
     </span>
     <span class='ocr_line' id='line_1_37' title="bbox 241 3435 1248 3492; baseline 0.007 -10"><span class='ocrx_word' id='word_1_231' title='bbox 241 3435 323 3482; x_wconf 87' lang='lat' dir='ltr'><strong>sed</strong></span> <span class='ocrx_word' id='word_1_232' title='bbox 351 3445 508 3484; x_wconf 88' lang='lat' dir='ltr'><strong>utrum</strong></span> <span class='ocrx_word' id='word_1_233' title='bbox 538 3435 698 3484; x_wconf 88' lang='lat' dir='ltr'><strong>melius</strong></span> <span class='ocrx_word' id='word_1_234' title='bbox 723 3435 774 3484; x_wconf 89' lang='lat' dir='ltr'><strong>S.</strong></span> <span class='ocrx_word' id='word_1_235' title='bbox 806 3437 980 3485; x_wconf 85' lang='lat' dir='ltr'><strong>Lucam</strong></span> <span class='ocrx_word' id='word_1_236' title='bbox 1008 3439 1248 3492; x_wconf 83' lang='lat' dir='ltr'><strong>intellexe-</strong></span> 
     </span>
     <span class='ocr_line' id='line_1_38' title="bbox 242 3516 1251 3588; baseline 0.007 -25"><span class='ocrx_word' id='word_1_237' title='bbox 242 3518 335 3564; x_wconf 87' lang='lat' dir='ltr'><strong>rint</strong></span> <span class='ocrx_word' id='word_1_238' title='bbox 350 3516 397 3567; x_wconf 90' lang='lat' dir='ltr'><strong>S.</strong></span> <span class='ocrx_word' id='word_1_239' title='bbox 411 3516 548 3566; x_wconf 82' lang='lat' dir='ltr'><strong>Joan.</strong></span> <span class='ocrx_word' id='word_1_240' title='bbox 569 3518 929 3587; x_wconf 79' lang='lat' dir='ltr'><strong>Chrysostomus</strong></span> <span class='ocrx_word' id='word_1_241' title='bbox 945 3520 1051 3569; x_wconf 89' lang='lat' dir='ltr'><strong>etS.</strong></span> <span class='ocrx_word' id='word_1_242' title='bbox 1070 3521 1251 3588; x_wconf 85' lang='lat' dir='ltr'><strong>Augus-</strong></span> 
     </span>
     <span class='ocr_line' id='line_1_39' title="bbox 243 3599 1258 3668; baseline 0.012 -25"><span class='ocrx_word' id='word_1_243' title='bbox 243 3599 365 3645; x_wconf 83' lang='lat' dir='ltr'><strong>tinus</strong></span> <span class='ocrx_word' id='word_1_244' title='bbox 411 3618 551 3665; x_wconf 89' lang='lat' dir='ltr'><strong>quam</strong></span> <span class='ocrx_word' id='word_1_245' title='bbox 597 3599 834 3650; x_wconf 77' lang='lat' dir='ltr'><strong>Calvinus.</strong></span> <span class='ocrx_word' id='word_1_246' title='bbox 881 3601 930 3650; x_wconf 85' lang='lat' dir='ltr'><strong>Si</strong></span> <span class='ocrx_word' id='word_1_247' title='bbox 979 3605 1060 3668; x_wconf 89' lang='lat' dir='ltr'><strong>qui</strong></span> <span class='ocrx_word' id='word_1_248' title='bbox 1101 3604 1258 3655; x_wconf 84' lang='lat' dir='ltr'><strong>Patres</strong></span> 
     </span>
     <span class='ocr_line' id='line_1_40' title="bbox 236 3680 1258 3750; baseline 0.013 -25"><span class='ocrx_word' id='word_1_249' title='bbox 236 3680 325 3726; x_wconf 59' lang='grc' dir='ltr'><strong>ὐἱεῖ</strong></span> <span class='ocrx_word' id='word_1_250' title='bbox 366 3692 471 3729; x_wconf 88' lang='lat' dir='ltr'><strong>sunt</strong></span> <span class='ocrx_word' id='word_1_251' title='bbox 511 3683 715 3750; x_wconf 84' lang='lat' dir='ltr'><strong>aliquam</strong></span> <span class='ocrx_word' id='word_1_252' title='bbox 757 3682 1007 3734; x_wconf 85' lang='lat' dir='ltr'><strong>efficaciam</strong></span> <span class='ocrx_word' id='word_1_253' title='bbox 1045 3686 1258 3738; x_wconf 81' lang='lat' dir='ltr'><strong>tribuisse</strong></span> 
     </span>
    </p>
   </div>
   <div class='ocr_carea' id='block_1_5' title="bbox 1325 1312 2349 3673">
    <p class='ocr_par' dir='ltr' id='par_1_5' title="bbox 1325 1312 2349 3673">
     <span class='ocr_line' id='line_1_41' title="bbox 1330 1312 2346 1375; baseline 0.011 -17"><span class='ocrx_word' id='word_1_254' title='bbox 1330 1312 1562 1375; x_wconf 86' lang='lat' dir='ltr'><strong>baptismo</strong></span> <span class='ocrx_word' id='word_1_255' title='bbox 1605 1312 1798 1363; x_wconf 87' lang='lat' dir='ltr'><strong>Joannis</strong></span> <span class='ocrx_word' id='word_1_256' title='bbox 1820 1352 1834 1375; x_wconf 89' lang='lat'>‚</span> <span class='ocrx_word' id='word_1_257' title='bbox 1882 1326 1932 1363; x_wconf 91' lang='lat' dir='ltr'><strong>ut</strong></span> <span class='ocrx_word' id='word_1_258' title='bbox 1972 1314 2022 1365; x_wconf 92' lang='lat' dir='ltr'><strong>S.</strong></span> <span class='ocrx_word' id='word_1_259' title='bbox 2068 1318 2260 1368; x_wconf 83' lang='lat' dir='ltr'><strong>Basilius</strong></span> <span class='ocrx_word' id='word_1_260' title='bbox 2303 1332 2346 1370; x_wconf 87' lang='lat' dir='ltr'><strong>et</strong></span> 
     </span>
     <span class='ocr_line' id='line_1_42' title="bbox 1331 1392 2339 1467; baseline 0.01 -26"><span class='ocrx_word' id='word_1_261' title='bbox 1331 1392 1383 1442; x_wconf 88' lang='lat' dir='ltr'><strong>S.</strong></span> <span class='ocrx_word' id='word_1_262' title='bbox 1423 1393 1626 1460; x_wconf 87' lang='lat' dir='ltr'><strong>Cyrillus</strong></span> <span class='ocrx_word' id='word_1_263' title='bbox 1664 1395 2110 1464; x_wconf 82' lang='lat' dir='ltr'><strong>Hierosolymitanus</strong></span> <span class='ocrx_word' id='word_1_264' title='bbox 2141 1401 2339 1467; x_wconf 86' lang='lat' dir='ltr'><strong>aliique,</strong></span> 
     </span>
     <span class='ocr_line' id='line_1_43' title="bbox 1331 1476 2342 1548; baseline 0.01 -26"><span class='ocrx_word' id='word_1_265' title='bbox 1331 1476 1380 1522; x_wconf 89' lang='lat' dir='ltr'><strong>hi</strong></span> <span class='ocrx_word' id='word_1_266' title='bbox 1402 1486 1481 1523; x_wconf 91' lang='lat' dir='ltr'><strong>aut</strong></span> <span class='ocrx_word' id='word_1_267' title='bbox 1499 1476 1557 1524; x_wconf 90' lang='lat' dir='ltr'><strong>de</strong></span> <span class='ocrx_word' id='word_1_268' title='bbox 1578 1480 1744 1526; x_wconf 70' lang='lat' dir='ltr'><strong>xirtute</strong></span> <span class='ocrx_word' id='word_1_269' title='bbox 1771 1482 2053 1542; x_wconf 82' lang='lat' dir='ltr'><strong>poenitentiae</strong></span> <span class='ocrx_word' id='word_1_270' title='bbox 2070 1519 2083 1541; x_wconf 78' lang='lat'><em>‚</em></span> <span class='ocrx_word' id='word_1_271' title='bbox 2115 1483 2173 1530; x_wconf 84' lang='lat' dir='ltr'><strong>ad</strong></span> <span class='ocrx_word' id='word_1_272' title='bbox 2203 1501 2342 1548; x_wconf 89' lang='lat' dir='ltr'><strong>quam</strong></span> 
     </span>
     <span class='ocr_line' id='line_1_44' title="bbox 1331 1558 2344 1624; baseline 0.009 -20"><span class='ocrx_word' id='word_1_273' title='bbox 1331 1558 1559 1605; x_wconf 81' lang='lat' dir='ltr'><strong>excitabat</strong></span> <span class='ocrx_word' id='word_1_274' title='bbox 1587 1558 1819 1624; x_wconf 86' lang='lat' dir='ltr'><strong>Baptisma</strong></span> <span class='ocrx_word' id='word_1_275' title='bbox 1842 1560 2032 1610; x_wconf 85' lang='lat' dir='ltr'><strong>Joannis</strong></span> <span class='ocrx_word' id='word_1_276' title='bbox 2049 1599 2061 1622; x_wconf 90' lang='lat'><em>‚</em></span> <span class='ocrx_word' id='word_1_277' title='bbox 2089 1563 2231 1611; x_wconf 89' lang='lat' dir='ltr'><strong>locuti</strong></span> <span class='ocrx_word' id='word_1_278' title='bbox 2247 1579 2344 1614; x_wconf 82' lang='lat' dir='ltr'><strong>esse</strong></span> 
     </span>
     <span class='ocr_line' id='line_1_45' title="bbox 1332 1637 2343 1710; baseline 0.009 -24"><span class='ocrx_word' id='word_1_279' title='bbox 1332 1637 1517 1688; x_wconf 80' lang='lat' dir='ltr'><strong>dicendi</strong></span> <span class='ocrx_word' id='word_1_280' title='bbox 1540 1651 1678 1699; x_wconf 85' lang='lat' dir='ltr'><strong>sunt,</strong></span> <span class='ocrx_word' id='word_1_281' title='bbox 1721 1638 1798 1689; x_wconf 87' lang='lat' dir='ltr'><strong>aut</strong></span> <span class='ocrx_word' id='word_1_282' title='bbox 1821 1643 2085 1692; x_wconf 86' lang='lat' dir='ltr'><strong>adhibenda</strong></span> <span class='ocrx_word' id='word_1_283' title='bbox 2112 1650 2343 1710; x_wconf 88' lang='lat' dir='ltr'><strong>responsio</strong></span> 
     </span>
     <span class='ocr_line' id='line_1_46' title="bbox 1332 1720 2341 1792; baseline 0.007 -24"><span class='ocrx_word' id='word_1_284' title='bbox 1332 1720 1446 1768; x_wconf 87' lang='lat' dir='ltr'><strong>Estii</strong></span> <span class='ocrx_word' id='word_1_285' title='bbox 1467 1757 1481 1780; x_wconf 85' lang='lat'>,</span> <span class='ocrx_word' id='word_1_286' title='bbox 1515 1725 1596 1787; x_wconf 91' lang='lat' dir='ltr'><strong>qui</strong></span> <span class='ocrx_word' id='word_1_287' title='bbox 1623 1725 1690 1770; x_wconf 91' lang='lat' dir='ltr'><strong>In</strong></span> <span class='ocrx_word' id='word_1_288' title='bbox 1710 1740 1756 1770; x_wconf 83' lang='lat' dir='ltr'><strong>iv</strong></span> <span class='ocrx_word' id='word_1_289' title='bbox 1778 1723 1863 1771; x_wconf 81' lang='lat' dir='ltr'><strong>lib.</strong></span> <span class='ocrx_word' id='word_1_290' title='bbox 1891 1724 2023 1773; x_wconf 85' lang='lat' dir='ltr'><strong>Sent.</strong></span> <span class='ocrx_word' id='word_1_291' title='bbox 2054 1726 2104 1774; x_wconf 89' lang='lat' dir='ltr'><strong>d.</strong></span> <span class='ocrx_word' id='word_1_292' title='bbox 2143 1743 2194 1786; x_wconf 82' lang='lat'><strong>2,</strong></span> <span class='ocrx_word' id='word_1_293' title='bbox 2218 1725 2244 1792; x_wconf 80' lang='lat'>§</span> <span class='ocrx_word' id='word_1_294' title='bbox 2270 1726 2304 1791; x_wconf 72' lang='grc'><em>4</em></span> <span class='ocrx_word' id='word_1_295' title='bbox 2328 1765 2341 1788; x_wconf 85' lang='grc'>,</span> 
     </span>
     <span class='ocr_line' id='line_1_47' title="bbox 1331 1802 2344 1871; baseline 0.007 -22"><span class='ocrx_word' id='word_1_296' title='bbox 1331 1802 1430 1851; x_wconf 83' lang='lat' dir='ltr'><strong>haec</strong></span> <span class='ocrx_word' id='word_1_297' title='bbox 1457 1804 1612 1852; x_wconf 84' lang='lat' dir='ltr'><strong>scribit</strong></span> <span class='ocrx_word' id='word_1_298' title='bbox 1636 1821 1651 1852; x_wconf 76' lang='grc' dir='ltr'><strong>ε</strong></span> <span class='ocrx_word' id='word_1_299' title='bbox 1677 1803 1792 1852; x_wconf 84' lang='lat' dir='ltr'><strong>Non</strong></span> <span class='ocrx_word' id='word_1_300' title='bbox 1810 1805 2009 1853; x_wconf 57' lang='lat' dir='ltr'><strong>&gt;videtur</strong></span> <span class='ocrx_word' id='word_1_301' title='bbox 2039 1808 2312 1871; x_wconf 78' lang='lat' dir='ltr'><strong>neqandum</strong></span> <span class='ocrx_word' id='word_1_302' title='bbox 2330 1846 2344 1869; x_wconf 88' lang='lat'><strong>‚</strong></span> 
     </span>
     <span class='ocr_line' id='line_1_48' title="bbox 1331 1884 2345 1950; baseline 0.005 -18"><span class='ocrx_word' id='word_1_303' title='bbox 1331 1885 1450 1948; x_wconf 82' lang='lat' dir='ltr'><strong>quin</strong></span> <span class='ocrx_word' id='word_1_304' title='bbox 1485 1902 1540 1933; x_wconf 91' lang='lat' dir='ltr'><strong>ea</strong></span> <span class='ocrx_word' id='word_1_305' title='bbox 1567 1886 1881 1950; x_wconf 83' lang='lat' dir='ltr'><strong>quorumdam</strong></span> <span class='ocrx_word' id='word_1_306' title='bbox 1908 1884 2134 1936; x_wconf 87' lang='lat' dir='ltr'><strong>Veterum</strong></span> <span class='ocrx_word' id='word_1_307' title='bbox 2158 1898 2345 1937; x_wconf 87' lang='lat' dir='ltr'><strong>senten-</strong></span> 
     </span>
     <span class='ocr_line' id='line_1_49' title="bbox 1331 1967 2345 2035; baseline 0.007 -23"><span class='ocrx_word' id='word_1_308' title='bbox 1331 1967 1401 2013; x_wconf 87' lang='lat' dir='ltr'><strong>tia</strong></span> <span class='ocrx_word' id='word_1_309' title='bbox 1430 1967 1613 2030; x_wconf 81' lang='lat' dir='ltr'><strong>faerit,</strong></span> <span class='ocrx_word' id='word_1_310' title='bbox 1651 1984 1743 2032; x_wconf 81' lang='lat' dir='ltr'><strong>per</strong></span> <span class='ocrx_word' id='word_1_311' title='bbox 1785 1967 1994 2016; x_wconf 86' lang='lat' dir='ltr'><strong>Joannis</strong></span> <span class='ocrx_word' id='word_1_312' title='bbox 2034 1970 2345 2035; x_wconf 81' lang='lat' dir='ltr'><strong>Baptismum</strong></span> 
     </span>
     <span class='ocr_line' id='line_1_50' title="bbox 1333 2047 2341 2116; baseline 0.006 -22"><span class='ocrx_word' id='word_1_313' title='bbox 1333 2047 1495 2095; x_wconf 87' lang='lat' dir='ltr'><strong>datam</strong></span> <span class='ocrx_word' id='word_1_314' title='bbox 1506 2049 1659 2113; x_wconf 85' lang='lat' dir='ltr'><strong>fuisse</strong></span> <span class='ocrx_word' id='word_1_315' title='bbox 1674 2051 1998 2098; x_wconf 81' lang='lat' dir='ltr'><strong>remissionem</strong></span> <span class='ocrx_word' id='word_1_316' title='bbox 2008 2060 2314 2116; x_wconf 86' lang='lat' dir='ltr'><strong>peccatorum</strong></span> <span class='ocrx_word' id='word_1_317' title='bbox 2322 2074 2341 2110; x_wconf 88' lang='grc'><strong>,-</strong></span> 
     </span>
     <span class='ocr_line' id='line_1_51' title="bbox 1332 2129 2349 2198; baseline 0.003 -20"><span class='ocrx_word' id='word_1_318' title='bbox 1332 2129 1415 2178; x_wconf 79' lang='lat' dir='ltr'><strong>sed</strong></span> <span class='ocrx_word' id='word_1_319' title='bbox 1441 2133 1486 2178; x_wconf 84' lang='lat' dir='ltr'><strong>ii</strong></span> <span class='ocrx_word' id='word_1_320' title='bbox 1510 2147 1668 2183; x_wconf 87' lang='lat' dir='ltr'><strong>omnes</strong></span> <span class='ocrx_word' id='word_1_321' title='bbox 1691 2139 1852 2180; x_wconf 89' lang='lat' dir='ltr'><strong>tamen</strong></span> <span class='ocrx_word' id='word_1_322' title='bbox 1881 2133 2132 2198; x_wconf 78' lang='lat' dir='ltr'><strong>Baptismo</strong></span> <span class='ocrx_word' id='word_1_323' title='bbox 2162 2134 2349 2183; x_wconf 81' lang='lat' dir='ltr'><strong>Christi</strong></span> 
     </span>
     <span class='ocr_line' id='line_1_52' title="bbox 1325 2211 2344 2279; baseline 0.004 -21"><span class='ocrx_word' id='word_1_324' title='bbox 1325 2211 1440 2277; x_wconf 82' lang='lat' dir='ltr'><strong>plus</strong></span> <span class='ocrx_word' id='word_1_325' title='bbox 1466 2211 1655 2277; x_wconf 83' lang='lat' dir='ltr'><strong>aliquid</strong></span> <span class='ocrx_word' id='word_1_326' title='bbox 1681 2213 1928 2269; x_wconf 82' lang='lat' dir='ltr'><strong>tribuunt,</strong></span> <span class='ocrx_word' id='word_1_327' title='bbox 1966 2231 2134 2279; x_wconf 77' lang='lat' dir='ltr'><strong>nempe</strong></span> <span class='ocrx_word' id='word_1_328' title='bbox 2174 2231 2344 2278; x_wconf 81' lang='lat' dir='ltr'><strong>quam-</strong></span> 
     </span>
     <span class='ocr_line' id='line_1_53' title="bbox 1333 2293 2342 2361; baseline 0.003 -21"><span class='ocrx_word' id='word_1_329' title='bbox 1333 2293 1445 2341; x_wconf 87' lang='lat' dir='ltr'><strong>dam</strong></span> <span class='ocrx_word' id='word_1_330' title='bbox 1477 2297 1652 2358; x_wconf 76' lang='lat' dir='ltr'><strong>qratioe</strong></span> <span class='ocrx_word' id='word_1_331' title='bbox 1684 2294 2012 2343; x_wconf 69' lang='lat' dir='ltr'><strong>excellentiam</strong></span> <span class='ocrx_word' id='word_1_332' title='bbox 2033 2333 2046 2355; x_wconf 86' lang='lat'><strong>,</strong></span> <span class='ocrx_word' id='word_1_333' title='bbox 2069 2313 2214 2361; x_wconf 84' lang='lat' dir='ltr'><strong>qua-m</strong></span> <span class='ocrx_word' id='word_1_334' title='bbox 2243 2313 2342 2345; x_wconf 88' lang='lat' dir='ltr'><strong>non</strong></span> 
     </span>
     <span class='ocr_line' id='line_1_54' title="bbox 1333 2375 2341 2441; baseline 0.005 -20"><span class='ocrx_word' id='word_1_335' title='bbox 1333 2376 1557 2423; x_wconf 83' lang='lat' dir='ltr'><strong>tribuunt</strong></span> <span class='ocrx_word' id='word_1_336' title='bbox 1579 2375 1832 2441; x_wconf 84' lang='lat' dir='ltr'><strong>Baptismo</strong></span> <span class='ocrx_word' id='word_1_337' title='bbox 1855 2377 1896 2424; x_wconf 91' lang='lat' dir='ltr'><strong><em>J</em></strong></span> <span class='ocrx_word' id='word_1_338' title='bbox 1894 2379 2092 2435; x_wconf 85' lang='lat' dir='ltr'><strong>oannis,·</strong></span> <span class='ocrx_word' id='word_1_339' title='bbox 2113 2377 2341 2441; x_wconf 84' lang='lat' dir='ltr'><strong>quomodo</strong></span> 
     </span>
     <span class='ocr_line' id='line_1_55' title="bbox 1331 2456 2342 2523; baseline 0.003 -20"><span class='ocrx_word' id='word_1_340' title='bbox 1331 2465 1376 2504; x_wconf 89' lang='lat' dir='ltr'><strong>et</strong></span> <span class='ocrx_word' id='word_1_341' title='bbox 1394 2456 1450 2504; x_wconf 86' lang='lat' dir='ltr'><strong>de</strong></span> <span class='ocrx_word' id='word_1_342' title='bbox 1466 2457 1831 2504; x_wconf 81' lang='lat' dir='ltr'><strong>circumcisione</strong></span> <span class='ocrx_word' id='word_1_343' title='bbox 1851 2473 1960 2504; x_wconf 87' lang='lat' dir='ltr'><strong>cum</strong></span> <span class='ocrx_word' id='word_1_344' title='bbox 1978 2458 2231 2523; x_wconf 84' lang='lat' dir='ltr'><strong>Baptismo</strong></span> <span class='ocrx_word' id='word_1_345' title='bbox 2247 2457 2342 2506; x_wconf 91' lang='lat' dir='ltr'><strong>col-</strong></span> 
     </span>
     <span class='ocr_line' id='line_1_56' title="bbox 1332 2525 2342 2604; baseline 0.003 -20"><span class='ocrx_word' id='word_1_346' title='bbox 1332 2537 1430 2584; x_wconf 87' lang='lat' dir='ltr'><strong>lata</strong></span> <span class='ocrx_word' id='word_1_347' title='bbox 1455 2525 1792 2585; x_wconf 22' lang='lat' dir='ltr'><strong>dicere-liceat.</strong></span> <span class='ocrx_word' id='word_1_348' title='bbox 1818 2536 1872 2585; x_wconf 88' lang='grc' dir='ltr'><em>Ε</em></span> <span class='ocrx_word' id='word_1_349' title='bbox 1873 2546 1892 2584; x_wconf 89' lang='lat' dir='ltr'><strong>t</strong></span> <span class='ocrx_word' id='word_1_350' title='bbox 1911 2538 2113 2602; x_wconf 75' lang='lat' dir='ltr'><strong>sortasse</strong></span> <span class='ocrx_word' id='word_1_351' title='bbox 2145 2548 2342 2604; x_wconf 83' lang='lat' dir='ltr'><strong>propter</strong></span> 
     </span>
     <span class='ocr_line' id='line_1_57' title="bbox 1332 2617 2339 2684; baseline 0.004 -19"><span class='ocrx_word' id='word_1_352' title='bbox 1332 2618 1611 2684; x_wconf 67' lang='lat' dir='ltr'><strong>luq&#39;usmodi</strong></span> <span class='ocrx_word' id='word_1_353' title='bbox 1632 2618 1863 2683; x_wconf 83' lang='lat' dir='ltr'><strong>quasdam</strong></span> <span class='ocrx_word' id='word_1_354' title='bbox 1897 2617 2126 2667; x_wconf 86' lang='lat' dir='ltr'><strong>Veterum</strong></span> <span class='ocrx_word' id='word_1_355' title='bbox 2151 2630 2339 2669; x_wconf 85' lang='lat' dir='ltr'><strong>senten-</strong></span> 
     </span>
     <span class='ocr_line' id='line_1_58' title="bbox 1332 2699 2341 2765; baseline 0.002 -18"><span class='ocrx_word' id='word_1_356' title='bbox 1332 2702 1428 2747; x_wconf 87' lang='lat' dir='ltr'><strong>tias</strong></span> <span class='ocrx_word' id='word_1_357' title='bbox 1462 2699 1619 2748; x_wconf 83' lang='lat' dir='ltr'><strong>noluit</strong></span> <span class='ocrx_word' id='word_1_358' title='bbox 1657 2701 1879 2765; x_wconf 80' lang='lat' dir='ltr'><strong>Synodus</strong></span> <span class='ocrx_word' id='word_1_359' title='bbox 1928 2702 2220 2749; x_wconf 84' lang='lat' dir='ltr'><strong>Tridentina</strong></span> <span class='ocrx_word' id='word_1_360' title='bbox 2260 2703 2341 2750; x_wconf 85' lang='lat' dir='ltr'><strong>de-</strong></span> 
     </span>
     <span class='ocr_line' id='line_1_59' title="bbox 1326 2782 2342 2849; baseline 0.001 -19"><span class='ocrx_word' id='word_1_361' title='bbox 1326 2784 1475 2847; x_wconf 82' lang='lat' dir='ltr'><strong>finire</strong></span> <span class='ocrx_word' id='word_1_362' title='bbox 1496 2821 1508 2842; x_wconf 90' lang='lat'><strong>‚</strong></span> <span class='ocrx_word' id='word_1_363' title='bbox 1537 2783 1787 2849; x_wconf 85' lang='lat' dir='ltr'><strong>Baptismo</strong></span> <span class='ocrx_word' id='word_1_364' title='bbox 1814 2782 2026 2832; x_wconf 88' lang='lat' dir='ltr'><strong>Joannis</strong></span> <span class='ocrx_word' id='word_1_365' title='bbox 2050 2783 2231 2832; x_wconf 89' lang='lat' dir='ltr'><strong>nullam</strong></span> <span class='ocrx_word' id='word_1_366' title='bbox 2253 2784 2342 2832; x_wconf 85' lang='lat' dir='ltr'><strong>ad·-</strong></span> 
     </span>
     <span class='ocr_line' id='line_1_60' title="bbox 1326 2867 2341 2932; baseline 0.002 -20"><span class='ocrx_word' id='word_1_367' title='bbox 1326 2867 1480 2930; x_wconf 83' lang='lat' dir='ltr'><strong>fuisse</strong></span> <span class='ocrx_word' id='word_1_368' title='bbox 1523 2868 1623 2913; x_wconf 86' lang='lat' dir='ltr'><strong>vim</strong></span> <span class='ocrx_word' id='word_1_369' title='bbox 1675 2867 1970 2914; x_wconf 83' lang='lat' dir='ltr'><strong>remissionis</strong></span> <span class='ocrx_word' id='word_1_370' title='bbox 1999 2875 2304 2932; x_wconf 80' lang='lat' dir='ltr'><strong>peccatorum</strong></span> <span class='ocrx_word' id='word_1_371' title='bbox 2319 2883 2341 2928; x_wconf 87' lang='grc'><strong>,·</strong></span> 
     </span>
     <span class='ocr_line' id='line_1_61' title="bbox 1332 2947 2340 3013; baseline 0 -17"><span class='ocrx_word' id='word_1_372' title='bbox 1332 2947 1414 2996; x_wconf 83' lang='lat' dir='ltr'><strong>sed</strong></span> <span class='ocrx_word' id='word_1_373' title='bbox 1437 2947 1722 3013; x_wconf 76' lang='lat' dir='ltr'><strong>qeneraliter</strong></span> <span class='ocrx_word' id='word_1_374' title='bbox 1735 2957 1922 2996; x_wconf 86' lang='lat' dir='ltr'><strong>tantum</strong></span> <span class='ocrx_word' id='word_1_375' title='bbox 1936 2950 2022 2996; x_wconf 89' lang='lat' dir='ltr'><strong>sub</strong></span> <span class='ocrx_word' id='word_1_376' title='bbox 2042 2949 2340 2997; x_wconf 77' lang='lat' dir='ltr'><strong>anathemate</strong></span> 
     </span>
     <span class='ocr_line' id='line_1_62' title="bbox 1331 3030 2346 3097; baseline 0 -19"><span class='ocrx_word' id='word_1_377' title='bbox 1331 3033 1528 3091; x_wconf 82' lang='lat' dir='ltr'><strong>statuit,</strong></span> <span class='ocrx_word' id='word_1_378' title='bbox 1568 3033 1730 3097; x_wconf 82' lang='lat' dir='ltr'><strong>ipsum</strong></span> <span class='ocrx_word' id='word_1_379' title='bbox 1762 3047 1863 3079; x_wconf 87' lang='lat' dir='ltr'><strong>non</strong></span> <span class='ocrx_word' id='word_1_380' title='bbox 1884 3031 2092 3079; x_wconf 85' lang='lat' dir='ltr'><strong>eamdem</strong></span> <span class='ocrx_word' id='word_1_381' title='bbox 2124 3030 2346 3079; x_wconf 78' lang='lat' dir='ltr'><strong>habuisse</strong></span> 
     </span>
     <span class='ocr_line' id='line_1_63' title="bbox 1331 3113 2345 3180; baseline -0.004 -18"><span class='ocrx_word' id='word_1_382' title='bbox 1331 3116 1432 3162; x_wconf 86' lang='lat' dir='ltr'><strong>vim</strong></span> <span class='ocrx_word' id='word_1_383' title='bbox 1460 3131 1570 3162; x_wconf 91' lang='lat' dir='ltr'><strong>cum</strong></span> <span class='ocrx_word' id='word_1_384' title='bbox 1606 3114 1859 3180; x_wconf 84' lang='lat' dir='ltr'><strong>Baptismo</strong></span> <span class='ocrx_word' id='word_1_385' title='bbox 1901 3113 2104 3162; x_wconf 78' lang='lat' dir='ltr'><strong>Christi.</strong></span> <span class='ocrx_word' id='word_1_386' title='bbox 2146 3113 2261 3180; x_wconf 77' lang='lat' dir='ltr'><strong>Qua</strong></span> <span class='ocrx_word' id='word_1_387' title='bbox 2287 3113 2345 3159; x_wconf 89' lang='lat' dir='ltr'><strong>in</strong></span> 
     </span>
     <span class='ocr_line' id='line_1_64' title="bbox 1333 3195 2346 3262; baseline -0.005 -18"><span class='ocrx_word' id='word_1_388' title='bbox 1333 3212 1383 3244; x_wconf 87' lang='lat' dir='ltr'><strong>re</strong></span> <span class='ocrx_word' id='word_1_389' title='bbox 1403 3196 1554 3262; x_wconf 84' lang='lat' dir='ltr'><strong>plane</strong></span> <span class='ocrx_word' id='word_1_390' title='bbox 1598 3195 1792 3244; x_wconf 82' lang='lat' dir='ltr'><strong>Veteres</strong></span> <span class='ocrx_word' id='word_1_391' title='bbox 1824 3212 1983 3244; x_wconf 90' lang='lat' dir='ltr'><strong>omnes</strong></span> <span class='ocrx_word' id='word_1_392' title='bbox 2026 3195 2346 3243; x_wconf 84' lang='lat' dir='ltr'><strong>inveniuntur</strong></span> 
     </span>
     <span class='ocr_line' id='line_1_65' title="bbox 1333 3275 2344 3328; baseline -0.003 -2"><span class='ocrx_word' id='word_1_393' title='bbox 1333 3280 1621 3327; x_wconf 85' lang='lat' dir='ltr'><strong>consentire.</strong></span> <span class='ocrx_word' id='word_1_394' title='bbox 1652 3279 1825 3328; x_wconf 88' lang='lat' dir='ltr'><strong>Eadem</strong></span> <span class='ocrx_word' id='word_1_395' title='bbox 1852 3280 1999 3327; x_wconf 88' lang='lat' dir='ltr'><strong>ferme</strong></span> <span class='ocrx_word' id='word_1_396' title='bbox 2033 3278 2171 3326; x_wconf 81' lang='lat' dir='ltr'><strong>habet</strong></span> <span class='ocrx_word' id='word_1_397' title='bbox 2201 3275 2344 3323; x_wconf 86' lang='lat' dir='ltr'><strong>Tout-</strong></span> 
     </span>
     <span class='ocr_line' id='line_1_66' title="bbox 1336 3356 2345 3421; baseline -0.007 -12"><span class='ocrx_word' id='word_1_398' title='bbox 1336 3371 1436 3409; x_wconf 87' lang='lat' dir='ltr'><strong>teus</strong></span> <span class='ocrx_word' id='word_1_399' title='bbox 1451 3364 1501 3408; x_wconf 90' lang='lat' dir='ltr'><strong>in</strong></span> <span class='ocrx_word' id='word_1_400' title='bbox 1518 3361 1692 3409; x_wconf 88' lang='lat' dir='ltr'><strong>dissert.</strong></span> <span class='ocrx_word' id='word_1_401' title='bbox 1720 3378 1773 3408; x_wconf 88' lang='lat'><strong>111</strong></span> <span class='ocrx_word' id='word_1_402' title='bbox 1796 3398 1809 3420; x_wconf 83' lang='lat'>‚</span> <span class='ocrx_word' id='word_1_403' title='bbox 1831 3359 1912 3408; x_wconf 90' lang='lat' dir='ltr'><strong>De</strong></span> <span class='ocrx_word' id='word_1_404' title='bbox 1931 3360 2145 3408; x_wconf 83' lang='lat' dir='ltr'><strong>doctrina</strong></span> <span class='ocrx_word' id='word_1_405' title='bbox 2169 3356 2223 3404; x_wconf 91' lang='lat' dir='ltr'><strong>S.</strong></span> <span class='ocrx_word' id='word_1_406' title='bbox 2246 3356 2345 3421; x_wconf 78' lang='lat' dir='ltr'><strong>Cy-</strong></span> 
     </span>
     <span class='ocr_line' id='line_1_67' title="bbox 1341 3438 2344 3506; baseline -0.005 -17"><span class='ocrx_word' id='word_1_407' title='bbox 1341 3441 1444 3491; x_wconf 74' lang='lat' dir='ltr'><strong>rilli</strong></span> <span class='ocrx_word' id='word_1_408' title='bbox 1474 3441 1718 3494; x_wconf 76' lang='lat' dir='ltr'><strong>Hierosol,</strong></span> <span class='ocrx_word' id='word_1_409' title='bbox 1745 3460 1845 3506; x_wconf 91' lang='lat' dir='ltr'><strong>cap.</strong></span> <span class='ocrx_word' id='word_1_410' title='bbox 1875 3439 1907 3489; x_wconf 88' lang='lat'>8</span> <span class='ocrx_word' id='word_1_411' title='bbox 1926 3477 1942 3504; x_wconf 85' lang='lat'><strong><em>,</em></strong></span> <span class='ocrx_word' id='word_1_412' title='bbox 1962 3459 2013 3488; x_wconf 90' lang='lat' dir='ltr'><strong>n.</strong></span> <span class='ocrx_word' id='word_1_413' title='bbox 2048 3438 2112 3487; x_wconf 90' lang='lat'><strong>60</strong></span> <span class='ocrx_word' id='word_1_414' title='bbox 2140 3448 2184 3486; x_wconf 88' lang='lat' dir='ltr'><strong>et</strong></span> <span class='ocrx_word' id='word_1_415' title='bbox 2211 3456 2344 3503; x_wconf 85' lang='lat' dir='ltr'><strong>seqq.</strong></span> 
     </span>
     <span class='ocr_line' id='line_1_68' title="bbox 1341 3520 2345 3590; baseline -0.007 -18"><span class='ocrx_word' id='word_1_416' title='bbox 1341 3525 1422 3573; x_wconf 91' lang='lat' dir='ltr'><strong>ubi</strong></span> <span class='ocrx_word' id='word_1_417' title='bbox 1452 3527 1548 3590; x_wconf 87' lang='lat' dir='ltr'><strong>ipse</strong></span> <span class='ocrx_word' id='word_1_418' title='bbox 1575 3525 1686 3586; x_wconf 84' lang='lat' dir='ltr'><strong>cfr.;</strong></span> <span class='ocrx_word' id='word_1_419' title='bbox 1715 3521 1893 3572; x_wconf 85' lang='lat' dir='ltr'><strong>erudite</strong></span> <span class='ocrx_word' id='word_1_420' title='bbox 1922 3523 2046 3571; x_wconf 80' lang='lat' dir='ltr'><strong>enim</strong></span> <span class='ocrx_word' id='word_1_421' title='bbox 2075 3520 2130 3568; x_wconf 92' lang='lat' dir='ltr'><strong>de</strong></span> <span class='ocrx_word' id='word_1_422' title='bbox 2163 3520 2251 3567; x_wconf 89' lang='lat' dir='ltr'><strong>hoc</strong></span> <span class='ocrx_word' id='word_1_423' title='bbox 2269 3535 2345 3566; x_wconf 88' lang='lat' dir='ltr'><strong>ar-</strong></span> 
     </span>
     <span class='ocr_line' id='line_1_69' title="bbox 1340 3615 1840 3673; baseline -0.006 -17"><span class='ocrx_word' id='word_1_424' title='bbox 1340 3618 1556 3673; x_wconf 85' lang='lat' dir='ltr'><strong>gumento</strong></span> <span class='ocrx_word' id='word_1_425' title='bbox 1589 3615 1840 3672; x_wconf 85' lang='lat' dir='ltr'><strong>pertractat.</strong></span> 
     </span>
    </p>
   </div>
  </div>
 </body>
</html>
