2502 4186
262 239 382 302 ‘178

884 253 1208 295 TRACTATUS
1252 253 1321 290 ΒΕ
1364 253 1433 290 ΕΙ]
1441 253 1735 295 GHAMS'HA
1747 283 1758 295 .

263 405 391 464 talis
426 412 512 462 est
549 399 707 476 origo
752 415 1089 477 progressus
1134 395 1597 453 Protestantismi
1637 397 1699 455 in
1733 396 1842 456 hac
1901 403 2142 463 veritate
2194 427 2372 487 repu-

258 495 472 557 dianda
502 539 518 568 a
555 503 622 549 ut
663 489 738 549 de
772 490 978 548 ceteris
1015 487 1286 546 sileamus
1323 511 1336 546 :
1375 500 1512 548 ante
1547 490 1868 550 Lutherum
1909 492 2050 553 boni
2095 499 2372 561 Catholici

261 613 371 674 pro
419 585 664 646 rudioris
716 584 828 644 aevi
883 582 1120 662 ingenio
1170 581 1349 642 fidem
1400 582 1570 642 realis
1625 583 1839 644 Christi
1882 592 2206 668 praesentiae
2259 617 2374 655 sec-

259 684 566 756 tabantur,
603 689 780 761 prout
817 686 876 736 et
903 697 1062 735 nune
1090 688 1387 736 sectantur
1408 724 1423 753 ,
1460 699 1593 737 cum
1626 679 1859 739 nullum
1891 704 2261 763 progressum
2289 690 2374 748 fe-

254 778 476 848 cerint3
509 785 570 833 at
595 773 905 847 Lutheru87
943 782 1148 853 utpote
1175 773 1368 832 minus
1402 773 1587 845 rudiS,
1619 776 1819 852 reJ'ecit
1849 779 2374 842 transsubstantia-

256 877 514 944 tionem3
553 867 905 948 ZwingliuS‚
951 865 1262 943 Calvinus),
1303 870 1588 941 BuceruS‚
1633 870 1752 928 imo
1792 870 1919 953 'ipse
1956 874 2374 936 Melanchthon

256 967 438 1047 magis
471 964 836 1047 proficientes
871 961 1110 1020 inficiati
1145 974 1284 1022 sunt
1323 963 1541 1024 realem
1572 964 1787 1024 Christi
1813 971 2219 1047 praesentiam3
2260 975 2375 1032 Ra*

253 1061 559 1123 tionalistae
592 1058 832 1117 ulterius
875 1058 1163 1138 progressi
1195 1071 1485 1138 negarunt
1520 1060 1707 1141 ipsam
1743 1060 2122 1140 symbolicam
2159 1088 2375 1149 reprae-

251 1157 682 1226 sentationem3
718 1162 900 1212 restat
942 1151 1133 1211 adhuc
1165 1157 1414 1214 moralis
1458 1177 1607 1214 usus
1625 1197 1647 1227 ,
1690 1166 1755 1214 ut
1800 1169 2046 1233 vocant,
2091 1170 2374 1244 tanquam

252 1254 463 1314 :unicus
488 1251 707 1308 fructus
734 1269 805 1307 ex
835 1247 1194 1307 Eucharistia
1222 1250 1652 1330 percipiendus.
1696 1252 2081 1333 Expectamus
2110 1254 2230 1316 fore
2272 1269 2336 1317 ut
2356 1301 2372 1333 ἦ

253 1345 663 1431 progrediente
695 1343 877 1424 magis
911 1342 1225 1402 hominum
1257 1343 1489 1423 ingenio
1509 1390 1524 1419 ,
1552 1345 1663 1405 hoc
1695 1347 1872 1407 etiam
1895 1393 1910 1421 7
1941 1349 2098 1429 quod
2125 1350 2219 1409 isti
2247 1353 2375 1412 reli-

252 1464 437 1525 quum
476 1441 781 1510 fecerunt,
833 1440 880 1498 si
925 1450 1128 1498 tamen
1167 1437 1388 1520 aliquid
1438 1452 1562 1516 est,
1608 1440 1682 1500 ab
1720 1462 1921 1502 eorum
1959 1446 2376 1507 successoribus

251 1539 428 1621 plane
463 1537 774 1615 rejiciatur.
824 1534 994 1594 Certe
1044 1555 1168 1592 non
1208 1533 1424 1594 desunt
1468 1557 1540 1596 ex
1583 1538 2001 1598 recentioribus
2053 1540 2372 1618 haereticis,

254 1635 355 1717 qui
378 1655 486 1716 pro
511 1631 646 1691 solis
677 1629 965 1711 Apostolis
990 1650 1220 1690 coenam
1239 1630 1569 1691 institutam
1591 1653 1715 1693 esse
1737 1634 2032 1693 affirment
2061 1636 2169 1715 (1).
2197 1636 2375 1697 Nobis

251 1730 491 1788 interim
514 1737 648 1808 post
687 1746 753 1785 ea
773 1768 789 1800 ‚
838 1745 967 1806 quae
1010 1723 1293 1784 hactenus
1330 1746 1402 1784 ex
1453 1727 1637 1787 Sacris
1679 1730 1908 1789 Litteris
1950 1730 2375 1813 disputavimus

255 1823 534 1885 adversus
558 1823 696 1880 istos
731 1819 907 1880 seculi
942 1818 1113 1897 hujus
1141 1819 1460 1902 prudentes
1498 1833 1558 1881 et
1594 1824 1882 1905 sapientes
1904 1871 1920 1900 .,
1953 1825 2124 1885 liceat
2149 1827 2373 1887 solvere

251 1922 373 1979 Deo
404 1919 563 1976 Patri
602 1915 1047 1976 eucharisticum
1084 1914 1376 1994 hymnum
1415 1917 1610 1977 verbis
1647 1919 1783 2001 ipsis
1802 1963 1825 1992 ,
1863 1919 2075 2002 quibus
2118 1944 2253 1980 usus
2285 1934 2374 1982 est

249 2013 514 2073 Christus
558 2011 731 2070 Filius
777 2015 899 2088 ejus
940 2032 954 2068 τ
1015 2009 1303 2087 Confiteor
1343 2013 1462 2069 tibi
1487 2057 1503 2086 ,
1548 2014 1767 2088 Pater-3
1825 2017 2088 2074 Domine
2144 2020 2281 2075 eceli
2322 2031 2377 2076 et

250 2098 425 2168 terroe
441 2151 463 2180 ,
504 2111 658 2187 quia
697 2106 1067 2165 abscondisti
1104 2106 1227 2165 boeo
1263 2128 1302 2164 a
1334 2110 1711 2186 sapientibus
1754 2121 1808 2167 et
1836 2110 2244 2187 prudentibus
2265 2157 2281 2187 ,
2323 2124 2380 2171 et

245 2205 522 2262 revelasti
559 2223 629 2260 ea
662 2203 969 2280 parvuli&
1022 2200 1123 2259 Ita
1159 2201 1346 2259 Pater
1378 2226 1397 2267 ,-
1435 2208 1732 2280 quoniam
1772 2209 1860 2263 sio
1900 2207 2205 2283 placit-um
2242 2210 2377 2286 fuit

250 2310 390 2358 ante
423 2310 476 2357 te
509 2298 616 2378 (2).

313 2491 389 2555 (l)
423 2490 606 2539 Etenim
637 2487 950 2552 Anabaptistae
985 2497 1032 2535 et
1065 2485 1269 2536 Menno-

250 2576 357 2622 nitae
397 2589 575 2620 coenam
618 2587 796 2619 sacram
835 2579 1017 2617 tantum
1059 2585 1268 2618 ceremo-

251 2657 380 2703 niam
396 2653 746 2702 ecclcsiasticam
761 2669 859 2700 esse
877 2652 1046 2700 docent
1066 2685 1082 2710 ,
1100 2668 1270 2698 memo-

252 2739 333 2784 riae
355 2736 511 2782 mortis
522 2732 697 2780 Christi
725 2733 979 2780 recolendae
1008 2730 1267 2780 inservien-

255 2823 370 2866 tem.
399 2814 610 2863 Gerhard
635 2849 650 2876 ‚
692 2832 720 2861 x
740 2849 754 2873 ,
807 2809 902 2876 164
921 2850 935 2872 ,
964 2811 1200 2860 Sociniani
1230 2822 1276 2860 et

258 2897 518 2946 Arminiani
564 2894 902 2943 Eucharistiam
975 2911 1072 2944 esse
1131 2896 1274 2961 ritum

252 2979 608 3027 mnemonicum
623 2995 649 3025 a
663 2975 844 3025 Christo
862 2986 1143 3041 praeceptum
1160 2992 1273 3023 con-

254 3061 470 3111 tendunt.
520 3058 718 3125 Quakeri
767 3076 902 3107 usum
954 3073 1093 3106 coenae
1136 3072 1272 3106 sacrae

251 3143 394 3207 ,plane
421 3143 657 3207 rejiciunt.
687 3137 766 3189 Sic
793 3142 920 3189 enim
960 3140 1120 3188 scribit
1157 3137 1272 3187 Bar-

258 3223 358 3289 clay
377 3259 391 3283 ‚
426 3222 631 3288 Apoloy.
664 3221 796 3271 theol.
823 3238 928 3271 vere
966 3221 1227 3269 chistianae
1248 3255 1265 3280 ‚

256 3297 377 3354 thes.
404 3302 485 3366 18,
522 3303 550 3370 ἓ
573 3302 664 3354 Get
677 3322 776 3370 seq.
794 3304 987 3368 Fiqara
1002 3302 1263 3367 aliquando

1352 2489 1407 2535 in
1421 2487 1619 2536 ecclesia
1633 2488 1894 2554 apostolica
1905 2491 2219 2542 imbecillium
2227 2510 2375 2543 causa

1352 2568 1582 2618 celebrata
1600 2607 1614 2631 ‚
1643 2570 1727 2618 sed
1753 2571 1902 2620 veluti
1920 2573 2124 2633 umbra,
2164 2574 2251 2621 ubi
2268 2576 2377 2623 sub·

1351 2652 1582 2698 stantiam
1612 2654 1819 2700 assecuti
1850 2669 2018 2700 sumus
2032 2689 2048 2714 ,
2074 2670 2268 2703 cessans
2289 2693 2303 2716 ,
2331 2666 2376 2705 et

1351 2730 1491 2778 hodie
1521 2725 1817 2781 Christianis
1836 2736 2040 2781 minime
2069 2737 2371 2788 incumbens.

1356 2810 1534 2878 Nempe
1573 2813 1642 2861 his
1688 2823 1808 2863 recte
1847 2816 2147 2880 applicaveris
2193 2819 2371 2869 dietum

1355 2891 1487 2953 J0e1‚
1516 2911 1552 2954 1,
1579 2891 1645 2958 4:
1678 2895 1955 2944 Residuum
1976 2915 2133 2946 eracoe
2157 2900 2367 2949 comedit

1355 2974 1534 3023 locusta
1551 3013 1564 3036 ,
1592 2985 1637 3024 et
1666 2977 1914 3026 residuum
1954 2979 2141 3029 locustae
2169 2982 2374 3030 comedit

1353 3057 1590 3121 bruchus,
1619 3066 1664 3106 et
1683 3059 1929 3108 residuum
1955 3062 2129 3112 bruchi
2160 3063 2367 3113 comedit

1353 3139 1540 3204 rubiqo.

1421 3221 1482 3287 (2)
1520 3221 1686 3272 Matth.
1718 3241 1763 3272 x1
1785 3262 1798 3286 ,
1832 3223 1917 3276 25.
