2502 4186
295 227 413 290 3U8
921 245 1248 286 TRAGTATUS
1292 248 1364 283 mr
1404 247 1793 289 mammenus.

295 388 512 448 labitur
532 430 548 461 ,
581 385 714 467 quia
747 395 982 446 revocat
1013 386 1066 445 ei
1103 386 1167 444 in
1204 397 1467 446 mentem
1496 388 1728 467 signum
1758 409 1860 447 seu
1894 381 2100 470 pignus
2127 394 2409 471 justifica—

295 481 492 555 tionis,
524 500 702 562 quam
722 492 810 540 est
830 481 1080 564 adeptus
1106 501 1214 562 per
1237 481 1446 556 fidem,
1464 503 1747 564 quorsum
1772 483 2040 544 instituta
2070 498 2157 546 est
2184 490 2406 549 Eucha-

293 576 454 636 ristia
481 621 498 651 ,
531 574 660 658 q‘uae
695 577 916 658 pariter
942 595 1054 658 per
1077 574 1256 652 fidem
1288 598 1420 636 suos
1449 576 1721 669 producit
1749 578 1987 639 effectus
2012 579 2045 636 Ρ
2082 581 2245 660 Ergo.
2319 587 2322 592 '

1108 766 1602 836 mricuLTATES.

372 960 474 1019 26.
527 957 665 1037 0135.
701 959 913 1041 prima.
956 960 1027 1018 In
1057 956 1370 1043 Scriptus-is
1403 983 1636 1043 semper
1674 964 2003 1046 Baptismus
2038 985 2172 1025 cum
2214 967 2414 1027 Poeni-

298 1055 482 1115 tentia
504 1054 893 1134 ⁴’conjungitur
913 1098 930 1129 ,
975 1075 1040 1114 ac
1073 1055 1374 1138 Baptismo
1405 1055 1687 1116 tribuitur
1719 1064 2088 1140 peccatorum
2121 1062 2408 1121 remissio.

293 1151 406 1224 Sic,
443 1150 566 1208 Act.
593 1149 644 1208 Π
666 1195 682 1223 ,
713 1149 815 1225 38,
839 1150 1051 1210 dicitur
1075 1173 1089 1209 z
1118 1153 1548 1212 Paenitentiam
1577 1158 1756 1234 aqi'te,
1779 1164 1834 1212 et
1853 1155 2193 1235 baptizetur
2216 1178 2415 1216 unus-

291 1245 545 1326 quisque
593 1257 924 1304 vestrwm...
978 1251 1052 1306 in
1095 1253 1502 1308 renm’ssionem
1528 1260 1934 1329 peecatorum.
1988 1251 2163 1311 Marci
2214 1252 2238 1309 Ι
2266 1297 2282 1324 ,
2331 1252 2369 1310 4
2395 1298 2409 1326 ,

291 1339 640 1423 praedicatur
681 1341 1015 1423 Baptismus
1053 1343 1419 1423 poenitentiae
1454 1348 1524 1402 in
1563 1349 1974 1407 remissionem
2004 1357 2410 1426 peecatorum.

293 1435 413 1495 Nec
440 1434 549 1497 alia
576 1436 804 1495 ratione
829 1436 1092 1496 Christus
1116 1483 1133 1513 ,
1171 1458 1243 1497 ex
1271 1431 1570 1519 Apostolo,
1600 1439 1810 1522 Ephes.
1843 1442 1888 1499 V
1910 1486 1925 1516 ,
1956 1442 2071 1514 26,
2105 1440 2414 1500 Ecclesiam

293 1551 463 1591 suam
496 1532 880 1594 sanctificavit
899 1579 914 1610 ,
948 1553 1130 1614 quam*
1162 1536 1475 1594 mumolum·
1508 1556 1643 1594 eam
1667 1537 1910 1595 lavacro
1934 1558 2113 1617 aquoe
2141 1540 2214 1595 in
2244 1538 2416 1596 verbo

294 1631 455 1687 vitoe.
482 1628 674 1700 Quare
691 1628 1012 1689 universim
1026 1631 1378 1711 pronunciat
1392 1629 1687 1714 Christus:
1721 1633 1896 1692 Marc.
1914 1631 2052 1708 ult„
2077 1634 2202 1713 Qui
2219 1633 2416 1692 credi-

294 1724 458 1782 devite
483 1734 539 1783 et.
560 1725 898 1803 baptizamus
920 1728 1141 1803 fuerit,
1163 1728 1367 1785 salvus
1382 1732 1514 1785 erit.

375 1817 489 1878 27..
527 1820 699 1900 Resp.
731 1822 892 1879 Diaeta
924 1831 1053 1879 am.
1086 1822 1470 1900 Conjungitur
1507 1823 1836 1904 Baptismus
1859 1845 1998 1882 cum
2025 1825 2377 1906 poenitentia
2398 1870 2416 1901 ,

296 1924 471 1994 prout
506 1913 690 1973 virtus
723 1925 812 1973 est
831 1960 848 1990 ,
878 1914 940 1973 in
975 1913 1189 1973 adultis
1212 1960 1227 1989 ,
1264 1927 1329 1975 ut
1357 1928 1731 1996 peccatorum
1754 1929 2156 1978 anteactorum
2182 1919 2416 1980 veniam

297 2006 638 2083 obtineant,
674 2028 866 2075 oono.,·
910 2029 1044 2068 cum
1082 2010 1432 2091 poenitentia
1453 2055 1469 2085 ,
1502 2023 1676 2092 prout
1707 2013 2149 2072 Sacramentum
2181 2025 2302 2088 est7
2342 2012 2417 2072 ad

297 2102 548 2163 delenda
578 2114 810 2185 peccata
840 2114 974 2186 post
1001 2105 1366 2185 Baptismum
1393 2116 1624 2187 patrata
1644 2152 1660 2182 ,
1699 2129 1830 2188 neq.
1865 2108 2114 2180 Quando
2143 2109 2207 2166 in
2234 2108 2419 2189 Scrip-

301 2199 443 2256 turis
480 2199 831 2280 poenitentia
865 2200 1134 2279 exigitur,
1172 2212 1237 2259 ut
1264 2199 1450 2260 adulti
1482 2223 1617 2260 cum
1651 2201 1842 2261 fructu
1882 2203 2196 2286 suscipiant
2219 2205 2421 2263 Sacra-

296 2305 567 2352 mentum
609 2295 887 2377 Baptismi
909 2340 924 2369 ,
985 2296 1234 2375 exigitur
1276 2308 1340 2354 ut
1383 2296 1686 2378 dispositio
1743 2318 1808 2356 ac
1846 2309 2023 2380 prout
2075 2298 2264 2359 virtus
2306 2308 2413 2358 est.

298 2389 524 2448 Dicitur
548 2411 693 2449 vero
711 2391 962 2450 conferri
984 2393 1348 2474 Baptismum
1373 2393 1435 2452 in
1459 2394 1862 2453 remissionem
1881 2405 2273 2476 peccatorum,
2299 2414 2420 2450 non

297 2482 561 2544 absolute
579 2530 596 2560 .,
624 2486 745 2548 sive
763 2486 837 2546 de
860 2486 1131 2547 omnibus
1157 2489 1433 2570 peccam,
1461 2511 1592 2570 quae
1617 2500 1751 2571 post
1776 2490 2070 2571 Baptisma
2085 2498 2418 2571 patrantur,

297 2578 400 2639 sed
431 2579 507 2640 de
544 2580 611 2638 iis
635 2603 764 2662 quae
787 2583 1151 2664 Baptismum
1176 2594 1600 2665 praecesserunt
1627 2629 1643 2660 ,
1682 2596 1748 2643 ut
1770 2605 1877 2666 per
1904 2605 1965 2643 se
1995 2594 2238 2642 constat.
2269 2583 2419 2642 Sane

297 2677 491 2758 quoad
527 2690 781 2760 peccata,
812 2680 874 2738 in
902 2699 1030 2762 quae
1061 2680 1262 2741 fideles
1290 2693 1425 2763 post
1467 2682 1831 2763 Baptismum
1858 2681 2004 2762 lapsi
2042 2680 2215 2754 sunt,
2253 2702 2409 2738 nun-

300 2794 478 2854 quam
512 2772 635 2833 haec
673 2774 1060 2855 perhibentur
1094 2776 1284 2836 deleta
1320 2777 1381 2838 vi
1409 2777 1721 2858 Baptismi‚
1767 2797 1960 2859 neque
1997 2777 2310 2857 Scripturae
2347 2776 2420 2833 fi-

306 2867 467 2928 deles
489 2880 821 2952 peccatores
845 2871 1226 2932 cohoi·tantur
1255 2871 1329 2931 ad
1346 2871 1817 2942 recordationem
1845 2872 2094 2953 suscepti
2121 2871 2426 2953 Baptismi,

298 2975 372 3023 ut
411 2987 613 3025 eorum
646 2967 879 3026 veniam
903 2979 1333 3049 consequantur
1354 3014 1370 3044 ,
1398 2966 1502 3027 sed
1527 2966 1656 3026 illos
1680 2967 1754 3026 ad
1799 2966 1981 3026 solam
2009 2967 2422 3026 Paenitentiam

253 3062 257 3068 “
297 3062 571 3121 excitant.
599 3063 773 3138 Hinc,
802 3065 925 3123 Act.
961 3065 1087 3123 VIII
1108 3110 1123 3138 ,
1143 3065 1257 3140 22,
1282 3067 1487 3122 Petrus
1517 3065 1740 3122 Simoni
1764 3068 1888 3141 jam
1913 3063 2207 3145 baptizato
2234 3062 2381 3120 dixit
2408 3083 2420 3119 :

297 3158 729 3219 Paenitentiam
759 3182 865 3240 aye
905 3162 983 3219 ab
1013 3165 1124 3219 hae
1152 3165 1422 3239 nequitia
1463 3171 1569 3219 tua
1598 3206 1613 3234 ,
1649 3170 1707 3218 et
1735 3181 1879 3239 roqa
1912 3160 2142 3230 Deum,
2180 3163 2239 3215 si
2269 3159 2424 3235 forte

298 3257 651 3313 remittatur
700 3256 819 3332 tihi
867 3256 991 3314 lioee
1048 3257 1323 3335 coyitatio
1361 3257 1556 3314 cordis
1591 3261 1706 3314 tui.
1758 3255 1848 3317 Sic
1902 3255 2081 3314 etiam
2131 3254 2423 3311 incestuo-

300 3371 430 3408 sum
457 3349 624 3407 illum
649 3351 1041 3426 Corinthium,
1059 3372 1233 3433 quem
1260 3351 1567 3432 Apostolus
1597 3373 1667 3411 ex
1691 3362 1979 3433 potestate
2003 3348 2112 3408 sibi
2136 3370 2166 3407 a
2194 3347 2422 3407 Christo

299 3443 434 3504 data
465 3444 766 3525 ligaverat,
804 3447 825 3505 Ι
857 3447 986 3505 Cor.
1018 3448 1060 3505 V
1081 3492 1097 3520 ,
1130 3466 1202 3527 ex
1232 3447 1436 3507 eadem
1461 3458 1775 3529 potestate,
1807 3447 1859 3505 11
1887 3447 2020 3504 Cor.
2058 3446 2141 3518 11,
2169 3441 2343 3502 solvit
2361 3441 2421 3499 in

298 3562 544 3622 persona
583 3541 814 3600 Christi.
858 3543 977 3600 Hac
1013 3542 1238 3601 ratione
1274 3543 1489 3624 exponi
1532 3541 1754 3602 debent
1789 3541 2220 3622 Scripturarum
2256 3537 2424 3595 testi-

299 3637 496 3694 monia
521 3681 536 3710 ,
581 3656 707 3716 quae
756 3636 924 3696 nobis
983 3635 1341 3716 objiciuntur
1388 3660 1456 3696 ex
1516 3637 1925 3716 conjunctione
1963 3632 2237 3715 Baptismi
2290 3652 2424 3689 cum

299 3733 672 3812 poenitentia.
