2502 4186
495 247 620 285 cu».
668 248 709 284 1.
764 247 833 283 mi
875 242 1155 288 vnum-rs
1196 238 1546 280 sacnananu
1569 261 1585 292 ‚
1631 239 1732 277 mc
2057 218 2173 279 367

73 389 305 473 penitus
354 387 608 447 sustulit.
652 389 871 447 Omnes
919 384 1118 445 tamen
1151 385 1544 442 Protestantes
1572 390 1632 439 et
1663 382 1982 443 Reformati
2012 385 2076 444 in
2109 405 2179 444 eo

75 483 459 558 conveniunt,
497 481 649 564 quod
678 479 1028 541 Poenitentia
1047 499 1175 536 snon
1202 474 1360 535 aliud
1386 475 1463 533 sit
1485 495 1662 555 quam
1686 476 2179 560 recordatio'Bap-

77 578 233 638 tismi
265 598 372 636 nec
405 576 478 636 ab
517 577 642 658 ipso
667 575 1071 655 distinguatur.
1118 572 1265 630 Cum
1306 570 1465 629 enim
1498 569 1561 626 in
1594 569 1854 650 ipsorum
1881 574 2178 656 principiis

72 673 253 752 gratia
291 694 410 731 non
451 671 781 731 conferatur
813 691 921 752 per
959 670 1365 738 Sacramenta,
1409 685 1518 723 nec
1556 664 1866 727 deleantur
1901 681 2132 751 peccata
2154 715 2171 744 .,

73 767 176 827 sed
211 765 400 826 solum
424 787 544 824 non
581 766 948 846 imputentur
977 763 1036 825 vi
1060 759 1194 820 fidei
1216 805 1231 834 a
1266 780 1443 841 quam
1477 760 1848 821 Sacramenta
1883 765 2180 841 excitant,

70 861 210 921 inde
244 863 311 920 fit
350 871 413 919 ut
451 871 751 942 peccatum
792 855 1066 938 originale
1107 876 1241 914 cum
1286 854 1402 913 suis
1434 857 1656 933 formis
1691 860 2182 935 particularibus
2284 928 2286 930 ,

65 958 282 1036 jugiter
304 967 641 1036 perseveret
674 955 737 1013 in
773 953 1011 1014 homine
1038 961 1171 1033 post
1198 949 1579 1031 Baptismum.
1605 951 1790 1028 Hinc,
1823 973 1956 1011 cum
1985 974 2182 1034 pecca-

74 1062 201 1108 tum
223 1048 379 1109 istud
392 1047 769 1132 primordiale
793 1070 914 1107 non
936 1048 1259 1128 imputetur
1278 1043 1353 1103 ad
1377 1065 1617 1126 poenam
1652 1045 1728 1104 ob
1758 1045 1938 1107 fidem
1957 1092 1976 1123 ,
2003 1070 2181 1130 quam

75 1143 255 1205 semel
291 1145 561 1204 excitavit
585 1144 872 1224 Baptisma
893 1186 910 1216 ‚
942 1140 1204 1222 sequitur
1232 1160 1462 1220 quoque
1486 1162 1556 1200 ex
1578 1142 1822 1204 istorum
1852 1141 2184 1225 hypothesi,

73 1240 335 1319 ejusdem
358 1239 578 1321 peccati
587 1238 1017 1318 primordialis
1038 1238 1553 1314 manifestationes
1589 1258 1691 1296 seu
1719 1241 1958 1316 formas
1968 1244 2184 1318 parti-

70 1338 303 1394 culares
332 1333 548 1394 scilicet
590 1343 822 1415 peccata
859 1330 1103 1391 actualia
1139 1352 1262 1389 non
1297 1330 1576 1411 imputari
1607 1333 1824 1414 pariter
1847 1334 1923 1394 ad
1943 1355 2186 1414 poenam

72 1429 331 1509 ejusdem
378 1429 513 1489 fidei
552 1429 807 1496 virtute,
851 1448 965 1509 qua
1007 1436 1311 1508 peccatum
1352 1426 1631 1508 originale
1674 1450 1797 1487 non
1832 1429 2181 1510 imputatur.

73 1526 222 1583 Satis
256 1535 567 1606 propterea
607 1522 830 1581 homini
877 1532 965 1580 est
997 1521 1059 1578 in
1090 1520 1435 1580 memoriam
1467 1542 1739 1582 revocare
1782 1523 2146 1604 Baptismum
2167 1567 2183 1599 ‚

80 1631 146 1678 ut
181 1641 303 1678 non
333 1619 643 1700 imputatio
685 1638 785 1676 seu
823 1614 1108 1674 absolutio
1145 1613 1428 1694 generalis
1459 1614 1557 1674 illa
1591 1617 1874 1696 Baptismi
1903 1618 2188 1699 producat

75 1736 207 1773 suos
238 1713 473 1773 effectus
495 1758 511 1787 a
553 1734 686 1771 cum
717 1732 779 1770 se
803 1731 864 1769 se
895 1710 1228 1770 extenderit
1269 1708 1343 1767 ad
1367 1721 1600 1791 peccata
1641 1712 1837 1771 omnia
1879 1723 2008 1772 tum
2037 1735 2189 1795 prae-

74 1811 245 1869 terita
271 1820 398 1866 tum
432 1807 644 1865 futura.
691 1807 893 1886 ltaque
925 1826 991 1864 ea
1027 1815 1114 1864 est
1144 1805 1605 1865 Protestantium
1630 1808 1921 1868 sententia
1944 1854 1960 1884 ,
1999 1820 2066 1869 ut
2100 1810 2188 1870 ef-

73 1904 255 1963 fectus
293 1901 664 1962 Poenitentiae
703 1920 907 1959 omnes
956 1921 990 1958 a
1032 1900 1329 1981 Baptismo
1363 1899 1796 1982 producantur,
1847 1925 1955 1964 nec
1993 1905 2191 1965 Poeni-

72 1998 271 2057 tentiae
309 1996 461 2055 ullus
497 1997 572 2055 sit
607 1995 862 2077 reliquus
911 1995 1066 2053 inter
1111 1995 1481 2054 Sacramenta
1516 1995 1671 2056 locus
1706 1998 1812 2078 (1).
1859 2000 2007 2058 Cum
2051 2021 2192 2061 vero

72 2115 143 2154 ex
177 2093 454 2153 doctrinae
484 2091 744 2151 Ecclesiae
784 2089 1077 2150 catholicae
1113 2090 1484 2150 Sacramenta
1528 2113 1662 2153 vere
1696 2092 2025 2175 producant
2057 2117 2192 2174 gra-

73 2189 216 2248 tiam
238 2234 253 2263 ,
293 2209 426 2247 vere
458 2187 788 2267 Baptismus
815 2184 1009 2244 deleat
1033 2196 1338 2266 peccatum
1361 2231 1377 2260 a
1403 2197 1463 2245 et
1484 2188 1666 2266 gratia
1694 2189 1802 2248 ista
1831 2211 1937 2270 per
1965 2212 2190 2251 novum

74 2294 378 2364 peccatum
399 2282 589 2341 amitti
612 2281 818 2363 possit,
839 2280 1125 2362 sequitur⁷
1150 2279 1259 2339 alia
1282 2279 1479 2340 tabula
1497 2292 1628 2364 post
1653 2281 2019 2364 naufragium
2044 2307 2190 2367 opus

0 2438 3 2442 ,
74 2401 196 2438 esse
219 2423 234 2453 ‚
267 2375 333 2436 ut
362 2377 541 2436 homo
568 2388 701 2458 post
732 2375 1094 2457 Baptismum
1124 2375 1319 2458 lapsus
1340 2378 1523 2457 possit
1551 2399 1611 2437 se
1641 2379 1704 2437 in
1729 2390 1969 2460 portum
1992 2378 2194 2439 salutis

71 2473 348 2554 recipere.
384 2473 574 2544 Quare
602 2471 746 2532 fides
770 2469 1030 2530 Ecclesiae
1059 2482 1180 2546 est,
1211 2472 1564 2532 Poenitentia
1591 2475 2034 2536 Sacramentum
2069 2497 2193 2536 esse

74 2590 106 2627 a
137 2568 432 2649 Baptismo
457 2566 819 2628 distinctum.
836 2565 1093 2625 Utshanc
1125 2566 1387 2627 Ecclesiae
1425 2567 1753 2629 doctrinam
1790 2570 2153 2632 vindicemus
2175 2615 2191 2645 ,

76 2663 194 2722 duo
230 2661 511 2722 debemus
559 2661 785 2722 efficere
822 2707 838 2736 ‚
884 2662 1075 2743 primo
1121 2661 1418 2724 adstruere
1478 2666 1785 2746 veritatem
1836 2667 2196 2728 Sacramenti

86 2758 487 2833 Poenitentiae‚
536 2756 749 2817 deinde
782 2757 1090 2816 ostendere
1145 2756 1255 2817 hoc
1291 2759 1730 2820 Sacramentum
1767 2784 1799 2821 a
1824 2764 2197 2823 Sacramento

78 2853 357 2934 Baptismi
391 2852 566 2934 plane
595 2852 1001 2912 discriminari.
1028 2854 1168 2926 Quae
1200 2864 1266 2912 ut
1298 2876 1673 2937 assequamur
1695 2901 1712 2934 ,
1740 2857 1815 2917 sit

885 3045 1298 3100 PROPOSITIO
1337 3048 1380 3100 Ι.

80 3199 447 3257 Paenitentia
506 3209 614 3282 est,
641 3220 769 3275 vere
819 3210 875 3258 et
915 3206 1171 3281 proprie
1232 3226 1395 3263 novoe
1453 3206 1596 3285 legis
1650 3208 2116 3270 Sacramentum
2159 3236 2200 3272 a

167 3292 397 3351 Christo
451 3295 806 3351 institutum
864 3295 951 3352 ad
1002 3297 1248 3357 delenda
1305 3310 1555 3379 peccata
1609 3313 1749 3381 post
1806 3303 2199 3384 Baptismum

162 3408 500 3446 commissa.

165 3523 233 3582 4(
257 3526 356 3583 Est
376 3523 447 3582 de
466 3523 579 3584 fide
601 3524 722 3584 haec
737 3527 1077 3608 propositi03
1101 3531 1322 3592 etenim
1341 3533 1668 3593 Concilium
1684 3535 1841 3595 Trid.
1854 3581 1870 3612 ,
1889 3558 2025 3596 seSS.
2043 3541 2196 3615 XIV,

157 3713 225 3775 (l)
258 3715 355 3765 Cfr.
390 3715 629 3780 Moehler,
658 3716 749 3767 loc.
771 3719 850 3766 cit.
