2502 4186
296 221 417 280 266

853 424 1877 566 TRACTATUS

730 723 898 811 DE
1006 724 2004 813 EUCHARISTIA.

1000 965 1212 1034 PARS
1256 961 1735 1034 POSTERIOR.

1153 1153 1228 1194 DE
1258 1153 1578 1195 SACRIFICIO.

386 1314 530 1375 244.
579 1313 847 1374 Sacrificii
881 1335 1028 1388 vox,
1060 1334 1193 1395 quae
1221 1326 1309 1374 est
1338 1336 1372 1373 a
1408 1336 1567 1374 sacro
1607 1314 1872 1374 faciendo
1902 1360 1917 1390 ‚
1958 1326 2090 1374 tum
2114 1316 2436 1399 impropria

307 1433 410 1471 seu
427 1411 622 1470 latiori
647 1408 1063 1490 significatione
1081 1411 1351 1491 usurpari
1375 1409 1525 1470 solet
1544 1457 1559 1484 ‚
1596 1422 1727 1469 tum
1751 1411 2170 1491 significatione
2195 1414 2434 1495 propria

306 1518 366 1567 et
383 1506 851 1595 strictesumpta.
873 1505 1056 1564 Priori
1081 1528 1256 1566 sensu
1286 1506 1475 1589 quivis
1504 1505 1794 1587 religionis
1819 1519 2019 1582 actus,
2050 1509 2172 1568 sive
2188 1509 2434 1568 interior

310 1603 432 1663 sive
477 1602 766 1677 exterior,
799 1598 921 1671 'Dei
966 1622 1134 1661 causa
1181 1614 1482 1685 susceptus
1527 1603 1757 1685 ipsique
1803 1615 2038 1683 μεως,
2087 1605 2434 1664 sacrificium

315 1709 593 1771 vocatur3
617 1719 732 1781 qua
756 1697 1178 1778 significatione
1208 1699 1496 1759 virtutum
1530 1699 1713 1758 officia
1737 1700 1800 1758 in
1829 1700 1966 1782 ipsis
1997 1701 2180 1759 Sacris
2209 1701 2440 1760 Litteris

309 1794 587 1854 dicuntur
602 1794 947 1854 sacrificium
969 1792 1154 1859 laudis
1170 1839 1186 1869 ,
1215 1793 1417 1854 hostiae
1442 1794 1801 1877 spiritualieS,
1828 1796 2176 1869 sacrificium
2199 1797 2442 1877 spiritus

310 1889 703 1950 contribulati.
743 1891 1052 1951 Posteriori
1095 1912 1267 1950 sensu
1290 1937 1306 1965 7
1359 1892 1459 1973 qui
1499 1903 1586 1951 est
1622 1891 1894 1973 proprius
1928 1891 2384 1971 etltheologicus
2416 1937 2432 1965 .,

311 1987 668 2045 Sacrificium
707 1986 880 2066 vulgo
921 1986 1154 2046 definiri
1182 1986 1331 2045 solet
1371 2009 1384 2044 ε
1426 1988 1663 2046 Oblatz'o
1702 1990 1795 2045 rei
1830 1989 2130 2046 sensibilis
2172 1989 2285 2045 soli
2313 1989 2435 2046 Deo

305 2087 477 2162 facta
507 2105 619 2163 per
649 2084 985 2163 leyitz‘mum
1017 2085 1376 2141 ministrum
1407 2084 1493 2140 ad
1516 2083 2051 2162 reco‘qnoscendum
2081 2103 2438 2160 supremum

311 2182 440 2258 ejus
468 2183 536 2237 in
562 2199 649 2238 res
685 2199 884 2259 omnes
915 2179 1328 2244 dominatum,
1371 2199 1507 2257 quae
1536 2182 1667 2237 ritu
1695 2180 1943 2257 mystico
1979 2187 2363 2236 consecratu-r
2389 2187 2445 2235 et

314 2278 707 2332 immutatur.
739 2273 842 2332 His
864 2274 1175 2354 postremis
1207 2269 1398 2333 verbis
1435 2274 1622 2343 aiunt,
1650 2274 1751 2354 qui
1779 2272 1931 2332 hanc
1953 2271 2199 2330 tradunt
2224 2271 2438 2331 defini-

316 2369 573 2444 tionem,
612 2370 754 2450 poni
791 2368 1138 2440 discrimen,
1173 2368 1330 2450 quod
1355 2368 1668 2428 intercedit
1698 2370 1852 2429 inter
1876 2368 2273 2445 oblationem,
2314 2388 2441 2450 quae

317 2464 544 2523 nullam
569 2465 746 2544 exigit
767 2465 1153 2524 mutationem
1173 2511 1189 2540 a
1212 2477 1271 2525 et
1300 2466 1655 2525 Sacrificium
1675 2511 1691 2540 ,
1720 2465 1880 2549 quod
1901 2467 2287 2525 mutationem
2314 2465 2397 2523 rei
2420 2509 2436 2538 ,

317 2580 447 2641 quae
492 2559 769 2634 offertur,
809 2561 1106 2642 exposcit,
1136 2582 1226 2620 ex.
1269 2582 1352 2641 gr.
1402 2561 1744 2621 effusionem
1778 2562 2110 2642 sanguiniS‚
2159 2560 2206 2620 si
2242 2581 2334 2618 res
2373 2561 2448 2618 sit

317 2655 575 2714 animata
596 2701 612 2730 7
678 2654 771 2716 vel
825 2656 1084 2736 partium
1140 2655 1489 2717 divisionem
1543 2657 1636 2718 vel
1699 2658 1847 2737 ignis
1899 2657 2190 2716 ustionem
2212 2701 2227 2730 .‚
2276 2657 2323 2714 si
2367 2657 2441 2713 sit

321 2751 666 2809 inanimata.

399 2844 544 2903 245.
568 2847 723 2913 VHaec
750 2857 950 2905 tamen
975 2845 1236 2906 definitio
1259 2869 1381 2905 non
1403 2846 1674 2906 omnibus
1699 2846 1998 2927 Theologis
2028 2846 2247 2906 arridet
2268 2893 2283 2921 7
2311 2858 2442 2905 tum

321 2962 390 3001 eo
440 2941 600 3022 quod
641 2941 927 3000 nonnulla
969 2942 1305 3018 contineat,
1343 2964 1471 3024 quae
1524 2941 1599 3000 ad
1649 2943 1967 3002 essentiam
2013 2942 2281 3001 Sacrificii
2322 2963 2442 3000 non

321 3037 701 3119 requiruntur
751 3038 875 3118 (l),
919 3049 1048 3095 tum
1103 3038 1282 3097 etiam
1337 3038 1496 3119 quod
1558 3037 1863 3098 formalem
1916 3039 2207 3097 rationem
2257 3038 2444 3095 Sacri«

393 3242 462 3307 (l)
498 3242 574 3291 Sic
594 3260 666 3291 ex.
697 3260 766 3308 gr.
795 3243 921 3308 quod
947 3242 1113 3290 dicitur
1129 3241 1187 3289 de
1218 3239 1337 3304 qui-
1423 3258 1620 3305 norare3
1656 3243 1768 3291 hinc
1787 3281 1799 3303 ‚
1833 3246 2045 3309 quamvis
2075 3243 2191 3301 Abel
2209 3263 2306 3292 non
2333 3254 2446 3292 essct

325 3327 443 3373 timo
475 3325 698 3371 ministro
717 3361 729 3384 ,
758 3342 856 3371 non
886 3325 1064 3372 videtur
1097 3323 1155 3370 ad
1186 3339 1340 3371 essen·
1424 3327 1755 3390 primogenitus
1782 3363 1794 3386 ‚
1824 3325 1921 3374 Deo
1953 3337 2108 3374 tamen
2159 3327 2328 3374 obtulit
2364 3325 2446 3373 Sa-

298 3396 309 3410 *
330 3410 440 3455 tiam
471 3403 691 3453 sacrificii
720 3408 980 3469 pertinere,
1031 3421 1084 3453 eo
1119 3405 1245 3469 quod
1291 3407 1341 3452 in
1425 3408 1672 3455 orificium.
1709 3407 1761 3455 Id
1789 3410 1941 3472 ipsum
1988 3408 2238 3456 dicendum
2265 3409 2321 3455 de
2359 3410 2413 3453 iis
2433 3445 2444 3467 ‚

335 3490 436 3554 lege
467 3499 672 3547 naturae,
709 3497 956 3553 antequam
978 3487 1051 3535 vel
1078 3486 1217 3534 aDeo
1243 3490 1341 3552 ipso
1429 3492 1511 3554 qui
1547 3493 1739 3538 seorsim
1782 3490 1952 3554 singuli
2006 3492 2223 3538 viverent.
2267 3487 2447 3536 Deinde

334 3572 410 3620 vel
442 3590 468 3620 a
502 3573 716 3620 socictate
741 3571 886 3636 aliqui
922 3571 1262 3618 destinarentur
1291 3571 1346 3617 ad
1433 3572 1682 3620 observant
1727 3573 1802 3618 isti
1846 3571 2066 3634 Theologi
2087 3606 2102 3630 ,
2140 3580 2283 3618 totam
2326 3569 2450 3617 hanc

275 3674 279 3678 ·
330 3653 620 3702 Sacrificium
664 3653 986 3712 offerendum,
1027 3653 1205 3702 licitum
1239 3664 1351 3702 esset
1433 3655 1755 3702 definitionem
1786 3670 1917 3718 posse
1948 3655 2092 3718 aptari
2130 3652 2323 3699 solemni
2342 3652 2447 3698 thu-

327 3738 587 3802 unicuique
611 3736 762 3786 Deum
791 3737 881 3785 hoc
909 3736 1059 3785 cultus
1089 3754 1252 3801 genere
1270 3736 1345 3785 ho-
1434 3737 1710 3799 rificationi,
1742 3754 1843 3802 quac
1857 3737 1994 3784 etiam
2019 3735 2222 3783 consistit
2244 3735 2292 3781 in
2320 3733 2451 3781 obla-
