2502 4186
323 193 443 252 402
952 204 1266 244 ‘ruscum-us
1310 205 1378 241 nn
1420 205 1810 245 Poenum-ru.

322 381 446 430 cata
467 413 482 441 ,
519 366 665 425 dum
703 381 839 424 vere
884 360 1050 420 adest
1088 358 1366 419 contritio
1410 359 1692 418 charitate
1738 361 1991 442 perfecta
2022 409 2039 438 .,
2071 388 2221 447 *ne-q.
2275 368 2430 428 Adeo

321 471 521 547 aperta
550 468 638 519 est
660 477 825 516 mens
846 453 1084 516 Concilii
1113 452 1475 528 Tridentini,
1511 465 1576 512 ut
1601 452 1798 512 nullus
1822 457 2072 536 supersit
2100 459 2431 540 ambigendi

325 559 483 617 locus
524 553 632 633 (l).
688 548 862 610 Aliud
907 570 1083 632 porro
1130 558 1219 608 est
1257 547 1416 630 loqui
1459 549 1522 606 in
1560 547 1887 624 abstracto,
1929 561 1995 609 ut
2032 552 2233 628 aiunt,
2275 555 2433 615 aliud

321 671 461 711 vero
503 650 565 708 in
617 655 906 707 concrete.
944 645 1094 704 Nam
1129 644 1275 725 quin
1311 642 1581 702 contritio
1622 643 1906 704 charitate
1961 647 2216 727 perfecta
2255 648 2434 710 talem

320 743 605 829 producat
632 740 908 802 effectum
929 737 1201 799 dubitare
1223 759 1344 798 non
1369 758 1675 819 possumus
1695 763 1712 811 ς
1743 759 1979 822 semper
2001 752 2202 802 tamen
2227 743 2436 803 incerti

321 861 521 899 sumus
548 882 566 912 ,
605 858 679 896 an
714 832 1000 915 ejusmodi
1029 833 1444 892 contritionem
1468 832 1656 913 reipsa
1686 831 2028 894 habeamuS.

399 934 498 994 86.
547 931 684 1011 obj.
711 928 983 990 secunda.
1017 929 1075 988 Si
1097 926 1366 987 contritio
1396 925 1676 986 charitate
1709 927 1964 1008 perfecta
1986 942 2123 991 ante
2147 932 2437 993 actualem

323 1028 602 1112 Baptismi
637 1036 736 1086 aut
771 1023 1140 1086 Poenitentiae
1174 1021 1605 1104 susceptionem
1639 1043 1870 1104 semper
1888 1026 2232 1102 justificaret
2268 1040 2436 1088 cate-

326 1124 645 1204 chumenos
671 1131 774 1180 aut
797 1118 1182 1198 poenitenteS,
1193 1121 1316 1195 jam
1341 1127 1700 1198 sequeretur,
1715 1117 1778 1175 1⁰
1800 1117 2070 1180 inutilem
2084 1119 2205 1180 fore
2219 1122 2436 1182 realem

323 1218 559 1278 illorum
607 1217 1116 1276 Sacramentorum
1167 1212 1641 1293 susceptionem3
1684 1212 1754 1271 20
1800 1211 2006 1274 falsam
2051 1217 2271 1297 pariter
2301 1217 2436 1277 fore

310 1309 603 1396 'Baptismi
632 1320 735 1369 aut
767 1307 1150 1368 absolutionis
1185 1307 1480 1366 formam·
1465 1333 1482 1381 ς
1526 1306 1593 1366 30
1630 1309 2051 1371 contritionem
2083 1323 2144 1371 et
2185 1310 2435 1372 charita-

316 1419 439 1469 tem
475 1405 801 1490 praecedere
855 1402 1069 1464 debere
1113 1413 1487 1484 peccatorum
1538 1404 1965 1466 remissionem.
2015 1407 2152 1480 Quae
2197 1406 2436 1489 quidem

321 1503 516 1564 omnia
551 1500 693 1561 falsa
723 1520 788 1560 ac
821 1520 1063 1560 erronea
1089 1510 1248 1557 sunt.
1285 1498 1452 1577 Ergo,

401 1598 503 1659 87.
550 1596 725 1678 Resp.
752 1592 906 1675 Neq.
951 1594 1206 1676 primam
1234 1592 1560 1675 sequelam3
1600 1595 1771 1676 quia,
1817 1596 1903 1654 uti
1932 1600 2059 1675 jam
2098 1596 2435 1662 observavi—

323 1715 454 1752 mus
474 1738 489 1768 ,
530 1713 653 1751 non
685 1689 981 1750 confertur
1013 1688 1277 1748 remissio
1313 1701 1687 1770 peccatorum
1716 1712 1823 1771 per
1846 1703 2043 1751 actum
2065 1694 2435 1753 contritionis

326 1800 429 1848 aut
462 1786 760 1848 charitatis
802 1784 914 1844 nisi
940 1784 1162 1844 intuitu
1192 1794 1252 1843 et
1287 1783 1504 1844 virtute
1535 1785 1928 1863 Sacramenti,
1966 1787 2124 1869 quod
2160 1800 2435 1869 operatur

323 1883 418 1947 vel
447 1887 518 1941 in
549 1892 670 1941 voto
701 1885 956 1940 existens
970 1922 991 1950 ,
1021 1882 1111 1938 vel
1135 1883 1205 1938 in
1233 1888 1374 1937 actu
1404 1900 1461 1937 se
1488 1900 1761 1939 emercens
1779 1926 1794 1955 ,
1829 1892 1896 1939 ut
1920 1880 2182 1964 loquitur
2206 1884 2265 1940 S.
2293 1883 2439 1941 Tho·

302 1998 447 2051 vmas
466 1974 574 2056 (2)
597 1975 747 2033 Hinc
769 1973 819 2032 si
848 1972 1215 2054 culpabiliter
1246 1974 1688 2032 Sacramentum
1718 1996 1839 2033 non
1870 1975 2214 2058 suscipiatur
2233 2022 2248 2050 ,
2278 1976 2437 2035 nulla

330 2070 527 2133 evadit
551 2068 762 2152 adepta
781 2068 1115 2147 justificatio
1141 2067 1255 2148 (3).

406 2165 505 2225 88.
553 2165 704 2245 Neq.
746 2164 964 2247 pariter
1003 2163 1248 2222 alteram
1283 2162 1613 2248 sequelam,
1654 2174 1784 2222 tum
1823 2162 1898 2222 ob
1939 2164 2227 2224 rationem
2259 2165 2435 2226 modo

326 2261 638 2322 adductam
662 2304 679 2335 ,
715 2260 851 2341 quia
887 2259 1073 2321 virtus
1107 2257 1361 2319 clavium
1392 2279 1624 2339 semper
1666 2271 1943 2340 operatur
1981 2262 2101 2320 sive
2141 2272 2273 2321 actu
2315 2263 2434 2325 sive

392 2453 464 2520 (ἱ)
498 2451 599 2503 cfr.
647 2451 792 2502 Card.
840 2450 1016 2501 Pallav.
1052 2445 1221 2499 Storia
1263 2449 1340 2500 dal

1419 2449 1611 2499 demum
1668 2452 1845 2499 ratione
1886 2452 2084 2501 remissa
2141 2453 2234 2500 sint
2268 2490 2281 2511 ‚
2337 2454 2433 2501 sive

322 2535 474 2586 Cone.
505 2535 560 2582 di
598 2534 809 2595 Tremo,
835 2533 920 2583 lib.
950 2550 1014 2581 ιιι
1035 2570 1048 2593 ,
1082 2549 1192 2597 cap.
1233 2549 1290 2580 ιο
1313 2568 1331 2595 ,

325 2636 378 2668 n.
395 2615 460 2666 26
476 2627 522 2666 et
534 2632 665 2682 seqq.
680 2614 801 2664 Nam
815 2632 867 2664 n.
887 2630 949 2681 27
969 2614 1136 2674 refert,
1156 2610 1250 2681 jam
1266 2630 1337 2662 ca·

329 2715 503 2749 nonem
540 2707 752 2762 paratum
791 2713 888 2746 esse
932 2697 991 2746 ad
1025 2696 1339 2744 damnandam

332 2782 610 2830 contrariam
635 2780 910 2828 sententiam
931 2780 1043 2844 3qui
1063 2789 1218 2827 tamen
1239 2777 1339 2826 edi-

332 2872 405 2911 tus
419 2876 514 2910 nou
532 2869 629 2920 est,
649 2877 705 2909 eo
727 2860 853 2927 quod
872 2859 1124 2910 Balthassar
1141 2859 1337 2909 Heredia

335 2959 385 2992 se
422 2943 760 3007 interposuerit.

400 3023 469 3086 (2)
505 3023 561 3071 In
592 3019 770 3090 Suppl.
799 3041 851 3090 q.
890 3021 983 3084 ι8,
1009 3033 1093 3072 art.
1134 3040 1179 3072 1.

403 3103 468 3168 (3)
506 3104 594 3154 Hic
608 3107 795 3172 quaestio
808 3106 1004 3171 agitatur.
1018 3123 1045 3154 a
1061 3103 1331 3170 Theologis,

336 3195 494 3234 utrum
525 3196 706 3250 peccata
720 3222 737 3248 ‚
764 3204 844 3252 per
877 3189 1200 3236 contritionem
1229 3203 1338 3235 eum

338 3276 445 3316 voto
476 3265 762 3316 sacramenti
781 3268 967 3317 dimissa
985 3305 998 3326 ,
1035 3270 1334 3330 reviviscant,

336 3350 376 3396 si
401 3349 504 3414 quis
537 3358 690 3413 postea
716 3348 1007 3414 culpabiliter
1021 3349 1218 3415 negligat
1237 3368 1338 3399 sus-

333 3430 594 3495 ceptionem
618 3418 897 3480 Sacramenti
919 3450 933 3495 ;
975 3448 1064 3481 nec
1094 3433 1222 3480 enim
1253 3433 1336 3482 de—

338 3512 532 3559 fuerunt
552 3545 567 3572 ‚
597 3513 679 3577 qui
703 3510 1016 3571 affin-mareau
1050 3514 1337 3563 verisimilior

335 3600 522 3652 tamen,
564 3594 657 3640 imo
693 3603 815 3642 certa
848 3594 1031 3643 videtur
1072 3598 1298 3644 sententia
1318 3634 1331 3655 ,

332 3680 521 3734 peccata
566 3674 708 3725 semel
752 3677 934 3725 remissa
962 3713 977 3735 ,
1026 3691 1330 3741 quacumque

1417 2550 1498 2597 per
1522 2530 1872 2582 Sacramentum
1893 2535 1987 2582 sive
2017 2542 2143 2582 extra
2166 2532 2433 2582 Sacramen-

1419 2603 1552 2676 tum,
1589 2632 1832 2682 nunquam
1855 2617 2058 2674 renasci,
2093 2633 2245 2681 neque
2275 2617 2429 2682 quoad

1418 2707 1597 2746 reatum
1632 2697 1778 2764 culpae
1826 2713 1984 2763 neque
2046 2699 2199 2764 quoad
2252 2709 2431 2748 reatum

1420 2795 1579 2843 poenae.
1611 2778 1730 2827 Nam
1749 2815 1762 2837 ‚
1794 2795 1901 2827 cum
1927 2782 2215 2828 remittantur
2246 2792 2430 2845 peccata

1420 2877 1500 2924 per
1534 2862 1686 2925 gratiae
1739 2861 2068 2909 sanctificantis
2106 2862 2387 2911 infusionem
2413 2901 2426 2922 ,

1419 2944 1600 3006 penitus
1621 2945 1775 2991 anima
1791 2953 2010 3008 purgatur
2030 2953 2074 2991 et
2097 2945 2426 3004 sanctificatur,

1420 3034 1464 3071 et
1489 3034 1670 3088 peccata
1697 3024 1775 3073 illa
1805 3026 2132 3090 destruuntur3
2168 3025 2294 3093 quod
2325 3045 2428 3076 vero

1419 3105 1706 3155 destructum
1738 3117 1834 3168 est,
1868 3110 2136 3157 reviviscere
2169 3112 2349 3175 nequit.
2375 3107 2428 3157 ld

1421 3197 1577 3236 tamen
1599 3205 1695 3236 non
1714 3199 1866 3252 vetat,
1887 3192 2163 3256 quominus.
2181 3192 2262 3256 qui
2279 3191 2426 3256 negli-

1420 3271 1483 3334 git
1508 3268 1859 3319 Sacramentum
1878 3308 1891 3331 ,
1909 3273 2128 3337 puniatur
2143 3271 2202 3320 ob
2219 3272 2307 3321 hoc
2319 3288 2423 3337 spe-

1419 3353 1535 3402 ciale
1559 3364 1816 3418 peccatum.
1835 3353 2050 3403 Ceterum
2071 3354 2157 3404 cfr.
2181 3354 2389 3421 Vasquez
2408 3391 2420 3413 ‚

1420 3431 1490 3482 De
1532 3434 1714 3483 Poenit.
1754 3454 1804 3501 q.
1843 3433 1927 3498 88,
1963 3444 2053 3485 art.
2086 3434 2149 3500 4,
2190 3437 2306 3486 dub.
2355 3453 2371 3483 1
2406 3475 2419 3495 ‚

1417 3519 1667 3581 praesertim
1714 3535 1765 3567 n.
1802 3516 1868 3582 74
1899 3528 1944 3567 et
1969 3536 2097 3584 seqq.
2132 3517 2213 3567 ubi
2243 3517 2332 3566 late
2364 3519 2421 3566 de
2487 3509 2493 3512 l

1415 3595 1500 3646 hac
1529 3601 1835 3650 controversia
1870 3601 2066 3650 disserit.
