2502 4186
343 205 417 264 16
1035 226 1351 267 macru-os
1396 227 1463 262 nn
1508 225 1793 268 BAPrrsmo.
1821 243 1828 252 ·=

341 369 650 452 scriptores
687 366 1051 429 ecclesiastici
1081 376 1460 429 recensentur
1481 413 1496 442 ,
1541 369 1640 450 qui
1667 380 1904 451 putent,
1943 370 2016 431 ab
2057 375 2339 457 Apostolis
2372 400 2442 439 ex

342 464 595 548 quadam
628 462 1058 545 dispensatione
1087 461 1564 526 administratum
1593 463 1765 523 fuisse
1794 463 2083 547 baptisma
2122 471 2184 527 in
2210 473 2450 533 nomine

341 561 378 618 J
382 580 481 618 esu
498 568 771 628 tantum,
797 556 914 613 imo
937 555 1226 634 ejusmodi
1254 555 1614 618 ablutionem
1635 570 1824 618 ratam
1847 559 2116 621 habuisse
2139 566 2451 627 nonnullos

341 655 576 724 Patres3
619 671 728 710 nec
766 647 978 710 desunt
1000 651 1118 733 jqui
1159 651 1406 711 valuisse
1448 653 1732 730 ejusmodi
1768 653 2057 736 baptisma
2089 656 2365 716 collatum
2390 662 2455 720 in

343 769 465 807 ww
499 749 725 807 Christi
751 749 1219 829 nominequovis
1248 759 1513 830 tempore
1544 747 2025 833 arbitrentur(l).
2051 755 2456 814 Controversia

342 843 540 925 prior,
580 863 710 924 quae
749 839 1070 922 dogmatica
1103 854 1222 916 est,
1250 864 1370 901 non
1405 842 1582 902 debet
1618 846 1950 924 permisceri
1983 868 2115 907 cum
2154 849 2456 929 posteriori

345 938 663 1020 quaestione
682 981 696 1008 ,
729 958 858 1019 quae
879 949 977 1012 ⁴est
994 947 1234 1005 *tantum
1267 938 1481 997 critica.
1513 938 1681 997 Hanc
1708 949 2015 1020 propterea
2037 943 2357 1019 rejicientes
2380 944 2457 1006 ad

345 1032 558 1092 scholia
579 1078 594 1107 ,
630 1053 756 1113 quae
788 1033 1028 1092 inferius
1071 1033 1406 1111 adjiciemus
1427 1079 1442 1108 a
1487 1033 1650 1093 illam
1671 1033 1745 1092 ‘in
1783 1037 2091 1115 praesentia
2121 1037 2310 1098 solum
2345 1061 2453 1100 ex-

345 1128 676 1211 pendimus,

1198 1254 1530 1307 PROPOSIT
1535 1254 1627 1307 10.

361 1400 514 1459 Vera
533 1407 617 1455 est
638 1396 708 1454 dc
730 1397 1116 1454 Sacramento
1139 1396 1448 1476 Baptismi
1465 1398 1741 1456 doctrina
1768 1402 1838 1455 in
1857 1398 2128 1457 Ecclesia
2151 1403 2455 1472 Romana,

428 1514 563 1571 quoe
593 1501 739 1549 tenet
782 1491 1223 1570 baptizandam
1257 1513 1371 1551 csse
1401 1494 1512 1551 suh
1542 1493 1828 1551 distincta
1863 1497 2234 1553 invocatione
2269 1500 2458 1555 triam

334 1628 339 1633 -
429 1588 791 1645 divinarum
814 1607 1242 1665 personarum.
1973 1600 1980 1607 ·

345 1816 347 1823 ,
436 1748 531 1808 39.
579 1749 702 1806 Hoc
743 1739 945 1806 estde
987 1746 1136 1834 fide,
1181 1758 1246 1806 ut
1291 1734 1518 1808 constat
1555 1771 1625 1809 ex
1669 1749 1918 1808 adducto
1955 1751 2017 1808 in
2056 1772 2183 1833 sup.
2222 1774 2454 1833 propos.

354 1866 481 1904 can.
515 1844 593 1902 III
626 1845 802 1902 Cone.
843 1841 1208 1916 Tridentini.,
1245 1843 1452 1902 collato
1501 1865 1633 1902 cum
1679 1865 1804 1903 can.
1851 1846 1958 1919 IV,
2003 1867 2178 1927 quem
2220 1847 2460 1905 inferius

354 1939 717 2022 proferemus
735 1982 751 2013 ,
787 1937 847 1994 in
876 1959 991 2018 quo
1015 1936 1123 1995 sub
1160 1938 1548 1997 anathematis
1577 1938 1694 1998 telo
1729 1939 1887 1999 idem
1914 1940 2237 1999 Concilium
2266 1953 2463 2000 ratum

353 2056 418 2094 ac
449 2055 654 2095 verum
682 2054 803 2092 esse
835 2033 1095 2113 decernit
1119 2032 1477 2115 baptismum
1501 2033 1706 2093 datum
1727 2034 1799 2092 ab
1827 2034 2108 2094 haereticis
2136 2037 2199 2093 in
2222 2037 2463 2096 nomine

353 2130 538 2188 Patris
573 2141 633 2188 et
666 2128 790 2187 Filii
829 2139 887 2187 et
922 2129 1166 2210 Spiritus
1207 2131 1425 2188 Sancti.
1472 2131 1677 2189 Forma
1707 2131 1884 2209 igitur
1910 2131 2244 2211 praescripta
2272 2130 2345 2187 ab
2370 2133 2466 2189 Ec-

356 2225 522 2284 clesia
547 2226 804 2282 Romana
831 2234 917 2282 est
944 2245 957 2281 ε
990 2225 1119 2303 Ε90
1146 2235 1196 2282 tc
1224 2227 1459 2303 baptizo
1496 2231 1565 2282 in
1601 2231 1844 2283 nomine
1870 2225 2116 2294 Patris,
2141 2234 2251 2281 etc.
2281 2222 2367 2281 Ab
2399 2244 2467 2282 ea

360 2319 553 2400 quoad
578 2318 968 2376 substantiam
992 2340 1120 2375 non
1150 2317 1347 2375 differt
1374 2319 1560 2376 forma
1581 2363 1596 2392 5
1628 2339 1755 2398 quae
1783 2318 1848 2374 in
1874 2338 1982 2374 usu
2011 2328 2097 2376 est
2125 2317 2188 2375 in
2221 2317 2465 2376 Ecclesia

358 2416 552 2472 Graeca
591 2434 604 2469 ε
644 2414 1033 2490 Baptizatur,
1071 2414 1398 2487 βαπτίζεται,
1428 2434 1632 2471 servus
1666 2413 1784 2471 Dei
1812 2417 1882 2470 in
1911 2417 2184 2482 nomine,
2213 2423 2320 2470 etc.
2358 2410 2462 2491 (2).

358 2508 576 2567 Eadem
608 2494 851 2586 viget'in
880 2507 1081 2566 ceteris
1111 2506 1369 2565 Ecclesiis
1400 2506 1796 2575 orientalibus,
1836 2509 1989 2564 Dum
2025 2517 2329 2586 propterea
2370 2503 2466 2563 de-

359 2603 650 2663 fendimus
677 2602 924 2660 formam
947 2647 962 2676 7
995 2622 1120 2683 quae
1157 2601 1384 2660 obtinet
1410 2602 1473 2659 in
1500 2600 1745 2660 Ecclesia
1778 2601 2035 2658 Romana
2055 2644 2071 2674 ‚
2113 2599 2466 2658 adstruimus

360 2699 578 2780 pariter
606 2696 881 2778 baptismi
908 2697 1157 2756 formam
1194 2696 1456 2756 Ecclesiae
1496 2695 1854 2756 universalis.

445 2793 539 2851 40.
593 2793 803 2851 Veram
838 2813 1012 2873 porro
1053 2813 1173 2851 esse
1211 2792 1471 2851 Ecclesiae
1511 2793 1786 2850 Romanae
1826 2790 2151 2849 doctrinam
2180 2788 2358 2848 relate
2393 2787 2468 2848 ad

363 2898 747 2947 memoratam
771 2887 1049 2961 formam,
1082 2898 1243 2970 patet
1270 2889 1330 2946 10
1356 2909 1426 2947 ex
1445 2887 1660 2946 Christi
1687 2886 1876 2948 verbis
1898 2932 1913 2961 ,
1935 2884 2143 2946 Matth.
2171 2906 2294 2966 cap.
2312 2884 2420 2943 ult.
2447 2907 2462 2942 ε

363 2984 424 3043 E
428 2994 596 3042 untes
636 2984 822 3042 docete
853 2991 1052 3042 omnes
1079 2995 1276 3064 yentes
1305 3029 1320 3058 .,
1354 2985 1725 3063 baptizantes
1750 3004 1841 3042 eos
1863 2989 1932 3041 in
1960 2986 2200 3041 nomine
2225 2982 2470 3052 Patris,

367 3091 421 3137 ct
451 3081 603 3140 Filii
647 3091 700 3139 et
742 3081 1014 3159 Spiritus
1050 3081 1282 3139 Sancti.

437 3299 503 3360 (1)
539 3297 639 3347 cfr.
667 3297 881 3348 Bellarm.
907 3300 1001 3349 loc.
1026 3301 1105 3349 cit.
1139 3318 1190 3348 n.
1224 3296 1276 3347 8.
1463 3299 1619 3348 clesiae
1631 3298 1879 3364 orientalis
1894 3293 2272 3350 etoccidentalis,
2292 3311 2395 3359 cap.
2416 3291 2469 3343 8.

438 3379 503 3442 (2)
526 3378 629 3427 Non
645 3390 797 3428 autem
815 3415 830 3438 ,
848 3391 896 3428 ut
909 3381 1124 3429 nonnulli
1144 3382 1378 3440 scribunt,
1465 3380 1628 3429 Graecis
1662 3381 1901 3430 orientales
1931 3380 2153 3428 Ecclesias
2181 3378 2380 3443 reliquas
2400 3393 2473 3424 as-

369 3457 703 3523 βοιπτιζέσθω,
729 3462 1012 3527 baptizetur.
1033 3462 1129 3510 Cfr.
1151 3462 1346 3511 Goarius
1367 3500 1401 3531 ,γ
1466 3467 1623 3513 sentiri
1653 3467 1702 3512 in
1734 3464 1952 3529 baptismi
1983 3463 2126 3511 forma
2152 3461 2348 3509 ostendit
2382 3458 2474 3507 Re-

372 3561 450 3608 op.
476 3547 555 3592 cit.
587 3560 692 3608 pag.
714 3542 830 3591 335.
850 3555 892 3592 et
910 3562 1042 3612 seqq.
1058 3545 1140 3593 ubi
1157 3544 1287 3610 plura
1311 3545 1382 3594 af·
1466 3546 2026 3612 naudotius‚.Perpctuite
2039 3543 2094 3592 de
2109 3541 2261 3606 lasci,
2283 3551 2398 3590 tom.
2413 3558 2471 3600 v,

373 3623 744 3681 fert‘Graecorum
775 3624 922 3673 officia
951 3625 1002 3674 S.
1034 3626 1325 3692 Baptismatis
1362 3643 1379 3691 ;
1460 3627 1537 3677 liv.
1564 3644 1599 3676 11
1623 3665 1637 3691 ,
1670 3629 1806 3694 chap.
1836 3646 1880 3677 v.

373 3719 460 3753 nec
517 3723 612 3754 non
658 3705 882 3755 Arcadius
910 3745 922 3769 ,
969 3706 1234 3756 Concordia
1277 3707 1380 3757 Ec-
