2502 4186
285 244 402 305 358
902 259 1230 298 Tnacurus
1274 261 1343 295 na
1389 257 1788 296 nucnams‘ru.

284 407 422 486 legis
443 401 712 483 Mysteria
739 398 1091 459 adumbrare
1110 444 1127 474 ,
1151 421 1275 458 non
1294 398 1429 459 solis
1451 395 1841 458 locutionibus
1863 419 1929 457 ea
1951 399 2226 476 tradidit3
2254 399 2359 462 sed
2379 444 2396 474 .,

283 500 416 583 quia
444 495 740 558 sensibilia
777 495 1043 554 animum
1078 494 1261 574 magis
1287 505 1533 556 movent
1574 493 1720 552 dum
1750 491 1929 552 oculis
1972 493 2361 571 subjiciuntur
2382 541 2399 571 ‚

282 591 612 675 (siquidem
651 596 892 672 sequius
929 595 1190 650 irritant
1217 595 1500 650 animum
1533 591 1791 648 demissa
1818 610 1937 668 per
1968 610 2148 648 aures
2168 634 2184 665 ,
2209 613 2399 670 quam

280 711 416 770 quoe
439 699 584 748 sunt
597 693 785 748 oculis
809 688 1071 765 subjecta
1095 687 1401 766 fidelihus)
1418 729 1440 758 ,
1458 686 1814 745 ceremonias
1830 685 2086 772 instituit
2102 730 2120 762 ,
2148 707 2278 766 quae
2294 687 2402 747 ha-

280 784 492 845 berent
512 782 786 842 umbram
809 782 1141 841 futurorum
1158 827 1175 857 ⁷
1198 793 1266 841 ut
1288 779 1516 841 Hebraei
1544 780 1843 840 Christum
1867 785 2106 862 ejusque
2131 782 2404 861 Mysteria

281 880 502 941 facilius
537 879 956 960 intelligerent.
1005 878 1153 938 Cum
1193 879 1368 959 igitur
1406 898 1787 960 quaecumque
1824 879 1888 936 in
1922 878 2095 956 hujus
2134 878 2403 938 Sacrificii

282 976 674 1038 celebratione
707 976 892 1052 fiunt,
932 973 1029 1035 vel
1066 974 1282 1034 Christi
1313 975 1645 1057 passionem
1687 975 1749 1032 in
1782 984 2047 1034 mentem
2080 985 2359 1037 revocent
2385 1019 2402 1050 ‚

280 1071 378 1134 vel
405 1076 526 1152 ejus
575 1071 830 1154 corporis
865 1070 1093 1151 mystici
1128 1069 1572 1152 dispositionem
1605 1068 1906 1150 allegorice
1943 1069 2228 1130 denotent
2252 1115 2270 1147 ‚
2308 1068 2404 1131 vel

283 1167 659 1247 devotionem
697 1187 762 1225 ac
794 1166 1222 1242 reverentiam,
1262 1187 1376 1247 qua
1410 1165 1520 1226 hoc
1549 1167 1927 1226 Sacramento
1953 1164 2243 1225 utendum
2277 1176 2401 1241 est,

284 1263 635 1346 tropologice
658 1263 1015 1343 significent,
1043 1274 1110 1321 ut
1133 1263 1215 1321 ait
1235 1263 1295 1320 S.
1317 1262 1568 1323 Thomas
1585 1265 1675 1344 (1)
1691 1309 1707 1338 ‚
1727 1274 1787 1323 et
1812 1261 2064 1342 liturgici
2093 1263 2402 1344 scriptores

282 1357 436 1418 claro
475 1359 539 1418 in
576 1357 803 1417 lumine
839 1357 1196 1417 collocarunt
1224 1402 1240 1432 .,
1267 1358 1394 1439 quis
1428 1380 1550 1418 non
1575 1358 1774 1420 videat
1795 1406 1811 1435 a
1843 1358 2198 1417 ceremonias
2225 1401 2242 1433 ,
2271 1358 2406 1440 qui-

280 1452 390 1513 bus
421 1453 498 1513 ad
524 1452 838 1515 invisibilia
862 1454 1263 1535 cognoscenda
1288 1465 1349 1526 et
1377 1453 1630 1513 amanda
1667 1453 1852 1516 veluti
1881 1475 2062 1512 manu
2094 1452 2363 1512 ducimur
2383 1497 2400 1528 .‚

282 1549 555 1610 insectari
593 1548 752 1609 idem
802 1571 927 1610 esse
968 1571 1035 1610 ac
1069 1549 1221 1612 velle
1266 1571 1508 1610 omnem
1545 1550 1829 1632 pietatem
1873 1570 1940 1609 ac
1979 1548 2324 1628 religionem
2369 1569 2403 1608 e

281 1643 476 1705 medio
498 1643 751 1705 tollere?
774 1646 906 1706 Sive
925 1646 1100 1726 igitur
1133 1646 1598 1706 ceremoniarum
1619 1691 1635 1720 ,
1669 1644 1880 1727 quibus
1903 1646 1966 1704 in
1989 1644 2272 1704 Sacrificio
2297 1665 2403 1703 eu-

284 1739 586 1800 charistico
632 1741 930 1801 offerendo
960 1740 1208 1801 Ecclesia
1242 1741 1524 1800 catholica
1557 1743 1778 1815 utitur‚
1818 1741 2105 1820 originem
2144 1751 2205 1800 et
2247 1739 2404 1798 anti-

285 1835 571 1916 quitatem
601 1848 929 1916 spectemus
949 1881 966 1911 ,
1002 1837 1124 1897 sive
1157 1848 1432 1895 naturam
1462 1848 1520 1896 et
1549 1838 1763 1912 finem,
1803 1847 2035 1895 constat
2068 1835 2217 1894 nihil
2246 1836 2310 1894 in
2335 1835 2404 1894 iis

286 1951 434 2005 esse,
461 1931 620 2012 quod
648 1933 816 2012 pium
846 1943 1234 2013 sanctumque
1250 1953 1372 2001 non
1401 1933 1499 1990 sit.

366 2025 506 2086 411.
551 2029 636 2086 Ex
659 2027 750 2086 his
779 2049 956 2109 porro
978 2027 1059 2085 sic
1076 2027 1397 2106 generatim
1420 2025 1698 2087 adversus
1720 2028 2043 2085 Novatores
2071 2026 2404 2085 constitutis

285 2120 613 2195 inferimuS‚
628 2126 759 2201 jure
775 2143 840 2181 ac
852 2122 1063 2181 merito
1084 2123 1148 2180 in
1165 2121 1594 2181 Constitutione
1610 2122 1931 2182 Auctorem
1936 2122 2084 2200 fidei
2084 2165 2105 2194 ,
2121 2132 2406 2203 tanquam

235 2230 241 2236 '
286 2221 662 2290 temerarias,
683 2223 1051 2298 perantiquo
1075 2239 1148 2276 ac
1178 2221 1402 2298 vzjqenti
1421 2218 1786 2297 probatoque
1813 2216 2097 2277 Ecclesiae
2124 2220 2405 2275 morz'in-

265 2315 548 2391 jur-iosias
562 2356 583 2385 ,
615 2324 926 2394 sequentes
960 2313 1388 2395 propositiones
1405 2311 1833 2394 pseudosynodi
1848 2311 2207 2371 pistoriensis
2228 2311 2404 2371 fuisse

288 2407 591 2467 damnatas
620 2429 634 2467 ε
670 2430 885 2490 nempe
921 2409 1106 2468 XXXI
1131 2453 1147 2483 7
1177 2409 1512 2488 Propositio
1541 2408 1760 2487 synodi
1783 2413 2119 2466 enuncians
2142 2449 2166 2478 ,
2194 2427 2404 2465 conve-

287 2507 464 2563 niens
490 2525 605 2563 esse
618 2525 737 2583 pro
763 2506 1120 2563 divinorum
1146 2504 1467 2583 officiorum
1493 2505 1703 2562 ordine
1727 2513 1783 2560 et
1801 2506 2062 2582 antiqua
2088 2510 2403 2560 consuetu-

287 2599 434 2658 dine
446 2642 470 2671 ,
508 2609 580 2657 ut
599 2604 669 2659 in
698 2620 1049 2680 unoquoque
1070 2601 1281 2679 templo
1307 2620 1504 2657 unum
1529 2609 1766 2657 tantum
1793 2603 1875 2656 sit
1900 2599 2091 2655 altare
2111 2638 2132 2668 ,
2167 2596 2403 2673 sibique

287 2695 430 2753 adeo
437 2696 674 2774 placere
698 2716 920 2754 morem
943 2697 1120 2754 illum
1137 2698 1471 2768 restituere,
1490 2704 1558 2753 et
1580 2694 1792 2752 XXXII
1809 2737 1826 2768 ,
1850 2693 2004 2752 Item
2015 2695 2403 2771 praescriptio
2438 2719 2440 2721 ·

288 2799 492 2848 vetans
508 2795 531 2861 3
568 2798 643 2848 ne
675 2811 859 2870 super
889 2792 1121 2850 altaria
1154 2811 1477 2849 sacrarum
1511 2789 1922 2867 reliquiarum
1965 2788 2139 2846 thecoe
2160 2786 2402 2863 floresve

290 2895 699 2964 apponantur.

374 2978 517 3039 412.
543 2980 822 3053 Quamvis
845 2982 1002 3040 enim
1028 2992 1223 3063 prout,
1245 2979 1472 3040 diversa
1495 2989 1831 3061 temporum
1855 2976 2127 3056 adjuncta
2143 2974 2400 3059 postula-

289 3073 466 3150 bant,
508 3078 712 3159 primis
751 3077 1009 3137 Ecclesiae
1044 3075 1249 3137 seculis
1292 3077 1356 3134 in
1395 3075 1630 3155 singulis
1669 3073 1903 3157 templis
1939 3074 2175 3132 nonnisi
2212 3094 2398 3130 unum

291 3172 509 3252 passim
536 3173 857 3252 erigeretur.
873 3173 1055 3233 altare
1075 3217 1092 3247 ,
1122 3194 1241 3231 non
1262 3171 1475 3231 desunt
1502 3183 1702 3230 tamen
1719 3171 1957 3253 antiqua
1980 3178 2391 3242 monumenta,

294 3285 422 3347 quae
443 3289 565 3326 non
588 3268 857 3328 eamdem
882 3268 1098 3351 ubique
1118 3267 1486 3350 disciplinam
1508 3267 1749 3347 viguisse
1772 3265 2104 3326 ostendant.
2149 3266 2272 3324 Imo
2304 3261 2396 3323 vel

293 3382 326 3420 a
362 3363 565 3443 priscis
609 3363 870 3424 Ecclesiae
917 3361 1277 3446 temporibus
1322 3362 1491 3444 plura
1536 3363 1599 3421 in
1642 3384 1761 3421 uno
1803 3362 2128 3442 eodemque
2175 3356 2397 3438 templo

295 3468 482 3517 erecta
501 3458 674 3518 fuisse
695 3458 896 3518 altaria
917 3458 1258 3538 Arringhius
1282 3458 1373 3540 (2)
1391 3470 1450 3518 et
1469 3457 1764 3525 Boldettus
1793 3456 1881 3540 (3)
1905 3478 1975 3516 ex
1999 3478 2067 3516 eo
2085 3454 2397 3515 certissime

365 3676 431 3738 (1)
465 3672 565 3723 Csr.
583 3673 705 3724 Part.
721 3690 774 3722 ιιι
795 3711 809 3734 ,
843 3692 892 3739 q.
911 3669 976 3722 83
996 3710 1010 3736 ,
1028 3684 1109 3722 art.
1135 3674 1164 3721 3
1183 3683 1225 3722 et
1249 3672 1300 3724 5.
1459 3675 1508 3737 (3
1546 3674 1814 3737 ,Observah
1841 3674 1906 3722 ad
1920 3672 2184 3722 coemeteria
2216 3670 2394 3726 Urbis,

366 3755 432 3819 (2)
453 3755 1308 3820 Romasubterranea,lib.1,eap.31.
1391 3756 1477 3806 lib.
1509 3774 1558 3817 1,
1592 3773 1694 3822 cap.
1720 3772 1754 3822 9
1788 3766 1831 3804 et
1856 3773 1986 3822 seqq.
