2502 4186
355 223 467 282 110
912 246 1230 284 ussurus
1272 248 1340 283 m:
1382 247 1848 291 aonrtnmsnomi.

350 384 892 468 praestantioresque
918 386 1101 444 nostri
1124 389 1398 469 temporis
1426 389 1734 484 Theologi‚
1757 393 1857 473 qui
1886 393 2113 456 illorum
2140 397 2432 458 laboribus

351 493 411 541 et
445 478 836 538 monumentis
872 480 957 536 uti
990 477 1231 540 feliciter
1260 493 1594 562 potuerunt.

428 572 528 630 45.
576 573 835 645 Quatuor
871 593 1007 633 vero
1041 586 1214 648 sunt,
1250 597 1375 656 quae
1401 588 1532 658 post
1562 589 1785 639 veteres
1820 581 2131 641 nonnullos
2153 583 2225 642 ab
2253 587 2434 663 Estio,

348 670 518 726 Petro
553 665 781 726 Aurelio
830 668 854 748 (
877 666 1109 729 Abbate
1155 672 1338 730 sancti
1381 672 1670 752 Cyrani).,
1713 673 2018 737 Sambovio
2071 687 2242 758 atque
2286 681 2434 739 Her-

347 761 612 820 minierio
638 761 913 822 adversus
940 764 1240 845 praefatam
1277 765 1601 824 doctrinam
1631 781 2027 849 opponuntur.
2081 772 2316 831 Factum
2353 773 2436 834 vi-

345 855 556 916 delicet
594 856 808 916 Nicolai
844 861 902 933 1,
941 857 1202 935 jubentis
1238 860 1451 918 iterum
1496 861 1835 922 confirmare
1857 907 1873 936 ,
1915 885 2056 944 quos
2095 864 2204 923 sub
2232 866 2436 925 Photio

311 1029 313 1033 Ι
346 950 674 1031 Presbyteri
703 954 865 1031 graeci
894 953 956 1011 in
989 952 1247 1033 Bulgaria
1275 954 1752 1033 consignaverant
1775 999 1792 1029 ‚
1816 977 1882 1015 ac
1908 960 2013 1017 tria
2041 961 2436 1018 Romanorum

345 1046 689 1105 Pontificum
718 1047 948 1106 decreta
980 1068 995 1104 τ
1031 1048 1378 1106 Constitutio
1406 1069 1618 1129 nempe
1645 1051 1961 1109 innocentii
1998 1053 2115 1125 111,
2155 1054 2255 1134 qui
2281 1055 2435 1113 Con-

345 1140 735 1200 firmationem
755 1162 788 1199 a
816 1140 1168 1220 presbyteris
1186 1142 1686 1224 Constantinopoli
1713 1144 2177 1205 administratam
2204 1146 2437 1207 videtur

345 1236 569 1294 irritam
626 1236 1037 1314 pronunciasse
1067 1260 1083 1308 ς
1149 1237 1495 1295 Constitutio
1553 1237 1686 1297 data
1733 1237 1805 1296 ab
1850 1240 2183 1299 Innocentio
2236 1243 2307 1300 IV
2364 1241 2438 1300 ad

352 1330 703 1410 Episcopum
722 1327 1114 1386 Tusculanum
1141 1376 1157 1403 7
1199 1329 1261 1386 in
1299 1350 1476 1408 regno
1518 1332 1688 1413 Cypri
1727 1332 1979 1412 legatum
2024 1334 2434 1419 apostolicum,

342 1424 404 1482 in
443 1443 591 1504 qua,
623 1443 699 1481 ne
742 1423 1116 1483 Confirmatio
1154 1422 1216 1481 in
1248 1425 1552 1482 Posterum
1584 1446 1616 1483 a
1651 1426 2000 1507 presbyteris
2038 1429 2398 1487 conferretur
2423 1475 2440 1505 .,

341 1516 679 1600 prohibuit,
717 1517 864 1575 nihil
888 1528 1085 1577 tamen
1116 1519 1510 1599 pronuncians
1545 1518 1618 1578 de
1661 1519 1813 1579 illius
1851 1522 2084 1596 valore3
2130 1524 2439 1584 Instructio

343 1615 585 1674 demum
623 1613 937 1673 Clementis
970 1615 1099 1673 VIII
1121 1658 1137 1687 .,
1164 1616 1254 1673 Do
1288 1616 1512 1672 ritibus
1552 1615 1935 1687 Graecorum,
1967 1638 2080 1697 qua
2120 1604 2237 1676 non
2266 1620 2441 1679 modo

302 1773 310 1779 ,
342 1709 406 1770 id
442 1710 633 1791 ipsum
656 1708 946 1790 ‘prohibet
971 1753 986 1782 ‚
1032 1730 1236 1770 verum
1273 1709 1447 1768 etiam
1483 1730 1555 1768 ex
1588 1731 1791 1768 eorum
1827 1712 2187 1791 Eucholoyio
2232 1716 2302 1771 in
2343 1735 2441 1771 or-

341 1806 486 1863 dine
539 1805 841 1883 Baptismi
892 1804 1065 1882 jussit
1101 1824 1168 1862 ea
1222 1802 1399 1862 verba
1451 1805 1702 1885 expungi
1732 1850 1747 1879 a
1795 1803 2003 1886 quibus
2064 1807 2260 1864 statim
2310 1817 2442 1887 post

342 1899 704 1981 Baptismum
730 1896 1028 1976 subjicitur
1055 1898 1199 1957 ratio
1228 1897 1671 1957 administrandi
1703 1900 2216 1959 Confirmationem
2238 1927 2252 1973 ς
2271 1902 2440 1978 jussit

342 2005 622 2075 praeterea
654 1994 962 2075 Episcopos
978 1993 1187 2051 latinos
1205 2038 1222 2068 ‚
1246 1992 1352 2051 sub
1376 1993 1702 2053 conditione
1719 2014 1813 2052 eos
1831 1995 2042 2052 iterum
2060 1997 2400 2054 confirmare
2419 2039 2435 2068 ,

343 2090 442 2170 qui
483 2112 515 2147 a
541 2088 895 2168 presbyteris
932 2089 1123 2167 graecis
1158 2088 1323 2145 tincti
1355 2099 1413 2146 et
1441 2089 1770 2146 confirmati
1802 2088 2034 2147 fuerant
2054 2133 2069 2161 ‚
2115 2089 2438 2169 praesertim

341 2185 389 2242 si
428 2205 524 2242 eos
562 2182 860 2242 ordinibus
889 2183 1164 2261 insignire
1198 2181 1469 2241 debeant.

421 2280 518 2336 46.
566 2279 667 2336 Ast
701 2277 877 2336 facilis
917 2288 1079 2357 patet
1114 2276 1188 2334 ad
1226 2276 1349 2334 haec
1380 2278 1573 2334 omnia
1610 2277 1926 2358 responsio.
1961 2277 2095 2336 Ideo
2133 2277 2290 2335 enim
2334 2278 2439 2336 Ni·-

340 2371 530 2432 colaus
557 2373 579 2430 I
604 2372 807 2430 statuit
837 2371 1029 2430 denuo
1057 2371 1384 2429 confirmari
1406 2369 1698 2449 BulgarOS,
1724 2370 1881 2451 quia„
1910 2383 1974 2429 ut
1998 2370 2135 2430 alias
2165 2371 2434 2446 diximm,

339 2466 616 2546 Bulgariae
644 2466 967 2548 *provincia
1014 2465 1310 2547 spectabat
1345 2465 1419 2524 ad
1461 2464 1917 2546 patriarchatum
1973 2463 2431 2536 occidentalemt,

338 2571 692 2644 quapropter
739 2583 860 2620 non
907 2583 937 2619 a
973 2561 1211 2633 Photio,
1262 2560 1365 2619 sed
1405 2582 1436 2618 a
1474 2562 1732 2619 Romano
1784 2560 2059 2618 Pontifice
2103 2557 2428 2637 Presbyteri

337 2656 587 2735 delegari
613 2655 952 2715 debuissent
988 2656 1063 2714 ad
1099 2654 1355 2714 dandam
1385 2654 1935 2726 Confirmationem3
1965 2674 2032 2711 eo
2069 2653 2248 2730 magis
2275 2651 2432 2733 quod

337 2749 627 2809 erroribus
672 2749 860 2808 Photii
909 2749 1120 2808 imbuti
1159 2748 1491 2808 Sacerdotes
1541 2748 1658 2821 illi,
1710 2769 1770 2806 se
1819 2747 2106 2805 ordinaria
2147 2757 2433 2827 potestate

289 2907 291 2909 Γ
338 2843 611 2927 praeditos
649 2843 723 2903 ad
762 2844 872 2903 hoc
904 2845 1343 2903 Sacramentum
1390 2842 1806 2903 conferendum
1853 2842 2274 2902 arbitrarentur
2321 2842 2430 2921 (l).

336 3035 503 3085 cordia
535 3034 740 3084 ecolesioe
775 3034 1078 3084 occidentalis
1106 3043 1151 3083 et
1180 3037 1339 3083 orien-
1419 3034 1672 3100 expendat.
1713 3033 1853 3081 Inter
1891 3052 1972 3082 eas
2012 3051 2115 3083 una
2159 3043 2228 3082 est
2277 3032 2430 3082 chris-

336 3116 447 3165 talis
478 3119 535 3164 in
573 3126 747 3183 septe-m
777 3113 997 3167 Sacram.
1028 3116 1340 3168 administra·
1420 3118 1650 3163 motionis
1676 3116 1978 3164 sacerdotalis
2000 3117 2282 3182 improbatio
2313 3118 2429 3183 ejus·

334 3199 494 3259 tione,
525 3198 614 3247 lib.
645 3216 713 3258 11,
746 3215 848 3264 cap.
884 3214 937 3246 10
971 3209 1017 3248 et
1035 3216 1163 3265 seqq.
1195 3198 1336 3246 Paris.
1421 3197 1615 3261 demque
1659 3199 1850 3245 iteratio
1883 3199 2015 3264 apud
2057 3197 2307 3262 Bulqaros.
2349 3199 2429 3248 Ast

345 3277 490 3328 1626.
1424 3279 1743 3343 disputationis
1775 3290 1884 3327 aestu
1917 3280 2156 3344 abreptum
2193 3296 2246 3326 eo
2282 3279 2428 3344 dilap-

405 3359 471 3422 (l)
493 3359 634 3407 Lucas
650 3358 1280 3425 Holstenius‚diss.cit.cap.
1303 3377 1347 3422 2,
1430 3378 1533 3408 sum
1574 3361 1763 3411 doctum
1800 3364 1950 3409 virum
1988 3378 2104 3409 reor.
2149 3359 2247 3409 Csr.
2290 3364 2427 3411 etiam

337 3440 465 3490 aliud
498 3442 555 3489 de
581 3441 669 3489 hoc
691 3441 812 3491 facto
845 3440 1074 3509 judicium
1108 3442 1243 3499 tulit3
1282 3444 1347 3489 sic
1429 3441 1641 3490 Morinus
1660 3480 1673 3502 ,
1704 3443 1810 3491 diss.
1830 3445 1914 3492 cit.
1944 3459 2041 3507 cap.
2068 3457 2129 3488 20
2146 3477 2159 3501 ‚
2188 3450 2233 3488 et
2251 3441 2425 3491 Christ.

337 3523 462 3571 enim
502 3522 658 3573 scribit
695 3540 708 3571 ε
752 3522 1065 3587 Nequaquam
1093 3522 1333 3587 praevari-
1417 3523 1576 3588 Lupus
1595 3561 1607 3584 ,
1637 3525 1749 3574 diss.
1779 3534 1824 3571 et
1850 3524 1944 3572 loc.
1990 3524 2070 3570 cit.
2102 3521 2194 3570 Nos
2220 3523 2421 3571 adhaesi-

332 3605 443 3651 cari
478 3603 684 3652 dixerim
731 3620 838 3652 eum
861 3640 878 3666 ‚
931 3605 1018 3672 qui
1065 3603 1336 3652 schismatis
1417 3623 1519 3653 mus
1565 3607 1846 3671 responsioni
1900 3603 2134 3652 Benedicti
2187 3620 2266 3653 xiv
2297 3641 2311 3665 ,
2354 3601 2427 3652 De

330 3687 625 3739 occasionem
640 3701 1039 3753 causasquonuno
1055 3684 1333 3750 diliqentius
1415 3683 1612 3750 Synodo
1639 3686 1904 3737 dioecesana
1918 3719 1935 3748 ‚
1970 3685 2054 3735 lib.
2080 3700 2144 3735 vn
2165 3721 2178 3746 ‚
2206 3702 2306 3751 cap.
2355 3701 2390 3752 9
2409 3719 2423 3745 ,
