2502 4186
354 301 479 337 cu.
530 301 571 337 1.
622 300 689 335 DE
733 299 906 336 amm
947 296 1167 336 cumsn
1209 293 1527 333 PnAEsEnru
1573 294 1631 328 m
1670 292 1912 330 nucum.
2089 271 2200 329 191

95 465 165 503 ex
198 462 258 500 se
281 452 546 500 sanctum
578 441 803 500 efficere
840 441 963 520 (l),
1016 449 1118 498 aut
1158 437 1364 496 utilem
1393 456 1515 495 esse
1562 433 1674 492 nisi
1701 456 1809 516 pro
1843 435 2206 517 suscipientis

98 536 211 596 fide
257 537 372 616 (2);
421 537 487 595 ‘70
522 547 651 594 tum
692 535 979 609 affirmat,
1017 533 1128 591 nisi
1162 532 1568 611 spiritualiter
1600 529 1908 609 accipiatur
1930 529 2077 588 illud
2117 530 2208 589 di-

97 643 254 689 ctum
291 654 303 688 :
344 629 493 689 Nisi
524 631 1033 689 manducaveritis
1049 637 1239 700 ,‘etc.‚
1270 625 1528 684 litteram
1553 625 1811 710 occidere
1838 625 1952 704 (3);
1992 625 2052 685 8⁰
2076 627 2210 686 scri-

96 724 243 784 bens
282 747 418 784 vero
446 723 722 785 adversus
763 723 995 783 Celsum
1016 767 1031 796 .,
1072 720 1277 780 asserit
1297 765 1312 793 ,
1359 720 1620 778 oratione
1653 741 1834 798 panes
1867 721 1989 778 fieri
2023 723 2211 800 quod-

97 821 239 878 dam
263 839 479 898 corpus
494 829 771 876 sanctum
788 817 875 897 (4)
889 863 904 892 ,
921 839 1039 876 non
1058 816 1234 895 igitur
1254 813 1550 887 absolute3
1579 815 1644 872 90
1667 815 1747 871 sic
1768 814 1948 872 Hom.
1970 816 2218 876 XXXII

99 919 166 972 in
183 916 365 973 Joan.
395 912 557 971 addit
577 959 591 986 a
621 915 868 992 offulam
881 955 902 984 ,
935 932 1113 994 quam
1141 908 1402 968 Christus
1437 910 1472 968 J
1477 908 1602 968 udae
1626 909 1918 990 porrexit,
1953 911 2212 987 ejusdem

99 1009 321 1086 generis
359 1029 482 1066 esse
521 1030 585 1067 ac
621 1030 723 1082 ea,
777 1023 952 1088 quam
1003 1005 1166 1066 dedit
1224 1004 1543 1085 Apostolis,
1595 997 1808 1089 dicens
1845 1026 1858 1062 ε
1911 1004 2211 1085 Accipite,

101 1104 417 1174 comedite,
455 1114 561 1161 etc.
597 1102 852 1183 (5).100
887 1099 999 1160 Sed
1028 1100 1302 1181 palmaris
1332 1109 1418 1158 est
1448 1100 1715 1180 origenis
1750 1099 1908 1158 locus
1951 1100 2013 1157 in
2052 1103 2212 1159 Com—

99 1209 282 1256 ment.
309 1220 492 1278 super
517 1199 730 1258 Manli.
753 1195 854 1256 ubi
878 1195 1000 1254 haec
1024 1194 1350 1255 luculenter
1376 1189 1574 1253 scribit
1604 1217 1617 1254 :
1648 1194 1787 1254 Non
1809 1198 1972 1252 enim
1986 1217 2216 1274 panem

105 1295 284 1351 illum
323 1295 653 1364 visibilem,
683 1308 858 1370 quem
888 1292 1119 1350 tenebat
1143 1296 1219 1354 ,in
1251 1293 1542 1350 manibus
1557 1333 1579 1364 ,
1628 1291 1858 1370 Corpus
1897 1309 2077 1350 suum
2117 1292 2217 1350 di-

103 1390 272 1447 cebat
322 1390 484 1447 Deus
533 1382 827 1458 Verbum,
877 1388 980 1445 sed
1015 1388 1260 1445 verbum
1284 1431 1301 1462 ,
1349 1391 1420 1444 in
1466 1390 1644 1464 cujus
1691 1389 1974 1465 mysterio
2009 1386 2220 1465 fluerat

95 1488 286 1561 panis
317 1484 414 1541 ille
433 1483 825 1562 franyendus'.
859 1481 987 1541 Nec
1010 1493 1227 1561 potum
1273 1483 1456 1540 illum
1509 1483 1808 1540 visibilem
1844 1482 2220 1561 &inquinem

103 1599 283 1636 suum
318 1579 583 1652 dicebat,
623 1578 727 1635 sed
752 1579 1005 1636 verbum
1019 1621 1041 1649 ,
1083 1582 1153 1635 in
1188 1582 1365 1654 cujus
1391 1578 1671 1656 mysterio
1693 1588 1875 1656 potus
1899 1578 1996 1636 ille·
2011 1576 2223 1656 fuerat

106 1668 512 1750 effundendus.
552 1672 721 1732 Nam
764 1678 990 1752 Corpus
1024 1674 1142 1732 Dei
1188 1667 1370 1733 Verbi
1403 1680 1517 1729 aut
1551 1668 1818 1751 Sanguis
1860 1674 2016 1750 quid
2046 1668 2227 1731 aliud

108 1788 222 1825 esse
252 1778 480 1846 potest,
520 1771 647 1826 nisi
685 1770 932 1827 verbum
955 1812 976 1840 ,
1010 1769 1173 1847 quod
1195 1771 1427 1843 nutrit,
1471 1776 1527 1824 et
1554 1768 1838 1833 verbum,
1877 1769 2039 1846 quod
2066 1770 2221 1827 loeti-

101 1863 248 1939 ficat
270 1884 372 1921 cor
402 1862 531 1943 (6)?
568 1864 762 1935 Quare
800 1875 954 1922 recte
997 1864 1238 1921 omnino
1278 1861 1643 1922 Iconomachi
1675 1862 1748 1921 in'
1769 1863 2026 1922 Concilio
2062 1863 2222 1923 Con-

111 1956 629 2039 stantinopolitano
651 1970 934 2018 vocarunt
952 1958 1368 2017 Eucharistia'm
1399 1962 1729 2037 imaginem
1752 1959 1981 2037 vivifici
2004 1959 2225 2040 Corpo-

108 2056 199 2110 ris
211 2090 234 2123 ,
261 2075 394 2131 quoe
407 2057 662 2133 pretiose
689 2074 762 2113 ac
793 2055 1220 2112 honorabiliter
1239 2055 1315 2132 fic
1348 2053 1456 2133 (7).
1493 2053 1657 2132 Erg0.

194 2146 292 2205 75.
322 2151 495 2230 Resp.
517 2149 606 2208 Ad
626 2151 729 2221 1¹¹¹,
747 2150 1132 2230 Ne9.Etenim
1147 2147 1674 2208 luculentissimum
1691 2159 1779 2207 est
1794 2146 2220 2227 testimonium,

109 2241 268 2322 quod
309 2260 380 2301 ex
426 2245 482 2301 S.
523 2244 745 2324 Ignatio
791 2243 1128 2319 attulimus„
1183 2244 1275 2303 cui
1312 2258 1436 2302 non
1480 2262 1664 2325 pauca
1699 2242 1811 2302 alia
1862 2265 1985 2303 non
2030 2246 2226 2304 minus

110 2334 261 2394 clara
294 2359 402 2417 pro
442 2338 583 2396 reali
609 2338 825 2397 Christi
852 2339 1159 2420 praesentia
1196 2360 1267 2398 ex
1295 2337 1500 2398 ecdem
1526 2338 1582 2395 S.
1615 2339 1868 2417 Martyre
1898 2338 2068 2417 adJici
2092 2361 2227 2421 pos-

114 2441 262 2490 sent.
303 2432 468 2504 Quod
504 2434 552 2490 si
586 2434 761 2492 ceteri
788 2436 988 2493 Patres
1024 2432 1321 2512 apostolici
1362 2433 1588 2514 parcius
1618 2433 1977 2513 scripserunt
2014 2431 2087 2493 de
2116 2430 2226 2492 hoc

110 2526 421 2604 mysteriO,
461 2526 591 2586 ideo
629 2537 752 2602 est,
791 2539 892 2586 aut
929 2529 1063 2609 quia
1104 2526 1264 2586 nulla
1303 2527 1414 2586 illis
1451 2549 1510 2587 se
1546 2524 1797 2608 praebuit
1832 2529 2086 2605 occasio,
2130 2540 2230 2586 aut

113 2621 245 2700 quia
274 2642 498 2680 morem
529 2634 831 2701 gesserunt
860 2635 1108 2705 receptae
1131 2623 1360 2701 jamdiu
1398 2626 1592 2682 arcani
1631 2621 1951 2705 disciplinae
1985 2622 2098 2705 (8).
2131 2625 2231 2683 Ce-

114 2725 307 2774 terum
336 2717 502 2797 plura
530 2730 914 2777 monumenta
944 2718 1098 2777 illius
1137 2719 1317 2778 aetatis
1354 2717 1655 2800 deperdita
1693 2718 1983 2799 lugemus-

197 2810 296 2868 76.
342 2811 429 2870 Ad
462 2814 545 2871 2¹¹²
568 2860 584 2887 ‚
632 2815 791 2873 Dist.
837 2814 894 2872 Si
930 2813 1230 2875 novissent
1253 2859 1269 2891 7
1303 2828 1494 2880 conc.,·
1518 2835 1677 2873 secus
1695 2830 1722 2887 ,'
1757 2825 1951 2873 trans.
2010 2817 2187 2873 Porro
2211 2860 2227 2890 ,

119 2903 380 2964 ethnicos
415 2909 649 2967 nonnisi
701 2909 1003 2968 confusam
1041 2908 1114 2968 de
1160 2907 1513 2968 Eucharistia
1558 2910 1857 2969 notionem
1907 2908 2178 2970 habuisse
2213 2955 2228 2984 7

121 3009 349 3057 constat
377 3021 448 3059 ex
493 3003 651 3081 vagis
681 3003 1019 3077 calumniis,
1071 3025 1213 3085 quas
1244 3004 1508 3084 superius
1555 3005 1970 3064 recensuimus,
2011 3003 2233 3063 Juliani

122 3103 319 3153 autem
365 3106 640 3177 apostatae
677 3119 851 3180 opera
883 3120 1007 3158 non
1043 3100 1238 3159 omnia
1269 3098 1344 3158 ad
1369 3120 1476 3158 nos
1513 3108 1955 3182 pervenerunt;
1997 3102 2119 3177 ejus
2145 3099 2232 3158 in-

123 3210 296 3270 super
330 3190 701 3271 impugnator
724 3194 781 3250 S.
817 3191 1059 3272 Cyrillus
1088 3194 1251 3254 Alex.
1277 3192 1507 3254 silentio
1536 3194 1779 3275 pressit,
1808 3210 1938 3276 quae
1958 3205 2233 3276 ¹spectant

195 3381 266 3443 (1)
301 3382 420 3432 lbid.
447 3398 493 3447 p.
529 3378 646 3448 499.
1240 3451 1243 3455 ,
1284 3386 1350 3450 (6)
1405 3382 1725 3435 Commentar.
1774 3383 1933 3437 Series
1962 3388 2017 3434 in
2056 3383 2234 3435 Mami.

196 3462 259 3525 (2)
297 3463 420 3513 Ibid.
1218 3480 1270 3517 n.
1302 3466 1387 3517 85.
1654 3488 1660 3499 κ

199 3543 270 3610 (8)
309 3545 433 3594 lbid.
1155 3582 1159 3586 .
1292 3546 1356 3611 (7)
1395 3549 1528 3615 Apud
1577 3548 1812 3599 Har-daia.
1857 3547 1983 3598 Acta
2054 3544 2234 3598 Concil.

200 3626 266 3689 (lo)
281 3626 506 3687 Lib.vm‚
536 3646 590 3677 n.
629 3625 914 3694 33.“Ἀρτους
955 3628 1143 3693 weles-m
1224 3642 1338 3680 tom.
1371 3647 1444 3692 lv,
1479 3629 1566 3680 col.
1595 3630 1715 3696 367.

134 3711 265 3769 σῶμα
298 3705 612 3771 γινομένους...
639 3706 764 3774 ᾅγιόν
805 3731 864 3759 τι.
1300 3712 1370 3780 (8)
1386 3713 1665 3775 Cfr.Moore,
1690 3713 1741 3761 V
1741 3729 1929 3778 oyaqes,
1949 3711 2231 3762 etc.loc.cit.

206 3789 274 3851 (5)
307 3790 368 3840 N.
397 3808 471 3856 17.
