2502 4186
300 216 419 275 452
928 235 1243 273 ‘rnAcrArus
1289 236 1355 271 nn
1398 235 1790 275 Ponmmn‘rls.

300 380 374 438 ad
410 398 610 437 eorum
651 375 927 436 stationes
966 387 1027 435 et
1059 375 1342 436 laboriosa
1387 399 1599 458 opera,
1636 377 1709 436 de
1754 376 1965 459 quibus
1997 382 2218 440 consuli
2255 383 2409 442 inter

299 484 517 532 ceteros
547 481 794 553 possunt
808 469 1030 529 Natalis
1060 470 1389 531 Alexander
1428 470 1555 552 (l)',
1585 473 1751 531 Joan.
1785 473 2042 531 Morinus
2074 474 2196 553 (2),
2224 477 2408 536 Char-

298 566 508 624 donius
546 564 671 644 (3),
714 565 1083 645 potissimum
1118 576 1316 625 autem
1352 567 1622 625 Petavius
1661 566 1752 644 (4)
1798 578 1857 626 et
1896 567 2243 628 Sirmondus
2282 572 2406 652 (5);

296 661 387 720 his
405 706 421 737 ‚
448 662 688 743 inquam
707 705 722 732 .,
755 660 980 719 omissis
997 704 1012 733 ,
1039 659 1287 721 observo
1304 706 1319 735 ,
1343 663 1406 718 10
1431 683 1551 719 non
1570 662 2172 742 esse‘permiscendam
2189 709 2207 739 ,
2239 677 2412 745 prout

293 757 509 838 passim
534 755 1268 837 permiscentJansenist'ae‚
1299 756 1717 815 poenitentiam
1738 760 2259 827 sacramentalem,
2287 780 2412 841 quae

294 874 325 911 a
356 852 600 911 'Christo
633 861 922 933 pra-:cepta
957 862 1045 910 est
1065 895 1081 925 7
1122 872 1187 910 ac
1219 851 1468 933 proinde
1497 851 1770 911 omnibus
1804 865 1892 912 est
1928 855 2285 928 necessaria3
2329 855 2416 914 uti

293 947 655 1007 ostendimus
676 992 692 1021 7
719 956 778 1006 et
797 945 1213 1006 Poenitentiam
1234 951 1595 1005 canonicam
1613 991 1632 1024 ³.
1677 969 1853 1028 quam
1883 947 2157 1028 Theologi
2193 949 2414 1030 passim

290 1053 446 1102 recte
490 1053 736 1116 vocant,
784 1042 1234 1106 ceremonialem
1256 1084 1278 1112 ,
1316 1062 1442 1122 quae
1481 1052 1685 1124 utpote
1723 1041 2108 1124 disciplinaris
2134 1065 2243 1108 nec
2286 1066 2417 1127 per-

287 1149 464 1221 petua
485 1184 500 1214 7
543 1158 652 1197 nec
682 1148 957 1197 constans
977 1181 992 1210 ‚
1032 1135 1136 1195 sed
1167 1136 1327 1196 varia
1369 1137 1479 1196 fuit
1516 1159 1626 1219 pro
1664 1137 2006 1199 diversitate
2040 1150 2373 1220 temporum
2395 1187 2410 1216 7

285 1233 546 1293 locorum
572 1244 634 1292 et
658 1232 1239 1292 circumstantiarum
1261 1277 1278 1307 ,
1315 1253 1379 1291 ac
1411 1231 1664 1314 denique
1695 1235 1997 1314 antiquata
2034 1244 2138 1292 est.

366 1330 509 1388 219.
557 1330 627 1387 20
687 1327 984 1401 ObserVO,
1041 1349 1164 1385 non
1211 1348 1333 1387 esse
1373 1328 1592 1410 pariter
1659 1327 2136 1388 confundendam
2163 1374 2179 1400 .,
2238 1342 2415 1412 prout

287 1424 467 1484 iidem
503 1433 821 1484 novatores
864 1434 924 1482 et
961 1422 1338 1481 pistorienses
1384 1422 1758 1482 confundunt
1785 1469 1801 1498 ,
1854 1424 2273 1483 Poenitentiam
2310 1448 2415 1485 ca-

288 1526 568 1581 nonicam
591 1541 724 1580 cum
750 1519 1104 1579 Poenitentia
1118 1519 1382 1599 publica
1398 1565 1419 1591 ,
1445 1541 1576 1602 quae
1600 1519 1707 1579 sub
1728 1521 1923 1603 aliquo
1941 1533 2207 1602 respectu
2233 1522 2414 1602 viguit

287 1618 385 1679 vel
423 1615 496 1676 ab
532 1616 657 1697 ipsa
686 1625 858 1674 aetate
885 1614 1231 1696 apostolica,
1275 1615 1412 1675 licet
1436 1661 1451 1687 ,
1493 1627 1559 1674 ut
1594 1615 1839 1676 adnotat
1869 1618 2136 1676 Petavius
2172 1617 2262 1696 (6)
2283 1662 2298 1691 ,
2338 1616 2414 1676 ob

289 1713 637 1797 scriptorum
659 1722 718 1769 et
740 1720 1262 1769 monumentorum
1286 1710 1547 1791 inopiam
1563 1711 1628 1769 in
1656 1733 1864 1791 magna
1900 1710 2253 1772 obscuritate
2280 1734 2415 1773 ver-

290 1829 488 1867 semur
524 1807 752 1865 circaea
772 1849 787 1879 ,
821 1826 951 1886 quae
979 1803 1054 1863 ad
1079 1825 1209 1863 eam
1241 1815 1509 1886 spectant
1531 1850 1546 1878 ,
1585 1817 1645 1864 et
1681 1805 2031 1865 methodum
2059 1819 2351 1867 servatam
2379 1829 2413 1867 a

285 1900 693 1960 Sacerdotibus
719 1901 781 1957 in
814 1898 1187 1977 injungendis
1226 1899 1588 1979 poenitentiis
1626 1901 1829 1981 primis
1871 1900 2097 1960 duobus
2148 1901 2409 1961 Ecclesiae

287 1996 512 2056 seculis,
551 1995 687 2053 Ideo
712 2003 909 2051 autem
946 2004 1257 2074 utramque
1299 1994 1720 2052 Poenitentiam
1753 1995 2131 2054 Pistorienses
2163 1998 2406 2057 confun-

288 2094 440 2153 dunt
468 2138 482 2165 ,
531 2102 597 2149 ut
627 2090 889 2149 inferant
925 2110 996 2148 ex
1027 2087 1339 2170 apostolica
1383 2087 1698 2148 traditione
1735 2088 2004 2147 ordinem
2043 2092 2408 2152 Poenitentiae

288 2187 578 2247 canonicae
626 2183 1016 2267 repetendum
1059 2204 1224 2258 esse„
1273 2193 1448 2264 atque
1495 2184 1576 2242 sic
1620 2195 1820 2264 postea
1864 2184 2122 2244 Ecclesiae
2176 2186 2408 2245 crimini

286 2293 520 2343 vertant
582 2281 754 2359 hujus
819 2278 1038 2338 ordinis
1099 2278 1508 2338 mutationem.
1571 2279 1779 2338 Merito
1829 2278 2041 2338 idcirco
2093 2301 2124 2338 a
2175 2282 2274 2339 Pio
2336 2283 2408 2340 VI

285 2390 456 2460 prop‘.
499 2378 736 2435 XXXIV
766 2374 972 2456 synodi
1010 2373 1373 2433 Pistoriensis
1401 2374 1726 2456 proscripta
1757 2374 1897 2448 suit,
1939 2394 2065 2455 quae
2090 2375 2171 2434 ita
2210 2397 2270 2435 se
2300 2375 2406 2436 ha-

289 2474 424 2534 bet:
450 2473 792 2534 Declaratio
816 2471 1068 2549 synodi,
1099 2491 1256 2549 qua,
1273 2480 1596 2549 postquam
1610 2473 1949 2550 praemisit,
1969 2472 2240 2529 ordinem
2272 2472 2407 2531 Ρω-

288 2574 454 2628 niten
464 2573 561 2628 tice
574 2572 879 2627 canonicae
900 2570 986 2626 sic
1009 2567 1094 2624 ad
1110 2568 1532 2646 Apostolorum
1549 2569 1884 2646 ememplum
1902 2568 1980 2625 ab
1995 2568 2264 2627 Ecclesia
2289 2579 2407 2628 sta-

289 2676 490 2723 tutum
531 2666 756 2742 fuisse,
821 2673 887 2723 ut
926 2672 1068 2721 esset
1115 2668 1452 2721 communis
1494 2665 1810 2736 omnihus,
1860 2680 1965 2721 nec
2008 2674 2249 2721 tantum
2287 2686 2403 2743 pro

276 2763 604 2839 punitione
619 2761 837 2838 culpoe,
865 2759 969 2817 sed
969 2753 1286 2838 proecipue
1297 2779 1418 2837 pro
1442 2759 1818 2837 dispositione
1842 2759 1928 2816 ad
1941 2762 2239 2837 qratiam,
2266 2761 2403 2818 suh·

283 2855 379 2913 dit
397 2897 421 2926 ,
447 2876 503 2914 se
534 2858 602 2912 in
630 2855 840 2913 ordine
888 2855 989 2912 illo
1028 2854 1311 2912 mirabili
1336 2863 1390 2912 et
1414 2864 1668 2933 anqusto
1708 2864 1890 2912 totam
1926 2874 2261 2934 cognoscere
2303 2856 2402 2914 di-

348 3079 420 3143 (1)
449 3077 568 3127 Diss.
599 3094 683 3137 vn,
708 3079 759 3126 in
782 3094 873 3127 sec.
901 3075 972 3128 iii.
1388 3078 1543 3124 sertim
1558 3076 1615 3125 ad
1634 3093 1729 3124 rem
1758 3082 1963 3124 nostram
1985 3076 2068 3126 lib.
2099 3093 2166 3136 11,
2189 3092 2291 3140 cap.
2323 3092 2397 3125 11.

347 3160 412 3223 (ἢ)
450 3159 541 3224 Op.
572 3162 651 3209 cit.
686 3157 754 3208 De
785 3155 969 3208 Poenit.
1007 3160 1092 3209 lib.
1120 3175 1188 3210 lv.
1455 3157 1524 3222 (5)
1554 3156 1781 3206 Historia
1799 3155 1975 3207 Poenit.
1997 3157 2186 3224 public.
2211 3158 2298 3206 loc.
2318 3160 2396 3206 cit·

352 3239 427 3304 (3)
468 3240 605 3291 Hist.
633 3241 714 3289 des
729 3240 1048 3303 Sacrements‚
1067 3252 1182 3291 tom.
1211 3258 1264 3289 ιιι
1285 3277 1302 3303 ,
1389 3239 1475 3289 His
1505 3238 1616 3290 addi
1653 3252 1836 3305 possent
1884 3241 2202 3305 Albaspinaeus
2229 3277 2244 3299 ‚
2293 3237 2397 3288 Ob-

286 3331 398 3371 sect.
450 3322 501 3369 ἰιι
535 3358 548 3381 ,
590 3323 787 3370 seconde
835 3325 1000 3387 partie.
1045 3323 1133 3371 Hic
1174 3340 1307 3388 porro
1389 3332 1581 3374 servan.
1598 3323 1684 3373 lib.
1709 3326 1773 3384 ii,
1804 3323 1863 3372 ab
1895 3323 2076 3372 observ.
2116 3338 2178 3370 22
2218 3321 2277 3370 ad
2303 3317 2368 3383 34
2381 3368 2396 3394 ,

285 3413 446 3454 auctor
487 3405 539 3452 in
581 3405 814 3469 epitomen
840 3405 933 3453 fere
956 3405 1157 3471 redegit,
1191 3423 1292 3471 quae
1375 3413 1576 3462 Mat-ten.
1608 3406 1678 3459 De
1712 3408 1891 3474 Antiq.
1931 3405 2070 3456 Eccl.
2107 3406 2190 3454 rit.
2220 3404 2303 3453 lib.
2331 3420 2346 3452 1
2377 3440 2390 3462 ‚

282 3487 429 3534 fusius
450 3487 694 3551 scripserat
718 3484 940 3534 Morinos.
1374 3503 1494 3561 part.
1532 3492 1567 3539 1i
1588 3528 1602 3551 ‚
1632 3507 1734 3555 cap.
1768 3487 1822 3551 6,
1852 3498 1939 3539 art.
1971 3486 2023 3552 4.

352 3567 418 3631 (h)
436 3567 492 3616 In
505 3567 637 3615 libris
660 3577 743 3616 vm
759 3564 831 3616 De
845 3563 1155 3628 Paenitentia,
1175 3584 1291 3634 quos
1443 3575 1514 3643 (6)
1546 3574 1651 3624 Lib,
1681 3575 1745 3636 ῐι,
1776 3589 1880 3638 cap,
1911 3588 1940 3620 2
1964 3609 1978 3634 ‚
2006 3569 2101 3637 §2,
2132 3578 2177 3618 et
2200 3565 2285 3616 lib.
2303 3580 2389 3627 vn,

280 3650 496 3714 opposuit
514 3648 742 3709 Arnaldo,
769 3650 902 3716 cujus
934 3665 1051 3714 opus
1084 3646 1164 3696 De
1191 3650 1291 3715 fre-
1374 3675 1477 3725 cap,
1521 3672 1602 3706 22,

273 3732 445 3795 quenti
462 3731 799 3781 communione
813 3731 1037 3782 confutat.
1062 3729 1159 3782 cfr.
1174 3748 1291 3799 prae-
1415 3723 1418 3727 ’
