2502 4186
724 229 795 269 mr.
837 229 1085 269 numm
1112 252 1131 284 ,
1175 229 1398 284 runnu,
1441 230 1567 267 nc.
2124 206 2244 269 473

914 371 1320 427 PROPOSITIO
1356 371 1451 428 IV.

129 500 424 582 Episcopi
449 505 567 579 jus
610 501 832 561 babent
877 502 1232 561 ‘reservandi
1257 501 1394 573 ‘sibi
1438 519 1613 559 casus
1659 518 1782 558 non
1815 499 2011 558 solum
2044 499 2252 578 quoad

214 606 520 655 eoeternam
552 596 874 673 politiam,
916 596 1021 654 sed
1056 600 1236 654 etiam
1279 616 1484 655 coram
1527 596 1648 655 Deo
1664 619 1684 662 ‚·
1744 595 1987 674 ideoque
2030 594 2245 653 Sacer-

212 692 368 749 dotes
387 733 410 762 ,
447 693 558 769 qui
589 700 758 749 eoetra
791 695 1002 750 mortis
1034 693 1371 750 articulum
1414 693 1578 750 nihil
1605 700 1865 769 possunt
1900 694 1971 748 in
2003 690 2247 749 casibus

213 790 526 845 reservatis
544 829 567 859 ,
611 788 876 846 invalide
906 808 1165 868 prorsus
1205 788 1285 846 ab
1325 790 1407 847 iis
1437 789 1788 868 poenitentes
1828 777 2182 846 absolvunt(

210 971 354 1030 265.
389 974 474 1033 De
500 972 615 1034 fide
642 985 730 1034 est
748 974 1065 1058 propositio
1087 999 1104 1050 ς
1124 973 1477 1034 contrarium
1497 975 1656 1034 enim
1674 984 1995 1036 asserentes
2021 975 2246 1037 Concil.

133 1067 576 1144 Tridentinum‚
614 1090 740 1129 can.
783 1071 890 1147 xl,
924 1069 1023 1130 cit.
1051 1090 1190 1129 sess·
1232 1069 1608 1129 anathemate
1651 1069 1948 1152 perculit:
1998 1071 2072 1129 Si
2106 1074 2248 1150 quis

130 1163 359 1221 dixerit
374 1206 399 1235 ,
432 1164 760 1245 Episcopos
783 1185 907 1223 non
942 1165 1157 1224 habere
1167 1169 1285 1244 jus
1322 1165 1674 1223 reservandi
1707 1165 1834 1224 sibi
1865 1186 2079 1237 casus,
2121 1168 2255 1224 nisi

128 1259 332 1337 quoad
369 1269 678 1318 eater-nam
710 1261 996 1340 politiam
1018 1303 1042 1332 ,
1089 1270 1265 1339 atque
1314 1260 1445 1319 ideo
1486 1281 1743 1319 casuum
1788 1264 2250 1319 reservationem

128 1373 253 1411 non
289 1354 611 1432 prohibere
632 1398 657 1427 ,
692 1359 1018 1434 quominus
1049 1356 1331 1413 Sacerdos
1364 1376 1403 1413 a
1438 1359 1753 1414 reservatis
1786 1376 1914 1414 vere
1951 1356 2219 1414 absolvat
2228 1375 2252 1421 ;

129 1448 452 1508 anatliema
485 1454 583 1509 sit.
617 1450 725 1509 Hic
752 1471 929 1531 porro
962 1470 1150 1509 canon
1179 1447 1430 1509 cohaeret
1465 1448 1743 1509 doctrinae
1763 1453 1889 1528 jam
1912 1448 2143 1510 traditae
2173 1446 2248 1509 ab

128 1539 335 1601 eodem
372 1544 659 1620 Concifin,
683 1546 810 1627 capss
840 1546 942 1604 VII
976 1566 991 1604 ε
1026 1549 1382 1624 Maqnopere
1416 1545 1504 1603 ad
1529 1545 1862 1604 christiani
1873 1546 2099 1625 populi
2118 1545 2248 1604 dis-

128 1638 426 1716 ciplinam
451 1645 761 1719 pertinere
786 1643 1189 1700 sanctissimis
1216 1639 1515 1698 Patribus
1542 1643 1762 1698 nostris
1789 1642 1989 1698 visum
2025 1650 2109 1698 est
2124 1682 2145 1712 ,
2180 1649 2252 1698 ut

127 1736 430 1791 atrociora
470 1736 751 1813 quoedam
787 1746 844 1793 et
863 1739 1152 1815 graviora
1196 1739 1467 1792 crimina
1509 1752 1633 1793 non
1671 1756 1711 1793 a
1754 1736 2107 1814 quibusvis,
2151 1736 2258 1794 sed

127 1851 166 1888 a
196 1833 455 1888 summis
496 1831 822 1894 dumtaa-'at
859 1831 1280 1890 Sacerdotibus
1316 1831 1782 1890 absolverentur.
1839 1831 2006 1892 Unde
2042 1837 2251 1891 merito

126 1925 440 2004 Pontifices
473 1930 738 1985 maximi
754 1947 874 2005 pro
894 1947 1179 2005 suprema
1197 1935 1516 2005 potestate,
1555 1927 1681 1984 sibi
1704 1929 1774 1984 in
1802 1927 2073 1986 Ecclesia
2101 1932 2252 1986 uni-

123 2040 295 2078 versa
333 2021 598 2092 tradita,
637 2042 852 2080 causas
892 2023 1134 2099 aliquas
1163 2025 1502 2079 criminum
1531 2025 1839 2100 qravz‘ores
1885 2042 1992 2081 suo
2035 2033 2251 2102 potue-

126 2125 280 2172 runt
302 2117 617 2194 peculiari
622 2116 867 2194 judicio
892 2137 1212 2174 reservare.
1241 2115 1451 2195 Neque
1475 2117 1889 2175 dubitandum
1914 2127 2058 2176 est...
2095 2121 2245 2197 quin

125 2210 232 2268 hoc
261 2212 422 2269 idem
455 2211 774 2291 Episcopis
802 2212 1083 2269 omnibus
1109 2215 1178 2268 in
1205 2232 1318 2269 sua
1342 2215 1558 2290 cuique
1583 2213 1824 2271 diaecesi
1835 2258 1851 2279 ,
1885 2218 1954 2271 in
1986 2214 2250 2291 aedifi'ca-

127 2310 347 2364 tionem
373 2317 610 2378 tamen,
643 2328 760 2365 non
791 2311 860 2365 in
881 2308 1341 2365 destructionem
1366 2307 1542 2365 liceat
1555 2350 1575 2378 ,
1591 2329 1709 2386 pro
1735 2309 1859 2365 illis
1891 2311 1961 2366 in
1983 2308 2252 2367 subditos

125 2403 357 2460 tradita
388 2423 579 2481 supra
619 2403 877 2480 reliquos
917 2405 1234 2480 inferiores
1272 2402 1608 2460 Sacerdotes
1658 2407 2052 2475 auctoritate,
2079 2424 2250 2482 proe-

123 2502 329 2555 sertim
369 2498 573 2576 quoad
611 2499 752 2573 illa,
797 2499 1022 2576 quibus
1049 2502 1688 2556 excommunicationis
1724 2519 1982 2556 censura
2010 2519 2252 2558 annexa

124 2603 223 2651 est.
244 2594 429 2673 Hanc
451 2604 650 2652 autem
678 2591 1030 2652 delictorum
1055 2597 1511 2653 reservationem
1527 2638 1544 2669 ,
1570 2614 1895 2652 consonum
1917 2605 2002 2653 est
2021 2595 2249 2663 divinas

126 2693 514 2760 auctoritati,
543 2680 683 2748 ⁵non
721 2700 962 2748 tantum
1002 2693 1074 2748 in
1109 2700 1354 2747 externa
1385 2691 1644 2768 politia,
1683 2691 1787 2748 sed
1816 2695 2001 2750 etiam
2045 2711 2252 2750 coram

127 2784 253 2842 Deo
266 2789 389 2842 vim
415 2785 647 2844 babere.
663 2831 674 2843 .
689 2830 705 2845 .
722 2786 925 2844 Eoetra
947 2787 1280 2844 articulum
1296 2789 1508 2843 mortis
1527 2786 1862 2845 Sacerdotes
1876 2829 1897 2857 ,
1928 2807 2069 2845 cum
2092 2788 2256 2846 nibil

116 2882 358 2957 possint
378 2882 446 2937 in
469 2881 710 2939 casibus
737 2884 1080 2958 reservatis,
1113 2883 1185 2940 id
1209 2903 1406 2940 unum
1426 2884 1858 2959 poenitentibus
1882 2885 2252 2961 persuadere

127 2976 444 3048 nitantur,
473 2986 542 3034 ut
574 2976 660 3034 ad
682 2980 1020 3057 superiores
1041 2987 1098 3035 et
1128 2979 1417 3057 leqitimos
1427 2978 1675 3056 judices
1687 2998 1803 3057 pro
1833 2979 2109 3057 beneficio
2138 2982 2250 3040 ab·

132 3070 446 3128 solutionis
472 3071 773 3129 accedant.
972 3140 974 3142 v

209 3164 350 3222 266.
399 3167 536 3224 Post
579 3177 702 3225 tam
742 3178 1005 3248 apertam
1066 3168 1393 3229 Tridentini
1443 3168 1804 3243 doctrinam,
1847 3168 2048 3227 mirari
2093 3165 2251 3225 subit

130 3259 287 3340 quod
319 3259 682 3320 ecclesiastici
720 3262 1027 3343 scriptores
1067 3263 1416 3324 catholicum
1461 3286 1679 3325 nomen
1732 3266 2076 3347 profitentes
2124 3262 2247 3321 ausi

128 3353 346 3412 fuerint
393 3354 736 3436 impugnare
760 3362 857 3434 jus
893 3359 1359 3419 reservationum
1396 3381 1669 3433 casuum,
1710 3371 1770 3419 et
1799 3382 1974 3419 usum
1998 3404 2013 3432 7
2051 3358 2152 3439 qui
2184 3357 2247 3414 in

130 3449 374 3508 Ecclesia
405 3449 662 3527 obtinet,
696 3473 856 3511 casus
896 3452 1178 3534 quosdam
1200 3454 1575 3530 reservandi,
1601 3476 1710 3515 nec
1749 3455 1923 3517 veriti
1957 3454 2076 3512 sint
2114 3471 2248 3512 eam

129 3629 211 3684 ta,
248 3639 337 3677 etc.
382 3627 560 3677 Brescia
604 3629 760 3696 17933
798 3628 902 3679 Gio.
947 3629 1138 3679 Battista
1222 3631 1292 3680 do’
1328 3631 1595 3697 filososanti
1613 3629 1689 3679 del
1707 3629 1872 3679 secolo.

133 3706 320 3758 Gemini
339 3710 573 3771 Solitario‚
592 3709 668 3759 La
684 3710 853 3761 cabala
876 3711 1141 3778 discoperta
