2502 4186
624 231 749 268 cn.
799 228 856 270 v.
902 229 971 266 nn
1016 225 1308 279 marnam,
1355 225 1582 278 Polum,
1627 223 1751 262 mc.
2130 201 2250 263 471

204 374 347 434 259.
397 371 488 433 Ad
516 371 624 447 5¹¹²,
649 372 799 452 Neq.
826 371 945 431 Sed
965 392 1031 430 ea
1046 371 1299 452 ipsamet
1321 370 1492 430 docet
1514 367 1898 429 catechismus
1923 369 2247 443 RomanuS‚

125 491 255 552 quae
301 468 549 530 vidimus
591 467 851 526 docuisse
883 465 1205 525 Concilium
1241 459 1673 525 Tridentinum.
1714 466 1862 524 Sane
1896 463 2143 545 loquens
2175 463 2249 529 de

122 564 390 626 Ministro
419 562 786 638 Poenitentiae
828 562 1029 621 asserit
1062 583 1074 618 ε
1118 562 1491 619 Sacerdotem
1537 581 1685 631 esse,
1716 564 1830 638 qui
1861 560 2250 618 ordinariam

125 670 239 719 aut
288 660 617 739 deleyatam
657 657 1006 716 absolvendi
1029 666 1374 735 potestatem
1412 655 1630 714 habeat
1648 697 1669 726 ,
1719 676 1791 713 ea·
1833 647 2243 713 ecelesiasticis

125 754 546 815 sanctionibus
570 756 716 811 satis
743 761 1027 831 apparet;
1058 751 1277 810 haheat
1307 755 1471 809 enim
1506 760 1729 830 oportet
1762 769 1884 808 non
1921 751 2115 808 solum
2154 735 2251 808 or-

124 851 297 909 dinis
316 893 332 922 ‚
373 869 586 907 verum
619 851 803 906 etiam
817 847 1288 925 jurisdictionis
1303 856 1650 925 potestatem
1666 887 1688 917 ,
1731 849 1846 924 qui
1883 845 1987 903 hoc
2009 846 2259 903 munere

117 947 312 1024 funyi
343 943 510 1001 dehet
545 942 659 1023 (l).
1301 931 1313 935 -
2144 928 2146 932 V

205 1037 348 1096 260.
396 1035 530 1115 Obj.
578 1035 853 1096 secunda.
894 1037 956 1093 1ο
979 1034 1200 1095 Saltem
1240 1032 1591 1106 dicendum„³
1635 1033 2119 1113 Concilium-cap.
2156 1034 2258 1091 VII

121 1130 290 1214 loqui
326 1143 562 1191 tantum
599 1130 672 1190 de
713 1129 1079 1190 absolutione
1132 1152 1163 1189 a
1210 1130 1504 1203 censuriS,
1547 1150 1678 1209 quae
1724 1127 1964 1210 quidem
2011 1127 2253 1205 jurisdi-

127 1227 379 1287 ctionem
405 1227 468 1284 in
495 1224 839 1287 absolvente
860 1225 1171 1307 requirunt
1196 1224 1528 1307 utpotefori
1548 1222 1917 1283 ecclesiastici
1937 1268 1952 1298 ,
1972 1245 2101 1282 non
2117 1244 2257 1283 vero

125 1320 198 1381 de
240 1320 604 1380 absolutione
647 1319 1099 1394 sacramentali,
1143 1330 1321 1401 prout
1369 1317 1588 1377 indicat
1621 1319 1748 1400 ipse
1780 1317 1984 1400 capitis
2013 1316 2255 1393 titulusz,

124 1417 226 1499 qui
256 1427 345 1475 est
375 1418 467 1476 De
508 1420 799 1475 censuris.
831 1415 900 1473 2⁰
929 1416 1052 1475 Hac
1088 1415 1314 1474 ratione
1338 1413 1630 1473 tolluntur
1668 1411 2055 1472 illavabsurda
2081 1457 2097 1486 ,
2130 1428 2257 1494 quae

122 1532 196 1572 ex
229 1512 518 1573 contraria
554 1511 822 1571 doctrina
856 1518 1210 1592 sequuntur,
1262 1508 1478 1569 scilicet
1514 1554 1531 1584 ,
1575 1507 1651 1567 ad
1689 1507 1881 1569 valide
1939 1506 2255 1567 absolven-

124 1605 268 1665 dum
323 1617 539 1689 praeter
580 1617 934 1688 potestatem
962 1606 1259 1666 *divinitus
1302 1603 1584 1664 traditam
1633 1603 1852 1684 requiri
1898 1612 2252 1684 potestatem

123 1701 450 1765 humanam
488 1712 591 1761 aut
624 1712 980 1783 potestatem
1010 1700 1272 1759 divinam
1302 1698 1561 1780 pendere
1606 1697 1820 1757 debere
1858 1696 1923 1754 in
1959 1717 2063 1754 suo
2091 1716 2265 1754 exer-

124 1798 257 1857 citio
297 1819 330 1856 a
375 1807 667 1878 potestate
709 1796 1003 1869 humana3
1067 1793 1496 1853 absolutionem
1521 1795 1526 1800 ’
1553 1815 1677 1853 non
1720 1796 1846 1870 jam
1889 1791 2138 1850 conferri
2188 1792 2251 1849 in

124 1892 370 1952 nomine
405 1891 561 1950 J.IC.
590 1936 608 1966 ,
651 1890 755 1951 sed
791 1890 853 1949 in
888 1890 1132 1949 nomine
1170 1889 1476 1971 Episcopi,
1502 1887 1730 1969 aliaque
1762 1886 2068 1966 ejusmodi.
2104 1885 2169 1945 30
2199 1886 2261 1946 Si

123 1986 510 2047 nihilominus
538 1986 902 2046 contendant
924 1986 1228 2044 contrariae
1259 1983 1541 2044 doctrinas
1566 1983 1801 2066 patroni
1819 2028 1835 2058 ,
1875 1981 2009 2042 ideo
2040 1982 2260 2063 requiri

121 2083 187 2142 in
238 2081 600 2142 Confessario
643 2079 1112 2160 jurisdictionem
1163 2079 1238 2139 ad
1286 2079 1545 2160 legitime
1595 2077 2054 2150 absolvendum,
2122 2077 2260 2158 quia

128 2176 423 2237 sententia
447 2176 586 2236 ferri
611 2174 789 2235 debet
803 2176 866 2234 in
883 2175 1147 2235 subditos
1167 2220 1183 2249 ,
1213 2174 1459 2256 quilibet
1481 2174 1666 2234 fidelis
1688 2173 1831 2232 dum
1856 2194 2049 2232 coram
2067 2170 2262 2233 Sacer-

125 2271 262 2331 dote
293 2293 355 2331 se
377 2271 528 2330 sistit
547 2316 564 2344 ,
591 2270 703 2330 hoc
733 2271 863 2353 ipso
885 2292 946 2330 se
978 2275 1102 2349 ejus
1134 2269 1445 2343 subditum*
1464 2270 1798 2343 constituit3
1833 2288 1967 2328 cum
1999 2268 2260 2328 tribunal

124 2368 495 2427 Poenitentiae
519 2388 629 2448 pro
651 2367 718 2425 iis
742 2367 815 2425 sit
843 2366 1182 2425 institutum
1202 2411 1218 2440 ,
1240 2366 1340 2447 qui
1362 2378 1572 2446 sponte
1594 2365 1676 2423 'ad
1694 2364 1842 2423 illud
1867 2364 2137 2424 accedere
2164 2386 2259 2426 vo-

124 2461 278 2521 lunt.
315 2462 383 2521 40
407 2464 660 2522 Demum
689 2462 882 2521 omitti
906 2462 1113 2543 nequit
1131 2507 1146 2537 7
1171 2462 1502 2520 institutam
1530 2482 1654 2521 esse
1688 2459 2258 2520 administrationem

126 2558 486 2616 Sacramenti
522 2553 890 2617 Poenitentiae
924 2556 998 2615 ad
1036 2557 1223 2616 instar
1258 2560 1674 2637 compromissi
1694 2557 1849 2616 inter
1870 2557 2261 2638 poenitentem

128 2663 189 2711 et
217 2652 678 2727 confessarium,
705 2675 821 2734 quo
847 2654 915 2712 fit
942 2664 1008 2711 ut
1032 2655 1142 2712 iste
1173 2653 1432 2734 acquirat
1475 2651 1777 2711 subditum
1817 2652 2219 2711 voluntarium
2239 2695 2256 2727 7

130 2758 307 2828 atque
336 2748 481 2808 adeo
514 2749 696 2830 possit
724 2748 893 2807 illum
924 2747 1117 2808 valide
1150 2746 1454 2807 absolvere
1491 2773 1507 2822 ε,
1541 2747 1820 2806 Sacerdos
1855 2748 2013 2806 enim
2050 2758 2139 2805 est
2165 2751 2259 2824 ju-

135 2842 250 2902 dex
290 2847 860 2923 compromissarius
896 2866 927 2902 a
964 2843 1194 2902 Christo
1229 2843 1533 2902 institutus
1574 2844 1730 2902 inter
1764 2845 1953 2906 Deum
1979 2842 2267 2901 offensum

132 2948 192 2997 et
222 2949 592 3019 peccatorem
617 2960 649 2997 a
681 2960 796 3020 quo
821 2938 953 2999 laesa
979 2938 1176 3001 divina
1195 2939 1420 3016 justitia
1450 2949 1561 2997 est.
1606 2940 1771 3017 Ergo·

213 3033 354 3091 261.
399 3034 571 3114 Resp.
618 3032 708 3092 Ad
749 3034 865 3108 lm,
907 3034 1061 3114 Ney.
1094 3035 1241 3092 Tum
1273 3034 1409 3114 quia
1443 3033 1648 3091 titulus
1676 3033 1850 3111 hujus
1890 3032 2095 3114 capitis
2135 3051 2253 3090 non

134 3138 222 3187 est
254 3125 327 3185 de
363 3126 498 3185 solis
525 3128 780 3186 censuris
802 3172 818 3202 ,
859 3127 963 3186 sed
994 3130 1063 3186 de
1088 3135 1353 3208 peccatis
1387 3139 1442 3186 et
1461 3132 1736 3187 censuris
1774 3133 2125 3199 reservatis,
2161 3137 2262 3184 aut

132 3221 473 3303 simpliciter
495 3223 565 3280 de
587 3244 843 3281 casuum
861 3227 1288 3291 reservatione3
1312 3235 1441 3282 tum
1465 3224 1599 3305 quia
1613 3211 1949 3281 'Concilium
1974 3223 2037 3280 in
2055 3221 2261 3281 eodem

133 3318 323 3398 capite
356 3315 663 3397 distinguit
687 3329 921 3399 peccata
959 3340 991 3377 a
1037 3319 1333 3395 censuris.,
1374 3319 1573 3378 dice-ns
1616 3341 1629 3375 ε
1672 3319 2023 3378 Praesertim
2065 3317 2268 3396 quoad

131 3414 247 3470 illa
281 3411 602 3490 (atrociora
632 3413 875 3471 crimina
891 3413 939 3492 )‚
964 3415 1187 3493 quibus
1211 3418 1850 3474 cacommunicationis
1872 3433 2129 3473 censura
2145 3432 2262 3470 an-

131 3530 288 3567 nexa
337 3518 459 3581 θείς
510 3519 641 3567 tum
687 3507 942 3591 denique
990 3510 1126 3591 quia
1167 3510 1426 3594 loquitur
1475 3510 1548 3571 de
1585 3510 1978 3572 reservatione
2025 3526 2264 3566 casuum

209 3709 283 3776 (l)
322 3712 444 3761 Part.
475 3730 507 3761 ιι
534 3751 547 3774 ,
581 3730 683 3780 cap.
717 3711 768 3775 5,
800 3732 849 3762 n.
878 3711 963 3780 47.
