2502 4186
323 185 442 245 304
956 201 1270 242 *inieramus
1313 202 1382 238 ns
1423 201 1822 243 aucnuusrm.

325 370 395 423 in
437 382 634 421 meam
667 363 1304 447 commemorationem.
1350 358 1498 416 Cum
1539 357 1717 438 igitur
1754 359 1879 440 ipse
1926 361 2324 442 distribuerit7
2376 378 2441 427 ut

329 456 668 518 Sacerdotes
699 455 914 514 faciant
933 499 948 529 ,
981 453 1139 535 quod
1165 448 1426 530 Christus
1450 453 1607 528 fecit7
1630 466 1690 514 et
1717 455 1824 537 ipsi
1855 455 2218 519 adstantibus
2252 463 2442 522 distri-

326 553 506 612 buere
521 550 760 612 debent.
794 550 859 609 30
883 552 1072 623 Quare
1101 549 1438 631 Apostolus,
1468 552 1489 606 l
1516 551 1645 608 Cor.
1672 571 1799 632 cap.
1838 552 1924 626 X,
1954 574 2173 633 panem
2211 568 2269 615 et
2300 558 2441 617 eali—

325 669 454 707 cem
486 646 863 726 benedictum
905 655 1070 704 vocat
1106 648 1645 724 participationem
1697 666 1799 704 seu
1838 653 2442 711 communicationem

326 743 597 825 Corporis
617 752 677 801 et
700 741 1004 822 Sanguinis
1032 741 1285 800 Domini.
1309 739 1374 798 40
1392 741 1432 798 F
1436 741 1612 799 ractio
1635 741 1760 821 ipsa
1787 743 1982 823 paniS‚
2013 764 2140 824 quae
2163 745 2226 803 in
2253 746 2445 807 Coenae

326 839 696 898 institutione
724 838 872 896 facta
897 847 1015 912 est,
1045 856 1287 919 quaeque
1309 836 1418 918 ipsi
1444 837 1657 894 actioni
1683 837 2070 899 eucharisticae
2097 862 2314 900 nomen
2347 843 2446 903 de-

328 935 414 994 dit
436 981 452 1010 ,
482 944 548 994 ut
574 944 739 1016 patet
779 954 851 992 ex
874 933 999 991 Act.
1040 934 1240 1013 Apost.
1276 954 1400 1014 cap.
1430 934 1514 1005 ΙΙ,
1551 931 1631 989 42
1662 943 1721 991 et
1745 931 1915 1008 alibi,
1946 949 2146 996 nonne
2177 936 2446 997 ordinata

327 1041 453 1091 erat
483 1029 557 1088 ad
597 1029 1072 1088 communionem
1114 1026 1516 1088 adstantium?
1561 1026 1625 1085 5⁰
1668 1027 1819 1086 Hinc
1854 1027 2012 1088 idem
2051 1032 2446 1113 Apostolusin

310 1117 426 1187 'cit.
459 1125 640 1207 Epist.
686 1146 813 1206 cap.
846 1125 924 1183 XI
945 1168 960 1198 .,
986 1123 1066 1181 20
1087 1168 1104 1200 ,
1128 1123 1327 1182 scribit
1360 1147 1372 1181 ε
1410 1125 1911 1184 Convenientihas
1939 1127 2100 1184 vohis
2127 1132 2193 1186 in
2222 1150 2446 1201 unum,

310 1228 455 1304 jam
486 1244 607 1280 non
635 1231 718 1280 est
743 1222 1112 1279 dominicam
1140 1225 1382 1279 Coenam
1402 1221 1780 1280 manducare
1796 1246 1815 1288 ,·
1850 1227 2261 1302 unusquisque
2283 1231 2448 1284 enim

325 1340 508 1378 suam
534 1319 1107 1396 coenamproesumit
1132 1316 1218 1374 ad
1236 1317 1737 1376 manducandum
1758 1317 1881 1396 (l);
1908 1338 2022 1398 quo
2043 1317 2105 1376 in
2123 1317 2247 1377 loco
2264 1341 2451 1401 quum

330 1415 575 1474 Coenam
624 1412 977 1471 dominicam
1014 1411 1095 1470 ita
1145 1422 1407 1493 opponat
1462 1409 1771 1493 Apostolus
1820 1434 1999 1473 coenae
2043 1415 2284 1496 privatae
2314 1460 2330 1490 ,
2383 1426 2452 1474 ut

329 1509 645 1569 hancnon
680 1529 803 1568 esse
828 1506 1195 1566 dominicam
1236 1528 1466 1566 coenam
1506 1507 1794 1582 affirmet,
1838 1510 1976 1567 satis
2024 1509 2341 1586 indicavit,
2387 1531 2449 1570 se

328 1605 624 1686 privatam
653 1603 826 1662 solius
870 1602 1190 1662 Sacerdotis
1231 1604 1707 1663 communionem
1741 1615 2026 1686 tanquam
2060 1605 2320 1665 illicitam
2357 1627 2454 1665 re-

331 1699 734 1782 prehendisse.
770 1700 834 1757 60
863 1700 1013 1757 Sane
1047 1698 1292 1778 liturgiae
1315 1720 1518 1758 omnes
1545 1711 1672 1758 tum
1700 1699 1896 1760 latinae
1929 1713 2057 1760 tum
2093 1722 2288 1781 graecae
2320 1724 2454 1762 con-

330 1796 524 1854 tinent
554 1792 875 1867 orationes{
909 1814 1036 1874 quae
1063 1815 1186 1851 non
1213 1793 1386 1852 solius
1412 1794 1733 1853 Sacerdotis
1762 1796 2003 1855 nomine
2022 1796 2166 1871 ‚sed
2193 1797 2454 1879 plurium

330 1891 590 1957 nominev
616 1889 986 1961 funduntur3
1027 1899 1222 1947 essent
1267 1900 1466 1948 autem
1516 1892 1830 1968 nugatoriae
1871 1892 2161 1950 orationes
2201 1893 2360 1967 istae7
2402 1893 2451 1951 si

332 1985 428 2046 vel
469 1984 618 2044 nulli
655 1985 773 2042 sint
805 2030 820 2058 ᾖ
867 1984 967 2065 qui
1013 1983 1296 2041 Sacrificio
1346 1983 1613 2060 adstent,
1664 1984 1759 2045 vel
1795 1985 1870 2043 de
1911 1986 2117 2045 eodem
2164 1987 2450 2046 Sacrificio

333 2083 575 2141 minime
607 2080 978 2163 participent.
1009 2079 1075 2138 70
1100 2078 1333 2138 Accedit
1353 2125 1369 2154 7
1404 2079 1562 2160 quod
1589 2101 1839 2140 canones
1879 2082 2140 2141 Ecclesiae
2180 2083 2454 2142 vetustis-

333 2178 463 2237 simi
510 2177 853 2258 praecipiunt
895 2174 1370 2234 communionem
1411 2174 1683 2235 fidelibus
1725 2178 2009 2236 Sacrificio
2050 2177 2454 2253 atlstantibuS‚

334 2285 392 2333 et
425 2271 498 2332 ab
537 2272 794 2332 Ecclesiae
827 2270 1129 2329 liminibus
1171 2282 1374 2331 arcent
1415 2293 1511 2331 eos
1535 2318 1551 2347 .,
1587 2274 1688 2354 qui
1730 2295 1853 2333 non
1893 2273 2452 2357 obtemperaverint.

335 2369 402 2430 8⁰
441 2370 566 2442 Quo
593 2368 659 2426 fit
679 2413 694 2442 ,
726 2378 794 2426 ut
826 2387 1135 2449 nunquam
1177 2367 1335 2450 apud
1362 2370 1588 2428 Graecos
1631 2364 1849 2451 absque
1892 2369 2457 2430 communicantibus

333 2465 523 2523 Missae
558 2461 948 2524 celebrentur.
990 2464 1151 2543 Ergo,

418 2560 557 2619 308.
607 2561 781 2640 Resp.
846 2557 935 2618 Ad
985 2558 1096 2633 1¹¹²,
1146 2560 1304 2618 Dist.
1336 2559 1446 2617 vIta
1487 2569 1722 2634 tamen,
1766 2571 1833 2618 ut
1878 2582 1999 2619 non
2046 2561 2275 2634 omnia,
2330 2579 2456 2641 quae

320 2655 598 2729 Christus
644 2655 815 2735 gessit
847 2654 921 2713 ⁴in
966 2655 1149 2714 Coena
1187 2653 1262 2713 ad
1305 2655 1621 2713 essentiam
1657 2655 1926 2714 Sacrificii
1965 2655 2307 2736 pertineant
2353 2666 2455 2713 aut

335 2751 613 2833 praecepti
649 2751 771 2811 vim
793 2749 1050 2808 habeant
1069 2795 1085 2824 ‚
1113 2771 1314 2816 conc.;
1339 2771 1499 2808 secus
1518 2792 1535 2823 ‚
1559 2771 1688 2828 neq.
1719 2750 1800 2808 Ex
1824 2750 1892 2808 iis
1922 2749 2079 2808 enim
2098 2795 2113 2824 .,
2140 2770 2266 2830 quae
2295 2749 2457 2808 Chri-

336 2857 458 2907 stus
474 2847 609 2906 fecit
626 2847 687 2905 in
712 2846 1079 2905 Eucharistiae
1093 2846 1481 2921 institutione,
1507 2844 1619 2903 alia
1641 2846 1878 2928 quidem
1902 2847 2203 2927 pertinent
2233 2844 2308 2903 ad
2333 2850 2454 2924 ejus

335 2942 749 3019 substantiam,
795 2942 903 3001 alia
949 2964 1088 3002 vero
1133 2964 1256 3001 non
1289 2942 1465 3015 item3
1505 2941 1663 3022 quod
1706 2942 1753 2999 si
1794 2942 1856 2999 in
1898 2940 2171 3000 omnibus
2212 2942 2453 3000 omnino

337 3038 677 3120 exemplum
703 3037 915 3096 Christi
943 3037 1018 3096 ad
1047 3036 1434 3096 substantiam
1461 3048 1750 3118 spectaret
1773 3049 1874 3096 aut
1893 3038 2171 3120 ‘praecepti
2198 3038 2319 3097 vim
2347 3037 2456 3096 ha-

335 3132 534 3210 beret,
562 3133 747 3192 multa
771 3155 910 3192 sane
933 3132 1264 3215 praestanda
1287 3144 1508 3207 essentq
1541 3153 1666 3214 quae
1702 3145 1902 3193 tamen
1938 3155 2130 3215 neque
2162 3133 2455 3193 Catholica

340 3229 587 3289 Ecclesia
614 3251 806 3311 neque
830 3231 1064 3312 ipsimet
1091 3240 1403 3289 novatores
1436 3230 1719 3289 imitanda
1749 3229 1858 3288 sibi
1883 3241 2319 3312 proposuerunt
2344 3229 2452 3310 (2).

407 3449 472 3515 (l)
496 3445 820 3516 Συνερχομένων
841 3446 904 3498 ogr
923 3449 1034 3511 ὗμᾶίν
1055 3444 1125 3496 ἐπὶ
1142 3444 1196 3497 τὲ
1223 3446 1330 3496 αὖτέ
1349 3486 1362 3510 ,
1517 3449 1583 3510 (2)
1621 3447 1724 3497 Huc
1740 3448 1955 3510 refertur,
1973 3450 2097 3516 quod
2117 3449 2164 3498 S.
2180 3448 2461 3513 Augustinus

341 3535 415 3582 οὔκ
451 3529 549 3582 ’ἔστι
576 3529 774 3598 κυριὲικδν
808 3530 978 3581 δεῖπνον
1012 3532 1192 3592 φοιγεῒν.
1214 3529 1363 3580 ’‘Enx-
1447 3530 1639 3591 scribit,
1671 3530 1840 3596 Epist.
1876 3549 1967 3580 mv.
1993 3532 2052 3580 al.
2077 3547 2213 3579 cxvm
2232 3568 2245 3590 ‚
2281 3529 2346 3576 ad
2373 3528 2460 3577 Ja-

326 3603 446 3668 ‘wos-
486 3611 576 3682 oyoip
607 3611 660 3664 vo*
683 3611 797 3664 ’ὶὸιον
840 3612 1010 3663 δεῖπνον
1053 3614 1363 3678 προλαμβάνει
1446 3629 1598 3661 nuar.
1618 3613 1675 3660 de
1697 3614 1875 3661 ritibus
1890 3612 2241 3672 Eccksiarmu,
2263 3629 2364 3676 cap.
2388 3628 2454 3671 vr,

256 3739 260 3744 .
342 3700 380 3746 ἐν
417 3704 480 3763 τῷ
513 3703 694 3760 <vastem
1449 3693 1532 3743 ubi
1568 3695 1624 3744 de
1661 3695 1950 3744 Eucharistia
1987 3697 2051 3744 ait
2097 3711 2111 3743 :
2150 3692 2358 3759 Liquido
2380 3708 2464 3759 ap-
