2502 4186
2075 172 2195 233 313

567 208 689 245 CAP.
733 205 815 245 111.
859 205 928 241 DE
971 202 1223 241 MATERIA
1253 224 1269 254 7
1315 199 1537 250 romu,
1566 198 1702 236 tE'rC.

80 367 206 414 tum
233 340 590 413 Sacramenti
611 363 737 410 tum
754 349 1040 409 Sacrificii.
1063 346 1149 405 Ad
1171 347 1420 404 formam
1440 341 1599 423 quod
1615 340 1860 415 attinet,
1889 339 2195 400 declinatis

82 447 494 530 quaestionibus
534 444 886 505 scholasticis
930 465 943 500 ε
993 452 1191 499 utrum
1217 437 1430 496 scilicet
1450 435 1711 493 Christus
1740 434 1861 493 sola
1887 433 2197 495 voluntate

81 562 157 600 an
194 564 332 602 vero
366 540 678 601 verborum
712 537 1034 619 prolatione
1072 553 1288 615 panem
1325 550 1391 588 ac
1426 529 1631 589 vinum
1660 529 2104 588 commutaverit
2133 529 2198 586 in

83 636 304 717 Corpus
331 647 389 693 et
413 635 764 713 Sanguinem
796 653 1002 703 suum3
1035 628 1174 686 item
1204 642 1278 684 an
1305 622 1516 698 verba,
1542 645 1673 704 quae
1703 625 1765 681 in
1796 645 2016 682 canone
2042 645 2199 705 prae-

83 730 298 790 cedunt
329 728 422 790 vel
451 727 883 808 subsequuntur
905 722 1395 784 consecrationem
1417 765 1432 794 ,
1464 719 1536 777 ad
1560 723 1683 796 ejus
1711 719 2024 778 essentiam
2052 741 2197 800 per-

82 826 347 897 tineant3
389 823 479 881 his
506 868 521 896 ,
560 823 805 904 inquam
831 866 846 895 ,
901 817 1199 879 declinatis
1249 813 1816 887 concertationibus‚
1870 835 2000 894 quae
2044 825 2199 873 certe

81 941 203 978 non
234 919 428 997 magni
457 917 734 978 videntur
769 913 1086 986 momenti,
1126 932 1233 968 nos
1269 931 1404 968 cum
1442 908 1740 968 communi
1770 928 1836 966 ac
1871 918 2026 966 certa
2061 930 2201 967 sen-

82 1013 265 1072 tentia
296 1013 601 1071 asserimus
625 1058 640 1087 .‚
678 1012 927 1070 formam
955 1005 1324 1067 essentialem
1367 1015 1495 1063 tum
1533 1003 1891 1063 Sacramenti
1936 1014 2064 1061 tum
2096 1005 2201 1061 Sa-

83 1108 276 1166 crificii
303 1108 612 1166 consistere
648 1107 711 1165 in
751 1105 863 1162 illis
893 1101 1085 1163 verbis
1122 1123 1134 1160 :
1174 1106 1293 1159 Hoc
1320 1111 1403 1159 esc
1437 1101 1670 1180 >Corpus
1705 1120 1906 1157 meum
1927 1141 1948 1171 ,
1989 1108 2050 1157 et
2075 1099 2201 1157 Hic

83 1215 164 1262 est
196 1205 458 1282 Sanqui's
491 1224 656 1261 meus
690 1222 792 1259 seu
823 1201 986 1260 calix
1021 1200 1355 1277 Sanyuz'ni's
1389 1200 1512 1254 mei
1547 1196 1763 1276 (1).1n
1805 1193 1914 1252 hoc
1953 1214 2202 1255 consen-

84 1299 240 1356 tiunt
277 1300 473 1357 Patres
507 1318 708 1356 omnes
743 1296 863 1355 sive
909 1294 1098 1353 Graeci
1138 1293 1260 1352 sive
1298 1292 1521 1365 Latini,
1570 1291 1670 1372 qui
1711 1301 1989 1371 praeterea
2026 1289 2088 1348 in
2132 1311 2201 1349 eo

87 1393 447 1452 conveniunt
465 1437 480 1467 a
513 1390 667 1472 quod
693 1390 952 1449 Christus
979 1389 1043 1446 in
1073 1386 1428 1446 conficienda
1454 1385 1808 1445 Eucharistia
1837 1384 2029 1447 verbis
2061 1405 2199 1444 usus

85 1488 191 1562 sit,
228 1509 357 1569 quae
389 1488 450 1545 in
476 1485 786 1566 Evangelio
818 1484 1173 1544 referuntur.

148 1705 215 1768 (l)
252 1705 473 1753 Nonnulli
501 1722 735 1770 perperam
751 1705 1092 1763 existimarunt,

83 1786 261 1834 Graecos
289 1798 331 1835 et
362 1786 613 1835 Orientales
632 1786 843 1848 credere,
877 1803 970 1833 non
992 1802 1094 1833 ver-

78 1866 151 1915 bis
183 1870 291 1933 ipsis
313 1867 478 1916 Christi
493 1868 683 1916 Domini
704 1906 718 1929 ‚
745 1869 825 1917 sed
851 1868 1063 1933 precibus
1080 1847 1125 1928 ,ἲ

79 1967 192 2016 quas
224 1953 273 1998 in
290 1950 426 1999 Missa
444 1952 597 1999 fundit
617 1950 838 1999 Sacerdos
861 1961 961 2015 post
975 1953 1093 1998 reci-

79 2040 174 2079 tata
183 2032 470 2096 verbaipsius
484 2033 683 2094 Christi,
704 2034 762 2081 ad
783 2032 1096 2081 invocandum

82 2111 300 2178 Spiritum
315 2114 536 2163 Sanctum
556 2151 570 2174 ‚
597 2125 649 2162 ut
670 2115 881 2162 illabatur
897 2118 945 2162 in
971 2132 1096 2166 sacra

81 2194 203 2243 dona
221 2232 233 2252 ‚
254 2213 396 2261 eaque
416 2181 667 2244 commutet
679 2232 694 2257 ‚
714 2204 987 2257 convertat,
1009 2208 1095 2244 etc.

81 2287 312 2340 acceptam
339 2279 623 2326 referendam
638 2295 732 2327 esse
762 2280 908 2343 ipsam
928 2282 1098 2326 immu-

81 2361 299 2405 tationem
320 2393 333 2419 ‚
369 2377 459 2424 qua
477 2363 608 2422 panis
631 2372 674 2408 et
689 2363 848 2409 vinum
866 2364 915 2409 in
930 2358 1097 2409 Christi

80 2438 255 2505 Corpus
282 2453 325 2489 et
355 2441 634 2507 Sanguinem
652 2456 996 2493 convertuntur.
1026 2444 1097 2492 Ita

78 2514 198 2569 inter
247 2533 419 2571 ceteros
449 2525 512 2572 Le
542 2524 667 2572 Brun
694 2536 739 2574 et
768 2526 1098 2581 Renaudotius.

81 2602 140 2650 At
161 2615 335 2653 certum
365 2616 449 2666 est,
472 2605 645 2654 Graecos
664 2608 886 2670 professos
901 2609 1036 2657 fuisse
1050 2612 1100 2656 in

83 2684 285 2735 Concilio
306 2687 597 2749 Florentino,
627 2707 735 2737 5655.
768 2691 853 2738 ult.
888 2691 1098 2738 eamdem

83 2785 177 2816 esse
201 2769 257 2818 de
279 2771 477 2819 efficacia
506 2772 752 2820 verborum
770 2772 938 2821 Christi
957 2774 1096 2822 {idem

84 2848 344 2899 Graecornm
370 2862 414 2901 et
446 2851 749 2919 Latinorum3
777 2873 974 2921 nempe,
1001 2875 1098 2905 non

84 2931 328 2980 hominum
348 2936 649 2995 orationibus,
666 2937 742 2984 sed
759 2936 927 2986 Christi
947 2940 1099 2987 verbis

82 3013 426 3063 Sacramentum
442 3019 615 3080 perfici.
632 3017 782 3083 Quare
795 3018 932 3070 Card.
950 3020 1101 3070 Bessa-

84 3098 187 3143 rion
204 3100 392 3145 nomine
410 3101 547 3146 totius
563 3099 778 3148 Ecclesiae
807 3099 971 3149 Graecae
987 3119 1099 3151 con·

83 3187 270 3226 testatus
285 3189 349 3226 est
364 3177 444 3226 :Se
453 3179 678 3227 didicisse
692 3198 722 3228 a
737 3178 965 3229 Patribus
979 3186 1099 3247 suis,

82 3275 139 3305 ac
161 3256 221 3307 S.
246 3263 494 3326 proecipue
514 3261 840 3326 Cltrysostomo
858 3301 871 3324 ,
887 3264 985 3331 sola
1000 3268 1101 3314 vir-

76 3334 177 3389 ‘tute
191 3342 437 3390 verborum
447 3343 634 3392 Christi
643 3361 822 3410 panem
836 3347 891 3393 in
904 3346 1089 3413 Corpus

82 3432 126 3471 et
140 3427 310 3472 vinum
328 3428 386 3473 in
395 3424 435 3473 S
438 3428 699 3490 (inquinem
715 3430 894 3475 mutari
913 3465 926 3486 ‚
946 3430 1102 3494 iisque

84 3505 197 3552 solis
217 3507 557 3555 admirandam
581 3509 720 3556 istam
731 3511 1041 3558 mutationem
1056 3521 1101 3561 et

79 3583 673 3638 'transsubstantiationem
737 3577 1102 3640 adscribendam

87 3681 197 3718 esse.
232 3671 386 3736 Atque
425 3672 510 3720 hoc
548 3689 731 3738 semper
753 3673 1009 3723 credi-disse
1023 3713 1036 3738 ‚
1059 3683 1104 3723 et

1177 1704 1236 1750 in
1257 1710 1487 1750 oeternum
1516 1701 1779 1750 credituros
1801 1701 2047 1752 esse.Hinc
2063 1700 2204 1755 Graeci

1179 1787 1469 1844 restiterunt,
1488 1802 1547 1832 ne
1560 1785 1657 1832 haec
1675 1787 1839 1833 veritas
1857 1787 2139 1833 insereretur
2154 1787 2204 1832 in

1178 1869 1358 1916 decreto
1386 1870 1573 1916 unionis
1592 1906 1605 1928 ‚
1626 1885 1679 1916 eo
1694 1869 1820 1933 quod
1834 1872 1883 1916 in
1900 1870 2202 1933 ignominiam

1172 1943 1444 1997 ‘Graecorum
1476 1951 1711 2016 ejusmodi
1740 1953 1928 1999 insertio
1947 1967 2133 1998 cessura
2157 1967 2204 1998 es

1179 2041 1261 2078 set.
1292 2031 1500 2080 Armenis
1529 2042 1686 2080 tamen
1705 2034 2057 2081 instructionem
2095 2032 2204 2080 fidei

1179 2114 1439 2178 petentibus
1469 2114 1701 2178 Eugenius
1731 2133 1777 2163 ιν
1813 2118 1968 2163 statuit
1989 2132 2002 2162 ε
2023 2115 2205 2162 Forma

1179 2194 1628 2260 hiy‘usSacramenti
1642 2186 1753 2252 sime
1767 2196 2174 2245 verbaSalvatoris
2188 2233 2202 2256 ‚

1180 2278 1292 2341 quib
1300 2295 1352 2325 us
1367 2278 1451 2326 hoc
1464 2279 1739 2342 confecit.1d
1756 2282 1905 2344 ipsum
1919 2281 2204 2329 declaratum

1181 2369 1246 2407 est
1263 2360 1440 2408 aConc.
1461 2356 1732 2409 Tridentino
1746 2398 1758 2422 ,
1779 2379 1887 2409 sess.
1907 2378 2010 2422 xm,
2029 2379 2132 2427 cap.
2151 2362 2202 2411 3.

1181 2440 1256 2488 Ex
1270 2443 1340 2489 his
1355 2445 1665 2509 consequitur,
1684 2462 1779 2491 non
1792 2444 1851 2492 ob
1868 2445 2002 2492 aliam
2018 2461 2206 2492 causam

1181 2540 1334 2587 preces
1364 2524 1464 2573 illas
1490 2562 1504 2586 ‚
1537 2527 1706 2591 quibus
1737 2530 1978 2574 invocatur
2009 2526 2205 2591 Spiritus

1182 2605 1376 2655 Sanctus
1395 2644 1408 2666 ,
1432 2609 1554 2672 apud
1569 2607 1823 2657 Orientales
1846 2612 2044 2670 recitari,
2063 2624 2205 2676 quam

1183 2689 1241 2737 ad
1257 2692 1477 2755 majorem
1489 2690 1841 2739 declarationem
1859 2692 1981 2739 illius
1996 2694 2204 2740 mutatio-

1182 2774 1254 2821 nis
1270 2788 1373 2838 quae
1391 2790 1470 2837 per
1485 2772 1650 2821 Christi
1666 2774 1802 2821 verba
1815 2776 1912 2839 jam
1929 2774 2093 2822 effecta
2109 2775 2205 2823 fue-

1181 2865 1269 2915 rat,
1291 2866 1342 2902 ut
1373 2855 1583 2919 pluribus
1601 2855 1822 2920 exemplis
1842 2856 2020 2903 ostendi
2036 2865 2205 2920 posset.

1184 2937 1276 2986 Cfr.
1294 2938 1351 2986 de
1366 2938 1453 2984 hoc
1469 2948 1734 3002 argumento
1752 2938 1927 3002 prolixa
1945 2939 2201 2986 dissertatio

1182 3019 1562 3068 Joan.Benedicti
1576 3020 1624 3068 S.
1643 3020 1690 3068 J.
1709 3038 1809 3085 quae
1827 3022 1891 3068 sic
1908 3021 2201 3068 inscribitur:

1181 3100 1252 3152 De
1279 3103 1618 3166 augustissimo
1650 3100 1982 3149 Eucharistiae
2022 3099 2201 3152 Sacra-

1182 3194 1338 3233 menta
1354 3186 1699 3232 antirrheticon
1713 3185 1936 3233 adversus
1955 3186 2090 3234 R.P.
2111 3186 2206 3233 Le-

1181 3267 1390 3315 brunum
1432 3276 1476 3314 et
1508 3267 1778 3315 Eusebium
1807 3267 2164 3315 Renaudotium
2180 3283 2202 3328 ‚⁰

1183 3360 1310 3398 extat
1340 3352 1389 3397 in
1432 3349 1678 3398 Thesauro
1733 3349 1782 3397 T
1780 3349 1899 3399 heol.
1939 3348 2168 3397 Zachariae
2189 3384 2203 3408 ‚

1184 3442 1295 3481 tom.
1331 3448 1363 3479 x
1382 3469 1395 3492 ‚
1441 3450 1524 3497 pag
1561 3430 1658 3481 525
1691 3438 1739 3480 et
1772 3449 1903 3497 seqq.
1948 3431 2014 3478 Ea
2051 3439 2207 3478 tamen

1181 3514 1296 3560 mihi
1330 3514 1509 3562 videtur
1545 3516 1685 3562 nimis
1721 3514 1967 3561 vehemens
2007 3524 2051 3560 et
2091 3513 2207 3559 acris

1182 3596 1395 3644 adversus
1429 3596 1641 3643 homines
1657 3596 1775 3643 bene
1803 3595 1915 3643 adeo
1937 3594 1995 3643 de
2018 3596 2208 3643 veritate

1185 3678 1407 3727 catholica
1441 3676 1640 3726 meritos.
