2502 4186
2108 180 2231 240 335

595 203 718 240 GAP.
768 201 851 239 111.
900 203 968 239 DE
1012 203 1288 256 MATERIA,
1335 201 1521 241 FORMA
1547 224 1564 254 ι,
1609 203 1733 265 ΕΤΟ.

107 343 335 419 ‘duobus
361 343 660 425 principiis
681 390 696 420 .,
745 345 808 403 1o
843 344 1004 427 quod
1026 345 1277 405 essentia
1315 343 1585 404 Sacrificii
1624 342 1990 404 eucharistici
2020 345 2085 404 in
2106 347 2229 407 sola

106 440 552 523 participatione
578 460 681 498 seu
703 441 1207 499 consummatione
1229 438 1540 512 consistam
1569 438 1638 496 20
1666 438 1824 519 quod
1857 441 2230 523 participatio

106 557 177 594 ex
210 546 377 617 parte
412 533 615 616 populi
643 534 719 594 ad
744 535 1019 595 Sacrificii
1051 533 1364 593 essentiam
1407 544 1662 615 spectet,
1701 534 1822 594 imo
1856 536 2034 595 etiam
2062 557 2229 597 eam-

106 629 242 689 dem
269 631 582 690 essentiam
612 631 929 690 constituat
950 631 1063 710 (l).
1089 632 1267 688 Porro
1289 629 1552 710 primum
1580 629 1822 689 omnino
1845 641 2017 690 nutat
2038 677 2056 709 ,
2091 653 2228 693 cum

104 747 171 784 ea
205 726 496 786 sententia
532 724 836 806 peculiaris
867 726 942 784 sit
968 745 1286 807 paucorum
1319 722 1745 802 Theologorum
1775 737 1834 784 et
1864 747 1897 784 a
1927 728 2229 787 communi

104 820 367 880 doctrina
396 841 634 901 prorsus
673 819 895 898 aliena3
937 821 1034 879 vix
1063 819 1222 879 enim
1246 841 1400 878 unus
1430 817 1527 879 vel
1561 819 1710 879 alter
1747 820 2069 902 Theologus
2097 845 2230 886 eam

104 915 459 996 singularem
504 917 861 975 sententiam
900 914 1132 988 docuit,
1177 935 1304 996 quae
1350 936 1384 974 a
1418 916 1626 975 ceteris
1665 914 1901 997 explosa
1953 928 2079 992 est,
2128 920 2256 1000 qui·

102 1012 179 1071 ad
217 1032 518 1070 summum
552 1010 953 1090 contendunt,
988 1010 1303 1069 essentiam
1340 1011 1613 1070 Sacrificii
1661 1022 1790 1070 tum
1823 1011 1886 1069 in
1924 1032 2228 1072 consecra-

104 1108 263 1167 tione
301 1118 428 1165 tum
468 1107 529 1167 in
566 1105 1070 1166 consummatione
1101 1105 1426 1164 Sacerdotis
1463 1107 1781 1166 consistere
1812 1106 1926 1188 (2).
1960 1107 2228 1168 Alterum

104 1223 245 1263 vero
271 1203 624 1284 principium
649 1213 736 1262 est
760 1200 970 1277 falsum
997 1246 1013 1275 ‚
1045 1211 1110 1259 ut
1144 1212 1375 1260 constat
1402 1222 1472 1261 ex
1508 1202 1578 1261 iis
1599 1219 1623 1278 7'
1658 1222 1784 1284 quae
1815 1203 2080 1285 superius
2105 1205 2230 1264 dis-'-

99 1299 437 1380 putavimus
467 1297 578 1377 (3).
616 1296 887 1377 Alioquin
917 1295 1080 1357 valor
1107 1296 1376 1355 Sacrificii
1403 1297 1592 1357 Missae
1622 1319 1655 1356 a
1688 1297 1952 1378 liturgica
1986 1299 2230 1359 adstan-

100 1394 248 1455 tium
268 1393 680 1453 communione
707 1392 998 1475 penderet
1019 1416 1035 1466 ς
1063 1390 1222 1473 quod
1244 1390 1523 1452 abhorret
1549 1414 1582 1451 a
1605 1391 1870 1452 doctrina
1901 1394 2186 1455 catholica
2208 1441 2225 1472 ‚

101 1501 161 1548 et
185 1490 533 1550 damnatum
555 1499 645 1549 est
665 1500 795 1547 tum
811 1510 843 1547 a
858 1486 1115 1547 Concilio
1132 1486 1476 1545 Tridentino
1493 1508 1625 1546 can.
1653 1489 1919 1569 superius
1947 1482 2226 1568 recitato,

99 1585 256 1646 edito
291 1585 568 1646 adversus
601 1583 964 1644 Lutheranos
992 1627 1008 1657 ‚
1038 1581 1139 1663 qui
1181 1582 1432 1659 rejicunt
1468 1582 1668 1642 Missas
1697 1573 1953 1664 privatas
1977 1630 1992 1659 ,
2025 1596 2156 1645 tum
2195 1610 2230 1648 a

100 1680 202 1740 Pio
247 1682 321 1740 VI
362 1681 425 1738 in
466 1679 778 1739 Constitut.
826 1678 1152 1737 Auctorem
1184 1677 1347 1755 fidei.
1399 1677 1552 1735 Hinc
1586 1698 1662 1736 ne
1705 1700 1859 1736 unus
1888 1680 2127 1761 quidem
2156 1703 2230 1742 ex

98 1763 396 1854 Theologis
428 1774 574 1850 illis,
615 1773 716 1855 qui
741 1782 1062 1833 tenuerunt
1090 1772 1659 1832 consummationem
1692 1774 1990 1855 pertinere
2026 1775 2101 1836 ad
2136 1799 2229 1837 es-

165 1968 241 2034 (1)
276 1969 410 2018 Hunc
438 1986 537 2027 esse
560 1986 746 2019 sensum
782 1968 946 2034 synodi
970 1968 1118 2017 Pisto·
1194 1966 1374 2034 populo
1395 1968 1460 2032 fit
1479 2005 1492 2027 ‚
1526 1976 1708 2017 nonest
1725 1985 1845 2034 pars
1870 1967 2127 2037 Sacrificii
2138 1993 2158 2031 ;
2176 1982 2233 2022 ut

92 2054 257 2101 riensis
274 2062 450 2102 constat
461 2070 522 2101 ex
540 2051 901 2100 resolutionibus
921 2067 1116 2099 casuum

103 2136 422 2191 conscientiae,
457 2151 560 2201 quae
595 2136 654 2183 ad
696 2124 834 2182 usum
864 2130 975 2182 cleri
1002 2132 1118 2186 diue.-

105 2231 256 2265 ceseos
307 2215 594 2266 Pistoriensis
647 2219 770 2286 typis
829 2218 960 2265 editae
1012 2226 1120 2264 sunt

105 2315 230 2346 anno
254 2316 269 2346 1
281 2297 471 2366 785.1n
484 2300 556 2347 his
572 2300 823 2366 siquidem,
840 2300 1038 2364 pag-75,
1055 2297 1121 2347 le-

105 2383 226 2446 gitur
260 2399 275 2431 :
313 2382 410 2431 Sed
443 2399 530 2431 nec
567 2382 717 2431 solius
738 2381 1015 2431 Sacerdotis·
1052 2389 1124 2430 est

104 2464 392 2527 sacrificare.
416 2501 426 2513 .
451 2500 462 2513 .
487 2501 499 2514 .
526 2468 675 2513 etiam
693 2464 856 2528 fideles
879 2465 1122 2513 adstantes

103 2561 203 2593 non
225 2544 391 2594 latiori
417 2546 621 2611 quodam
652 2564 827 2607 sensu,
858 2546 940 2595 sed
958 2564 1064 2595 vere
1079 2555 1124 2595 et

103 2627 302 2694 proprie
363 2629 658 2693 sacrificant.
731 2628 913 2677 Deinde
969 2629 1122 2678 Theo-

109 2711 239 2775 logus
260 2747 273 2770 ‚
303 2711 360 2759 ad
402 2712 624 2777 parochos
658 2709 794 2760 verba
819 2711 992 2760 faciens
1010 2750 1022 2770 ‚
1057 2714 1124 2760 ita

107 2796 399 2859 prosequitur
429 2810 443 2843 τ
477 2793 663 2842 Ovibus
676 2795 779 2841 suis
803 2792 1125 2842 demonstrent

108 2877 432 2923 necessitatem
461 2876 854 2925 communicandi
885 2893 945 2924 ea·
958 2879 1123 2942 parti-

107 2957 230 3005 culis
246 2960 530 3011 consecratis
543 2960 597 3008 in
611 2956 768 3010 Missa
784 2995 799 3015 ,
817 2961 902 3010 cui
926 2959 1121 3022 adsunt,

106 3041 170 3088 ad
185 3040 277 3088 hoc
291 3050 343 3089 ut
356 3040 458 3089 dici
459 3043 615 3107 possit
639 3058 717 3090 eos
745 3058 851 3090 vere
861 3052 908 3090 et
912 3043 1121 3107 perfecte

105 3123 396 3184 sacrificare.

176 3207 241 3270 (2)
280 3207 351 3256 Ita
381 3210 499 3256 inter
522 3215 692 3256 ceteros
725 3217 852 3256 tenet
877 3182 1138 3275 Bellarmi-'

104 3308 194 3339 nus
212 3328 225 3351 ,
259 3301 312 3339 ut
340 3290 570 3351 vidimus,
598 3288 670 3339 De
699 3289 878 3354 Sacris}
908 3290 1114 3352 Missas,

102 3371 189 3421 lib.
226 3389 242 3419 1
261 3410 274 3432 ‚
306 3389 411 3438 cap.
439 3388 495 3439 ¹7
520 3409 534 3432 ‚
562 3390 610 3420 11.
642 3369 732 3432 16,
763 3374 844 3438 qui
868 3382 1022 3421 tamen
1042 3391 1119 3422 ex-

102 3472 255 3519 presse
302 3466 437 3520 negat
459 3491 476 3516 ,
528 3457 912 3504 communionem
958 3456 1118 3521 populi

105 3540 329 3601 pertinere
372 3538 427 3585 ad
466 3535 690 3585 Sacrificii
731 3528 1013 3599 essentiam3
1046 3539 1118 3586 his

102 3621 227 3667 enim
241 3619 397 3668 verbis
414 3622 628 3685 proponit
645 3621 1002 3685 propositionem
1021 3637 1117 3685 sep·

77 3745 79 3747 ,
103 3701 297 3750 timam:
326 3699 638 3751 Sacramenti
651 3703 947 3767 consumptio
967 3737 982 3765 ,
1015 3710 1116 3750 uta

1201 2058 1361 2098 autem
1374 2050 1436 2113 fit
1448 2067 1479 2098 a
1495 2047 1750 2101 Sacerdote
1765 2054 2088 2117 sacrificante,
2105 2073 2230 2121 pars

1202 2141 1272 2180 est
1293 2132 1561 2181 essentialis
1578 2170 1595 2195 ‚
1628 2133 1713 2182 sed
1739 2151 1838 2183 non
1873 2145 1969 2184 tota
1994 2140 2222 2189 essentia.

1202 2215 1381 2265 Deinde
1408 2219 1553 2282 pergit
1578 2218 1831 2284 explanans
1851 2238 1982 2268 suam
2016 2224 2227 2287 proposi-

1203 2301 1380 2348 tionem
1405 2316 1419 2347 :
1448 2299 1592 2364 Quod
1614 2301 1786 2348 attinet
1798 2300 1865 2349 ad
1866 2302 2046 2369 populi
2060 2321 2228 2371 sump-

1202 2383 1382 2430 tionem
1404 2418 1420 2438 ,
1451 2398 1526 2429 res
1553 2384 1824 2431 certissima
1852 2393 1920 2432 est
1933 2406 1953 2443 ,·
1980 2387 2069 2449 qui
2094 2388 2227 2434 enim

1203 2464 1351 2512 edunt
1366 2453 1602 2521 victimas,
1611 2467 1881 2531 participes
1906 2476 2021 2514 sunt
2036 2467 2225 2529 altaris,

1205 2555 1261 2595 ut
1278 2545 1538 2611 Apostolus
1550 2547 1637 2595 ait.
1648 2582 1659 2596 .
1671 2582 1682 2595 .
1700 2547 1816 2595 Non
1826 2557 1896 2596 est
1907 2558 2069 2597 autem
2097 2551 2227 2600 idem

1205 2626 1520 2693 Sacrificium
1561 2630 1727 2695 offerre
1762 2638 1809 2677 et
1841 2631 1898 2678 de
1925 2630 2076 2680 altare
2100 2649 2228 2700 par-

1206 2713 1428 2778 ticipare.
1441 2711 1660 2760 Attamen
1674 2715 1773 2779 ejus
1788 2713 1920 2762 doctr
1930 2716 2006 2763 ina
2025 2702 2228 2765 3111111111-

1206 2804 1283 2842 1111·
1325 2794 1588 2843 adversarii.
1623 2794 1734 2843 Ideo
1765 2813 1876 2844 vero
1916 2785 2226 2847 Bellartxiinus

1206 2878 1378 2937 statuit,
1398 2876 1801 2937 communionem,
1823 2895 1927 2944 quae
1944 2879 1996 2927 fit
2025 2898 2050 2928 a
2066 2878 2228 2930 Sacer-

1205 2959 1314 3008 dote
1328 2959 1616 3012 sacrificante
1630 2969 1806 3024 partem
1821 2978 1917 3010 esse
1937 2963 2227 3012 essentialem

1202 3041 1426 3096 Sacrificii
1447 3080 1460 3100 ‚
1494 3045 1604 3108 quia
1631 3043 1870 3108 adoptavit
1898 3043 2122 3093 Sacrificii
2142 3044 2226 3095 de-

1201 3126 1485 3181 finitionem,
1503 3140 1648 3190 quam
1663 3127 1872 3189 superius
1889 3143 2225 3176 commemora-

1200 3210 1370 3256 vimus.
1404 3207 1472 3256 lta
1504 3210 1631 3256 enim
1664 3207 1823 3256 scribit
1851 3225 1865 3256 :
1895 3207 1966 3255 In
2008 3214 2103 3257 tota
2146 3226 2226 3258 ac-

1199 3293 1329 3340 tione
1347 3291 1410 3338 M
1410 3292 1535 3349 issae,
1554 3298 1610 3337 ut
1624 3306 1734 3338 mox
1750 3291 2068 3351 ostendemus,
2088 3291 2225 3341 mdla

1199 3381 1267 3421 est
1278 3373 1378 3422 alia
1397 3373 1540 3422 realis
1554 3373 1809 3421 destructio
1826 3375 2033 3422 victimoe
2046 3382 2226 3440 praeter

1198 3458 1343 3506 istam
1371 3473 1384 3519 3
1427 3457 1615 3520 requiri
1644 3464 1804 3503 autem
1836 3457 2011 3503 realem
2035 3455 2222 3503 destru-

1197 3540 1399 3586 ctionem
1414 3574 1428 3597 ‚
1450 3556 1598 3604 supra
1609 3539 1870 3606 probatum
1888 3546 1958 3585 est
1978 3576 1991 3599 ‚
2012 3555 2121 3586 cum
2139 3537 2220 3585 de-

1177 3619 1476 3688 finitionem
1496 3623 1916 3679 constitueremus,

1266 3702 1330 3766 (3)
1367 3702 1482 3768 Cap.
1521 3702 1579 3763 3,
1601 3719 1736 3767 prop.
1770 3715 1845 3749 111.
