<?xml version="1.0" encoding="UTF-8"?>
<!DOCTYPE html PUBLIC "-//W3C//DTD XHTML 1.0 Transitional//EN"
    "http://www.w3.org/TR/xhtml1/DTD/xhtml1-transitional.dtd">
<html xmlns="http://www.w3.org/1999/xhtml" xml:lang="en" lang="en">
 <head>
  <title>
</title>
<meta http-equiv="Content-Type" content="text/html;charset=utf-8" />
  <meta name='ocr-system' content='tesseract 3.04.00' />
  <meta name='ocr-capabilities' content='ocr_page ocr_carea ocr_par ocr_line ocrx_word'/>
</head>
<body>
  <div class='ocr_page' id='page_1' title='image "a603693806perruoft_0475.png"; bbox 0 0 2502 4186; ppageno 0'>
   <div class='ocr_carea' id='block_1_1' title="bbox 636 227 2242 303">
    <p class='ocr_par' dir='ltr' id='par_1_1' title="bbox 636 227 2242 303">
     <span class='ocr_line' id='line_1_1' title="bbox 636 227 2242 303; baseline -0.002 -12"><span class='ocrx_word' id='word_1_1' title='bbox 636 254 757 292; x_wconf 74' lang='lat' dir='ltr'><em>cAP.</em></span> <span class='ocrx_word' id='word_1_2' title='bbox 802 252 858 291; x_wconf 82' lang='lat' dir='ltr'><em>v.</em></span> <span class='ocrx_word' id='word_1_3' title='bbox 905 252 972 289; x_wconf 72' lang='lat' dir='ltr'><em>nn</em></span> <span class='ocrx_word' id='word_1_4' title='bbox 1016 248 1298 303; x_wconf 71' lang='grc' dir='ltr'><strong>ΜΑΤΕΜΑ,</strong></span> <span class='ocrx_word' id='word_1_5' title='bbox 1347 250 1568 302; x_wconf 63' lang='lat' dir='ltr'><em>romu,</em></span> <span class='ocrx_word' id='word_1_6' title='bbox 1615 249 1738 288; x_wconf 70' lang='lat' dir='ltr'><em>mc.</em></span> <span class='ocrx_word' id='word_1_7' title='bbox 2123 227 2242 288; x_wconf 79' lang='lat'><em>467</em></span> 
     </span>
    </p>
   </div>
   <div class='ocr_carea' id='block_1_2' title="bbox 913 392 1457 447">
    <p class='ocr_par' dir='ltr' id='par_1_2' title="bbox 913 392 1457 447">
     <span class='ocr_line' id='line_1_2' title="bbox 913 392 1457 447; baseline -0.004 -1"><span class='ocrx_word' id='word_1_8' title='bbox 913 392 1325 447; x_wconf 89' lang='lat' dir='ltr'>PROPOSITIO</span> <span class='ocrx_word' id='word_1_9' title='bbox 1365 393 1457 445; x_wconf 90' lang='lat'><em>111.</em></span> 
     </span>
    </p>
   </div>
   <div class='ocr_carea' id='block_1_3' title="bbox 121 535 2253 710">
    <p class='ocr_par' dir='ltr' id='par_1_3' title="bbox 121 535 2253 710">
     <span class='ocr_line' id='line_1_3' title="bbox 121 535 2253 618; baseline -0.001 -20"><span class='ocrx_word' id='word_1_10' title='bbox 121 538 225 599; x_wconf 86' lang='lat' dir='ltr'><em>Ad</em></span> <span class='ocrx_word' id='word_1_11' title='bbox 247 538 438 597; x_wconf 82' lang='lat' dir='ltr'><em>valide</em></span> <span class='ocrx_word' id='word_1_12' title='bbox 456 537 882 597; x_wconf 81' lang='lat' dir='ltr'><em>absolvendum</em></span> <span class='ocrx_word' id='word_1_13' title='bbox 912 540 983 594; x_wconf 89' lang='lat' dir='ltr'><em>in</em></span> <span class='ocrx_word' id='word_1_14' title='bbox 1006 536 1394 594; x_wconf 90' lang='lat' dir='ltr'><em>Sacramento</em></span> <span class='ocrx_word' id='word_1_15' title='bbox 1420 535 1801 594; x_wconf 82' lang='lat' dir='ltr'><em>Poenitentioe</em></span> <span class='ocrx_word' id='word_1_16' title='bbox 1816 546 2049 616; x_wconf 84' lang='lat' dir='ltr'><em>praeter</em></span> <span class='ocrx_word' id='word_1_17' title='bbox 2067 546 2253 618; x_wconf 86' lang='lat' dir='ltr'><em>potes-</em></span> 
     </span>
     <span class='ocr_line' id='line_1_4' title="bbox 380 631 1999 710; baseline 0.001 -19"><span class='ocrx_word' id='word_1_18' title='bbox 380 643 559 692; x_wconf 88' lang='lat' dir='ltr'><em>tatem</em></span> <span class='ocrx_word' id='word_1_19' title='bbox 605 631 841 692; x_wconf 76' lang='lat' dir='ltr'><em>ordinis</em></span> <span class='ocrx_word' id='word_1_20' title='bbox 874 635 1221 710; x_wconf 75' lang='lat' dir='ltr'><strong><em>requiritur</em></strong></span> <span class='ocrx_word' id='word_1_21' title='bbox 1240 640 1495 710; x_wconf 81' lang='lat' dir='ltr'><em>potestas</em></span> <span class='ocrx_word' id='word_1_22' title='bbox 1512 631 1999 709; x_wconf 69' lang='lat' dir='ltr'><em>jurisdictionis,</em></span> 
     </span>
    </p>
   </div>
   <div class='ocr_carea' id='block_1_4' title="bbox 123 797 2258 1270">
    <p class='ocr_par' dir='ltr' id='par_1_4' title="bbox 123 797 2258 1270">
     <span class='ocr_line' id='line_1_5' title="bbox 205 797 2248 888; baseline -0.002 -19"><span class='ocrx_word' id='word_1_23' title='bbox 205 809 352 870; x_wconf 80' lang='lat'>248.</span> <span class='ocrx_word' id='word_1_24' title='bbox 403 807 578 867; x_wconf 88' lang='lat' dir='ltr'><em>Certa</em></span> <span class='ocrx_word' id='word_1_25' title='bbox 622 817 710 866; x_wconf 91' lang='lat' dir='ltr'><em>est</em></span> <span class='ocrx_word' id='word_1_26' title='bbox 751 797 877 866; x_wconf 80' lang='lat' dir='ltr'><em>haec</em></span> <span class='ocrx_word' id='word_1_27' title='bbox 925 805 1250 888; x_wconf 82' lang='lat' dir='ltr'>propositio</span> <span class='ocrx_word' id='word_1_28' title='bbox 1281 817 1340 865; x_wconf 87' lang='lat' dir='ltr'><em>et</em></span> <span class='ocrx_word' id='word_1_29' title='bbox 1367 807 1517 885; x_wconf 77' lang='lat' dir='ltr'><em>fidei</em></span> <span class='ocrx_word' id='word_1_30' title='bbox 1540 810 1870 888; x_wconf 65' lang='lat' dir='ltr'><em>pravium,</em></span> <span class='ocrx_word' id='word_1_31' title='bbox 1916 805 2061 868; x_wconf 86' lang='lat' dir='ltr'><em>adeo</em></span> <span class='ocrx_word' id='word_1_32' title='bbox 2098 817 2165 866; x_wconf 90' lang='lat' dir='ltr'><em>ut</em></span> <span class='ocrx_word' id='word_1_33' title='bbox 2195 805 2248 867; x_wconf 89' lang='lat' dir='ltr'><em>ei</em></span> 
     </span>
     <span class='ocr_line' id='line_1_6' title="bbox 123 901 2252 988; baseline -0.002 -24"><span class='ocrx_word' id='word_1_34' title='bbox 123 904 390 988; x_wconf 82' lang='lat' dir='ltr'><em>opposita</em></span> <span class='ocrx_word' id='word_1_35' title='bbox 429 901 750 985; x_wconf 84' lang='lat' dir='ltr'>propositio</span> <span class='ocrx_word' id='word_1_36' title='bbox 788 902 863 960; x_wconf 88' lang='lat' dir='ltr'><em>sit</em></span> <span class='ocrx_word' id='word_1_37' title='bbox 892 904 1091 980; x_wconf 73' lang='lat' dir='ltr'><em>falsa,</em></span> <span class='ocrx_word' id='word_1_38' title='bbox 1141 905 1466 960; x_wconf 85' lang='lat' dir='ltr'><em>temeraria</em></span> <span class='ocrx_word' id='word_1_39' title='bbox 1493 948 1510 977; x_wconf 82' lang='lat'><em>.‚</em></span> <span class='ocrx_word' id='word_1_40' title='bbox 1559 923 1847 974; x_wconf 81' lang='lat' dir='ltr'><em>erronea,</em></span> <span class='ocrx_word' id='word_1_41' title='bbox 1894 913 1951 960; x_wconf 90' lang='lat' dir='ltr'><em>et</em></span> <span class='ocrx_word' id='word_1_42' title='bbox 1988 903 2252 963; x_wconf 79' lang='lat' dir='ltr'><em>Concilio</em></span> 
     </span>
     <span class='ocr_line' id='line_1_7' title="bbox 136 995 2248 1078; baseline -0.002 -17"><span class='ocrx_word' id='word_1_43' title='bbox 136 999 490 1062; x_wconf 76' lang='lat' dir='ltr'><em>Tridentino</em></span> <span class='ocrx_word' id='word_1_44' title='bbox 514 1002 844 1056; x_wconf 86' lang='lat' dir='ltr'><em>contraria.</em></span> <span class='ocrx_word' id='word_1_45' title='bbox 868 995 1020 1056; x_wconf 84' lang='lat' dir='ltr'><em>Talis</em></span> <span class='ocrx_word' id='word_1_46' title='bbox 1040 1007 1129 1056; x_wconf 89' lang='lat' dir='ltr'><em>est</em></span> <span class='ocrx_word' id='word_1_47' title='bbox 1150 996 1307 1056; x_wconf 88' lang='lat' dir='ltr'><em>enim</em></span> <span class='ocrx_word' id='word_1_48' title='bbox 1332 1007 1495 1071; x_wconf 68' lang='lat' dir='ltr'><em>nota,</em></span> <span class='ocrx_word' id='word_1_49' title='bbox 1523 997 1855 1078; x_wconf 24' lang='lat' dir='ltr'><em>quamQPius</em></span> <span class='ocrx_word' id='word_1_50' title='bbox 1873 997 2024 1056; x_wconf 91' lang='lat' dir='ltr'><em>VIin</em></span> <span class='ocrx_word' id='word_1_51' title='bbox 2047 999 2248 1058; x_wconf 87' lang='lat' dir='ltr'><em>Const.</em></span> 
     </span>
     <span class='ocr_line' id='line_1_8' title="bbox 124 1090 2258 1174; baseline -0.001 -20"><span class='ocrx_word' id='word_1_52' title='bbox 124 1097 447 1156; x_wconf 80' lang='lat' dir='ltr'><em>Auctorem</em></span> <span class='ocrx_word' id='word_1_53' title='bbox 496 1094 639 1173; x_wconf 85' lang='lat' dir='ltr'><em>fidei</em></span> <span class='ocrx_word' id='word_1_54' title='bbox 673 1093 885 1151; x_wconf 86' lang='lat' dir='ltr'><em>inussit</em></span> <span class='ocrx_word' id='word_1_55' title='bbox 919 1091 1305 1174; x_wconf 82' lang='lat' dir='ltr'><em>propositioni</em></span> <span class='ocrx_word' id='word_1_56' title='bbox 1346 1093 1604 1150; x_wconf 84' lang='lat' dir='ltr'>XXXVII</span> <span class='ocrx_word' id='word_1_57' title='bbox 1642 1090 1850 1171; x_wconf 74' lang='lat' dir='ltr'><em>synodi</em></span> <span class='ocrx_word' id='word_1_58' title='bbox 1894 1093 2258 1171; x_wconf 81' lang='lat' dir='ltr'>pistoriensis</span> 
     </span>
     <span class='ocr_line' id='line_1_9' title="bbox 123 1186 2257 1270; baseline -0.001 -20"><span class='ocrx_word' id='word_1_59' title='bbox 123 1189 214 1250; x_wconf 86' lang='lat' dir='ltr'>his</span> <span class='ocrx_word' id='word_1_60' title='bbox 254 1188 449 1250; x_wconf 86' lang='lat' dir='ltr'><em>verbis</em></span> <span class='ocrx_word' id='word_1_61' title='bbox 483 1209 770 1270; x_wconf 73' lang='lat' dir='ltr'><em>expressae</em></span> <span class='ocrx_word' id='word_1_62' title='bbox 814 1186 838 1244; x_wconf 73' lang='grc' dir='ltr'><em>ε’</em></span> <span class='ocrx_word' id='word_1_63' title='bbox 871 1188 1170 1246; x_wconf 75' lang='lat' dir='ltr'><em>Doctrina</em></span> <span class='ocrx_word' id='word_1_64' title='bbox 1197 1188 1449 1268; x_wconf 77' lang='lat' dir='ltr'><em>synodi,</em></span> <span class='ocrx_word' id='word_1_65' title='bbox 1489 1209 1623 1268; x_wconf 81' lang='lat' dir='ltr'><em>quae</em></span> <span class='ocrx_word' id='word_1_66' title='bbox 1656 1189 1727 1246; x_wconf 90' lang='lat' dir='ltr'><em>de</em></span> <span class='ocrx_word' id='word_1_67' title='bbox 1761 1193 2118 1246; x_wconf 90' lang='lat' dir='ltr'><em>auctoritate</em></span> <span class='ocrx_word' id='word_1_68' title='bbox 2141 1189 2257 1247; x_wconf 83' lang='lat' dir='ltr'><em>ah-</em></span> 
     </span>
    </p>
   </div>
   <div class='ocr_carea' id='block_1_5' title="bbox 20 1284 2256 1365">
    <p class='ocr_par' dir='ltr' id='par_1_5' title="bbox 20 1284 2256 1365">
     <span class='ocr_line' id='line_1_10' title="bbox 20 1284 2256 1365; baseline -0.001 -20"><span class='ocrx_word' id='word_1_69' title='bbox 20 1345 28 1355; x_wconf 75' lang='lat'><em>,</em></span> <span class='ocrx_word' id='word_1_70' title='bbox 121 1286 391 1345; x_wconf 84' lang='lat' dir='ltr'><em>solvendi</em></span> <span class='ocrx_word' id='word_1_71' title='bbox 421 1295 660 1365; x_wconf 88' lang='lat' dir='ltr'><em>accepta</em></span> <span class='ocrx_word' id='word_1_72' title='bbox 679 1305 796 1363; x_wconf 88' lang='lat' dir='ltr'><em>per</em></span> <span class='ocrx_word' id='word_1_73' title='bbox 830 1284 1272 1342; x_wconf 77' lang='lat' dir='ltr'><em>ordinationem</em></span> <span class='ocrx_word' id='word_1_74' title='bbox 1301 1286 1618 1356; x_wconf 75' lang='lat' dir='ltr'><em>enuntiat,</em></span> <span class='ocrx_word' id='word_1_75' title='bbox 1640 1294 1781 1363; x_wconf 87' lang='lat' dir='ltr'><em>post</em></span> <span class='ocrx_word' id='word_1_76' title='bbox 1809 1287 2256 1355; x_wconf 76' lang='lat' dir='ltr'><em>institutionem</em></span> 
     </span>
    </p>
   </div>
   <div class='ocr_carea' id='block_1_6' title="bbox 116 1379 2325 3562">
    <p class='ocr_par' dir='ltr' id='par_1_6' title="bbox 116 1379 2325 2318">
     <span class='ocr_line' id='line_1_11' title="bbox 124 1379 2261 1460; baseline -0 -21"><span class='ocrx_word' id='word_1_77' title='bbox 124 1382 472 1440; x_wconf 87' lang='lat' dir='ltr'><em>dioecesium</em></span> <span class='ocrx_word' id='word_1_78' title='bbox 496 1391 550 1438; x_wconf 91' lang='lat' dir='ltr'><em>et</em></span> <span class='ocrx_word' id='word_1_79' title='bbox 559 1379 1007 1460; x_wconf 73' lang='lat' dir='ltr'><em>parochiarum</em></span> <span class='ocrx_word' id='word_1_80' title='bbox 1029 1383 1386 1437; x_wconf 81' lang='lat' dir='ltr'><em>conveniens</em></span> <span class='ocrx_word' id='word_1_81' title='bbox 1407 1400 1550 1456; x_wconf 85' lang='lat' dir='ltr'><em>esse,</em></span> <span class='ocrx_word' id='word_1_82' title='bbox 1575 1389 1648 1437; x_wconf 89' lang='lat' dir='ltr'><em>ut</em></span> <span class='ocrx_word' id='word_1_83' title='bbox 1677 1382 1933 1459; x_wconf 82' lang='lat' dir='ltr'><em>quisque</em></span> <span class='ocrx_word' id='word_1_84' title='bbox 1935 1380 2261 1459; x_wconf 80' lang='lat' dir='ltr'><em>judicium</em></span> 
     </span>
     <span class='ocr_line' id='line_1_12' title="bbox 126 1474 2266 1556; baseline -0 -22"><span class='ocrx_word' id='word_1_85' title='bbox 126 1478 231 1536; x_wconf 78' lang='lat' dir='ltr'><em>hoc</em></span> <span class='ocrx_word' id='word_1_86' title='bbox 257 1486 530 1535; x_wconf 67' lang='lat' dir='ltr'><em>emerceat</em></span> <span class='ocrx_word' id='word_1_87' title='bbox 553 1497 738 1556; x_wconf 80' lang='lat' dir='ltr'><em>super</em></span> <span class='ocrx_word' id='word_1_88' title='bbox 761 1495 1056 1555; x_wconf 79' lang='lat' dir='ltr'><em>personas</em></span> <span class='ocrx_word' id='word_1_89' title='bbox 1078 1475 1201 1534; x_wconf 83' lang='lat' dir='ltr'><em>sihi</em></span> <span class='ocrx_word' id='word_1_90' title='bbox 1232 1474 1508 1533; x_wconf 82' lang='lat' dir='ltr'><em>subditas</em></span> <span class='ocrx_word' id='word_1_91' title='bbox 1547 1479 1667 1534; x_wconf 83' lang='lat' dir='ltr'><em>sive</em></span> <span class='ocrx_word' id='word_1_92' title='bbox 1700 1479 1935 1533; x_wconf 87' lang='lat' dir='ltr'><em>ratione</em></span> <span class='ocrx_word' id='word_1_93' title='bbox 1969 1477 2266 1535; x_wconf 85' lang='lat' dir='ltr'><em>territorii</em></span> 
     </span>
     <span class='ocr_line' id='line_1_13' title="bbox 124 1571 2262 1651; baseline -0 -21"><span class='ocrx_word' id='word_1_94' title='bbox 124 1575 247 1630; x_wconf 82' lang='lat' dir='ltr'><em>sive</em></span> <span class='ocrx_word' id='word_1_95' title='bbox 258 1575 414 1651; x_wconf 77' lang='lat' dir='ltr'><em>jure</em></span> <span class='ocrx_word' id='word_1_96' title='bbox 436 1571 716 1651; x_wconf 53' lang='lat' dir='ltr'><em>⁴quodam</em></span> <span class='ocrx_word' id='word_1_97' title='bbox 729 1572 1049 1648; x_wconf 86' lang='lat' dir='ltr'><em>personali</em></span> <span class='ocrx_word' id='word_1_98' title='bbox 1060 1613 1084 1642; x_wconf 90' lang='lat'><em>,</em></span> <span class='ocrx_word' id='word_1_99' title='bbox 1118 1580 1436 1649; x_wconf 87' lang='lat' dir='ltr'><em>propterea</em></span> <span class='ocrx_word' id='word_1_100' title='bbox 1470 1571 1634 1649; x_wconf 82' lang='lat' dir='ltr'><em>quod</em></span> <span class='ocrx_word' id='word_1_101' title='bbox 1660 1571 1842 1628; x_wconf 88' lang='lat' dir='ltr'><em>aliter</em></span> <span class='ocrx_word' id='word_1_102' title='bbox 1864 1573 2136 1648; x_wconf 80' lang='lat' dir='ltr'><em>confusio</em></span> <span class='ocrx_word' id='word_1_103' title='bbox 2166 1574 2262 1629; x_wconf 88' lang='lat' dir='ltr'><em>in·</em></span> 
     </span>
     <span class='ocr_line' id='line_1_14' title="bbox 127 1666 2263 1745; baseline -0.001 -20"><span class='ocrx_word' id='word_1_104' title='bbox 127 1669 451 1726; x_wconf 88' lang='lat' dir='ltr'><em>duceretur</em></span> <span class='ocrx_word' id='word_1_105' title='bbox 482 1676 540 1724; x_wconf 90' lang='lat' dir='ltr'><em>et</em></span> <span class='ocrx_word' id='word_1_106' title='bbox 560 1666 948 1745; x_wconf 82' lang='lat' dir='ltr'><em>perturbatio</em></span> <span class='ocrx_word' id='word_1_107' title='bbox 963 1689 986 1731; x_wconf 92' lang='lat'><em>,·</em></span> <span class='ocrx_word' id='word_1_108' title='bbox 1024 1675 1326 1743; x_wconf 84' lang='lat' dir='ltr'><em>quatenus</em></span> <span class='ocrx_word' id='word_1_109' title='bbox 1357 1675 1499 1744; x_wconf 89' lang='lat' dir='ltr'><em>post</em></span> <span class='ocrx_word' id='word_1_110' title='bbox 1538 1669 1851 1723; x_wconf 86' lang='lat' dir='ltr'><em>institutas</em></span> <span class='ocrx_word' id='word_1_111' title='bbox 1896 1666 2165 1724; x_wconf 80' lang='lat' dir='ltr'><em>dioeceses</em></span> <span class='ocrx_word' id='word_1_112' title='bbox 2207 1675 2263 1723; x_wconf 88' lang='lat' dir='ltr'><em>et</em></span> 
     </span>
     <span class='ocr_line' id='line_1_15' title="bbox 116 1760 2325 1844; baseline -0.001 -22"><span class='ocrx_word' id='word_1_113' title='bbox 116 1763 447 1844; x_wconf 75' lang='lat' dir='ltr'><em>parochias</em></span> <span class='ocrx_word' id='word_1_114' title='bbox 467 1765 757 1819; x_wconf 87' lang='lat' dir='ltr'><em>enuntiat</em></span> <span class='ocrx_word' id='word_1_115' title='bbox 780 1761 1196 1819; x_wconf 84' lang='lat' dir='ltr'><em>tantummodo</em></span> <span class='ocrx_word' id='word_1_116' title='bbox 1213 1803 1235 1831; x_wconf 83' lang='lat'><em>,</em></span> <span class='ocrx_word' id='word_1_117' title='bbox 1262 1763 1620 1818; x_wconf 85' lang='lat' dir='ltr'><em>conveniens</em></span> <span class='ocrx_word' id='word_1_118' title='bbox 1643 1780 1759 1817; x_wconf 88' lang='lat' dir='ltr'><em>esse</em></span> <span class='ocrx_word' id='word_1_119' title='bbox 1790 1760 1878 1818; x_wconf 92' lang='lat' dir='ltr'><em>ad</em></span> <span class='ocrx_word' id='word_1_120' title='bbox 1900 1781 2258 1839; x_wconf 84' lang='lat' dir='ltr'><em>proecaven-</em></span> <span class='ocrx_word' id='word_1_121' title='bbox 2323 1787 2325 1789; x_wconf 94' lang='lat'>·</span> 
     </span>
     <span class='ocr_line' id='line_1_16' title="bbox 125 1855 2263 1936; baseline -0.001 -19"><span class='ocrx_word' id='word_1_122' title='bbox 125 1860 271 1917; x_wconf 91' lang='lat' dir='ltr'><em>dam</em></span> <span class='ocrx_word' id='word_1_123' title='bbox 297 1858 744 1935; x_wconf 85' lang='lat' dir='ltr'><em>confusionem,</em></span> <span class='ocrx_word' id='word_1_124' title='bbox 772 1855 1209 1913; x_wconf 71' lang='lat' dir='ltr'><em>‘ut-absolvendi</em></span> <span class='ocrx_word' id='word_1_125' title='bbox 1229 1865 1488 1934; x_wconf 85' lang='lat' dir='ltr'><em>potestas</em></span> <span class='ocrx_word' id='word_1_126' title='bbox 1526 1867 1877 1915; x_wconf 72' lang='lat' dir='ltr'><em>exerceatur</em></span> <span class='ocrx_word' id='word_1_127' title='bbox 1908 1877 2095 1936; x_wconf 85' lang='lat' dir='ltr'><em>super</em></span> <span class='ocrx_word' id='word_1_128' title='bbox 2114 1857 2263 1915; x_wconf 85' lang='lat' dir='ltr'><em>suh-</em></span> 
     </span>
     <span class='ocr_line' id='line_1_17' title="bbox 126 1949 2268 2030; baseline -0.001 -17"><span class='ocrx_word' id='word_1_129' title='bbox 126 1955 279 2014; x_wconf 88' lang='lat' dir='ltr'><em>ditos</em></span> <span class='ocrx_word' id='word_1_130' title='bbox 295 1996 319 2026; x_wconf 87' lang='lat'><em>,</em></span> <span class='ocrx_word' id='word_1_131' title='bbox 345 1956 433 2011; x_wconf 88' lang='lat' dir='ltr'><em>sic</em></span> <span class='ocrx_word' id='word_1_132' title='bbox 460 1952 782 2022; x_wconf 87' lang='lat' dir='ltr'><em>intellecta,</em></span> <span class='ocrx_word' id='word_1_133' title='bbox 802 1951 965 2030; x_wconf 82' lang='lat' dir='ltr'><em>quod</em></span> <span class='ocrx_word' id='word_1_134' title='bbox 988 1949 1076 2008; x_wconf 91' lang='lat' dir='ltr'><em>ad</em></span> <span class='ocrx_word' id='word_1_135' title='bbox 1099 1950 1374 2021; x_wconf 73' lang='lat' dir='ltr'><em>validum</em></span> <span class='ocrx_word' id='word_1_136' title='bbox 1399 1971 1582 2007; x_wconf 82' lang='lat' dir='ltr'><em>usum</em></span> <span class='ocrx_word' id='word_1_137' title='bbox 1611 1950 1793 2030; x_wconf 74' lang='lat' dir='ltr'><em>hujus</em></span> <span class='ocrx_word' id='word_1_138' title='bbox 1805 1955 2118 2030; x_wconf 87' lang='lat' dir='ltr'><em>potestatis</em></span> <span class='ocrx_word' id='word_1_139' title='bbox 2147 1972 2268 2010; x_wconf 90' lang='lat' dir='ltr'><em>non</em></span> 
     </span>
     <span class='ocr_line' id='line_1_18' title="bbox 126 2045 2268 2124; baseline -0.002 -15"><span class='ocrx_word' id='word_1_140' title='bbox 126 2054 207 2109; x_wconf 87' lang='lat' dir='ltr'><em>sit</em></span> <span class='ocrx_word' id='word_1_141' title='bbox 246 2049 588 2107; x_wconf 84' lang='lat' dir='ltr'><em>necessaria</em></span> <span class='ocrx_word' id='word_1_142' title='bbox 635 2046 962 2104; x_wconf 87' lang='lat' dir='ltr'><em>ordinaria</em></span> <span class='ocrx_word' id='word_1_143' title='bbox 999 2046 1091 2103; x_wconf 86' lang='lat' dir='ltr'><em>vel</em></span> <span class='ocrx_word' id='word_1_144' title='bbox 1120 2045 1503 2124; x_wconf 74' lang='lat' dir='ltr'><em>subdeleyata</em></span> <span class='ocrx_word' id='word_1_145' title='bbox 1548 2047 1659 2103; x_wconf 87' lang='lat' dir='ltr'><em>illa</em></span> <span class='ocrx_word' id='word_1_146' title='bbox 1699 2048 2055 2122; x_wconf 77' lang='lat' dir='ltr'><em>jurisdictio</em></span> <span class='ocrx_word' id='word_1_147' title='bbox 2064 2089 2086 2117; x_wconf 83' lang='lat'><em>,</em></span> <span class='ocrx_word' id='word_1_148' title='bbox 2136 2049 2268 2105; x_wconf 88' lang='lat' dir='ltr'><em>sine</em></span> 
     </span>
     <span class='ocr_line' id='line_1_19' title="bbox 126 2140 2262 2224; baseline -0.001 -21"><span class='ocrx_word' id='word_1_149' title='bbox 126 2166 252 2224; x_wconf 85' lang='lat' dir='ltr'><em>qua</em></span> <span class='ocrx_word' id='word_1_150' title='bbox 291 2142 723 2203; x_wconf 87' lang='lat' dir='ltr'><em>Tridentinum</em></span> <span class='ocrx_word' id='word_1_151' title='bbox 749 2140 1020 2198; x_wconf 79' lang='lat' dir='ltr'><em>declarat</em></span> <span class='ocrx_word' id='word_1_152' title='bbox 1048 2141 1284 2198; x_wconf 86' lang='lat' dir='ltr'><em>nullius</em></span> <span class='ocrx_word' id='word_1_153' title='bbox 1305 2145 1597 2198; x_wconf 85' lang='lat' dir='ltr'><em>momenti</em></span> <span class='ocrx_word' id='word_1_154' title='bbox 1620 2162 1736 2201; x_wconf 86' lang='lat' dir='ltr'><em>esse</em></span> <span class='ocrx_word' id='word_1_155' title='bbox 1762 2142 2192 2200; x_wconf 87' lang='lat' dir='ltr'><em>ahsolutionem</em></span> <span class='ocrx_word' id='word_1_156' title='bbox 2221 2162 2262 2200; x_wconf 85' lang='lat' dir='ltr'><em>a</em></span> 
     </span>
     <span class='ocr_line' id='line_1_20' title="bbox 129 2237 1570 2318; baseline -0.006 -18"><span class='ocrx_word' id='word_1_157' title='bbox 129 2239 438 2300; x_wconf 78' lang='lat' dir='ltr'><em>Sacerdote</em></span> <span class='ocrx_word' id='word_1_158' title='bbox 465 2238 774 2318; x_wconf 78' lang='lat' dir='ltr'><em>prolatam</em></span> <span class='ocrx_word' id='word_1_159' title='bbox 791 2279 814 2308; x_wconf 87' lang='lat'><em>,</em></span> <span class='ocrx_word' id='word_1_160' title='bbox 834 2237 999 2315; x_wconf 81' lang='lat' dir='ltr'><em>falsa</em></span> <span class='ocrx_word' id='word_1_161' title='bbox 1014 2278 1035 2307; x_wconf 89' lang='lat'><em>,</em></span> <span class='ocrx_word' id='word_1_162' title='bbox 1065 2238 1390 2293; x_wconf 86' lang='lat' dir='ltr'><em>temeraria</em></span> <span class='ocrx_word' id='word_1_163' title='bbox 1413 2280 1428 2309; x_wconf 76' lang='lat'><strong>‚</strong></span> <span class='ocrx_word' id='word_1_164' title='bbox 1466 2245 1570 2293; x_wconf 90' lang='lat' dir='ltr'><em>etc.</em></span> 
     </span>
    </p>

    <p class='ocr_par' dir='ltr' id='par_1_7' title="bbox 122 2330 2276 3562">
     <span class='ocr_line' id='line_1_21' title="bbox 211 2330 2258 2413; baseline -0 -19"><span class='ocrx_word' id='word_1_165' title='bbox 211 2335 356 2394; x_wconf 76' lang='lat'><strong>249.</strong></span> <span class='ocrx_word' id='word_1_166' title='bbox 404 2334 476 2391; x_wconf 86' lang='lat' dir='ltr'><em>Et</em></span> <span class='ocrx_word' id='word_1_167' title='bbox 503 2352 644 2392; x_wconf 86' lang='lat' dir='ltr'><em>sane</em></span> <span class='ocrx_word' id='word_1_168' title='bbox 673 2331 1090 2390; x_wconf 87' lang='lat' dir='ltr'><em>Tridentinum</em></span> <span class='ocrx_word' id='word_1_169' title='bbox 1111 2376 1127 2406; x_wconf 63' lang='lat' dir='ltr'>a</span> <span class='ocrx_word' id='word_1_170' title='bbox 1153 2351 1291 2390; x_wconf 80' lang='lat' dir='ltr'><em>seSS.</em></span> <span class='ocrx_word' id='word_1_171' title='bbox 1332 2331 1461 2389; x_wconf 87' lang='lat' dir='ltr'><em>XIV</em></span> <span class='ocrx_word' id='word_1_172' title='bbox 1484 2376 1499 2405; x_wconf 62' lang='lat'>7</span> <span class='ocrx_word' id='word_1_173' title='bbox 1539 2352 1666 2413; x_wconf 86' lang='lat' dir='ltr'><em>cap.</em></span> <span class='ocrx_word' id='word_1_174' title='bbox 1713 2333 1848 2405; x_wconf 88' lang='lat' dir='ltr'>VII,</span> <span class='ocrx_word' id='word_1_175' title='bbox 1876 2330 2002 2392; x_wconf 87' lang='lat' dir='ltr'><em>haeo</em></span> <span class='ocrx_word' id='word_1_176' title='bbox 2030 2331 2258 2393; x_wconf 81' lang='lat' dir='ltr'><em>habet:</em></span> 
     </span>
     <span class='ocr_line' id='line_1_22' title="bbox 137 2426 2268 2511; baseline 0 -23"><span class='ocrx_word' id='word_1_177' title='bbox 137 2432 442 2511; x_wconf 76' lang='lat' dir='ltr'><em>Quoniam</em></span> <span class='ocrx_word' id='word_1_178' title='bbox 462 2438 690 2487; x_wconf 87' lang='lat' dir='ltr'><em>natura</em></span> <span class='ocrx_word' id='word_1_179' title='bbox 710 2438 764 2485; x_wconf 87' lang='lat' dir='ltr'><em>et</em></span> <span class='ocrx_word' id='word_1_180' title='bbox 791 2438 950 2485; x_wconf 79' lang='lat' dir='ltr'><em>ratio</em></span> <span class='ocrx_word' id='word_1_181' title='bbox 980 2426 1142 2484; x_wconf 89' lang='lat' dir='ltr'><em>illud</em></span> <span class='ocrx_word' id='word_1_182' title='bbox 1164 2430 1459 2506; x_wconf 77' lang='lat' dir='ltr'><em>ea‘poscit,</em></span> <span class='ocrx_word' id='word_1_183' title='bbox 1485 2437 1557 2484; x_wconf 87' lang='lat' dir='ltr'><em>ut</em></span> <span class='ocrx_word' id='word_1_184' title='bbox 1584 2432 1878 2507; x_wconf 85' lang='lat' dir='ltr'><em>sententia</em></span> <span class='ocrx_word' id='word_1_185' title='bbox 1904 2432 1974 2487; x_wconf 92' lang='lat' dir='ltr'><em>in</em></span> <span class='ocrx_word' id='word_1_186' title='bbox 1997 2430 2268 2489; x_wconf 83' lang='lat' dir='ltr'><em>subditos</em></span> 
     </span>
     <span class='ocr_line' id='line_1_23' title="bbox 132 2523 2271 2604; baseline 0 -20"><span class='ocrx_word' id='word_1_187' title='bbox 132 2528 460 2584; x_wconf 73' lang='lat' dir='ltr'><em>dumtaxat</em></span> <span class='ocrx_word' id='word_1_188' title='bbox 476 2526 762 2602; x_wconf 77' lang='lat' dir='ltr'><em>feratur,</em></span> <span class='ocrx_word' id='word_1_189' title='bbox 799 2542 1168 2602; x_wconf 86' lang='lat' dir='ltr'><em>persuasum</em></span> <span class='ocrx_word' id='word_1_190' title='bbox 1199 2543 1431 2601; x_wconf 78' lang='lat' dir='ltr'><em>semper</em></span> <span class='ocrx_word' id='word_1_191' title='bbox 1459 2524 1526 2580; x_wconf 90' lang='lat' dir='ltr'><em>in</em></span> <span class='ocrx_word' id='word_1_192' title='bbox 1556 2523 1831 2582; x_wconf 83' lang='lat' dir='ltr'><em>Ecclesia</em></span> <span class='ocrx_word' id='word_1_193' title='bbox 1869 2525 1990 2583; x_wconf 86' lang='lat' dir='ltr'><em>Dei</em></span> <span class='ocrx_word' id='word_1_194' title='bbox 2016 2528 2184 2604; x_wconf 72' lang='lat' dir='ltr'><em>fuit,</em></span> <span class='ocrx_word' id='word_1_195' title='bbox 2214 2535 2271 2585; x_wconf 86' lang='lat' dir='ltr'><em>et</em></span> 
     </span>
     <span class='ocr_line' id='line_1_24' title="bbox 132 2618 2269 2698; baseline 0 -18"><span class='ocrx_word' id='word_1_196' title='bbox 132 2625 516 2680; x_wconf 80' lang='lat' dir='ltr'><em>verissimum</em></span> <span class='ocrx_word' id='word_1_197' title='bbox 550 2640 664 2678; x_wconf 87' lang='lat' dir='ltr'><em>esse</em></span> <span class='ocrx_word' id='word_1_198' title='bbox 697 2619 976 2698; x_wconf 74' lang='lat' dir='ltr'><em>Synodus</em></span> <span class='ocrx_word' id='word_1_199' title='bbox 1014 2618 1136 2677; x_wconf 78' lang='lat' dir='ltr'><em>hoec</em></span> <span class='ocrx_word' id='word_1_200' title='bbox 1168 2619 1519 2696; x_wconf 70' lang='lat' dir='ltr'><em>confirmat7</em></span> <span class='ocrx_word' id='word_1_201' title='bbox 1556 2619 1794 2677; x_wconf 85' lang='lat' dir='ltr'><em>nullius</em></span> <span class='ocrx_word' id='word_1_202' title='bbox 1834 2626 2125 2679; x_wconf 88' lang='lat' dir='ltr'><em>momenti</em></span> <span class='ocrx_word' id='word_1_203' title='bbox 2156 2623 2269 2681; x_wconf 84' lang='lat' dir='ltr'><em>ah-</em></span> 
     </span>
     <span class='ocr_line' id='line_1_25' title="bbox 133 2714 2271 2795; baseline 0.001 -21"><span class='ocrx_word' id='word_1_204' title='bbox 133 2718 482 2775; x_wconf 87' lang='lat' dir='ltr'><em>solutionem</em></span> <span class='ocrx_word' id='word_1_205' title='bbox 505 2736 639 2773; x_wconf 91' lang='lat' dir='ltr'><em>eam</em></span> <span class='ocrx_word' id='word_1_206' title='bbox 664 2735 780 2773; x_wconf 88' lang='lat' dir='ltr'><em>esse</em></span> <span class='ocrx_word' id='word_1_207' title='bbox 804 2714 1008 2771; x_wconf 83' lang='lat' dir='ltr'><em>dehere</em></span> <span class='ocrx_word' id='word_1_208' title='bbox 1029 2757 1045 2788; x_wconf 89' lang='lat'>‚</span> <span class='ocrx_word' id='word_1_209' title='bbox 1081 2735 1269 2791; x_wconf 85' lang='lat' dir='ltr'><em>quam</em></span> <span class='ocrx_word' id='word_1_210' title='bbox 1293 2714 1578 2772; x_wconf 85' lang='lat' dir='ltr'><em>Sacerdos</em></span> <span class='ocrx_word' id='word_1_211' title='bbox 1604 2717 1675 2772; x_wconf 90' lang='lat' dir='ltr'><em>in</em></span> <span class='ocrx_word' id='word_1_212' title='bbox 1713 2736 1851 2773; x_wconf 90' lang='lat' dir='ltr'><em>eum</em></span> <span class='ocrx_word' id='word_1_213' title='bbox 1888 2719 2125 2795; x_wconf 80' lang='lat' dir='ltr'><em>profert</em></span> <span class='ocrx_word' id='word_1_214' title='bbox 2142 2762 2159 2788; x_wconf 73' lang='lat'>,</span> <span class='ocrx_word' id='word_1_215' title='bbox 2200 2722 2271 2776; x_wconf 90' lang='lat' dir='ltr'><em>in</em></span> 
     </span>
     <span class='ocr_line' id='line_1_26' title="bbox 136 2799 2270 2889; baseline 0.002 -21"><span class='ocrx_word' id='word_1_216' title='bbox 136 2832 312 2889; x_wconf 86' lang='lat' dir='ltr'><em>quem</em></span> <span class='ocrx_word' id='word_1_217' title='bbox 354 2811 742 2869; x_wconf 87' lang='lat' dir='ltr'><em>ordinariam</em></span> <span class='ocrx_word' id='word_1_218' title='bbox 776 2820 890 2868; x_wconf 90' lang='lat' dir='ltr'><em>aut</em></span> <span class='ocrx_word' id='word_1_219' title='bbox 920 2809 1363 2888; x_wconf 72' lang='lat' dir='ltr'><em>subdeleyatam</em></span> <span class='ocrx_word' id='word_1_220' title='bbox 1399 2830 1518 2867; x_wconf 92' lang='lat' dir='ltr'><em>non</em></span> <span class='ocrx_word' id='word_1_221' title='bbox 1547 2799 1725 2867; x_wconf 75' lang='lat' dir='ltr'><em>hahet</em></span> <span class='ocrx_word' id='word_1_222' title='bbox 1737 2805 2270 2888; x_wconf 76' lang='lat' dir='ltr'><em>jurisdictionem.</em></span> 
     </span>
     <span class='ocr_line' id='line_1_27' title="bbox 139 2903 2268 2984; baseline 0.002 -21"><span class='ocrx_word' id='word_1_223' title='bbox 139 2908 291 2963; x_wconf 85' lang='lat' dir='ltr'><em>Ante</em></span> <span class='ocrx_word' id='word_1_224' title='bbox 335 2904 654 2963; x_wconf 88' lang='lat' dir='ltr'><em>Concilium</em></span> <span class='ocrx_word' id='word_1_225' title='bbox 696 2904 1108 2964; x_wconf 85' lang='lat' dir='ltr'><em>Tridentinum</em></span> <span class='ocrx_word' id='word_1_226' title='bbox 1150 2903 1305 2962; x_wconf 89' lang='lat' dir='ltr'><em>idem</em></span> <span class='ocrx_word' id='word_1_227' title='bbox 1343 2908 1467 2981; x_wconf 84' lang='lat' dir='ltr'><em>jam</em></span> <span class='ocrx_word' id='word_1_228' title='bbox 1507 2903 1783 2963; x_wconf 82' lang='lat' dir='ltr'><em>docuerat</em></span> <span class='ocrx_word' id='word_1_229' title='bbox 1817 2904 2223 2967; x_wconf 86' lang='lat' dir='ltr'><em>Florentinum</em></span> <span class='ocrx_word' id='word_1_230' title='bbox 2249 2954 2268 2984; x_wconf 74' lang='grc'><em>.,</em></span> 
     </span>
     <span class='ocr_line' id='line_1_28' title="bbox 138 3000 2266 3078; baseline 0.002 -19"><span class='ocrx_word' id='word_1_231' title='bbox 138 3000 354 3059; x_wconf 89' lang='lat' dir='ltr'><em>scilicet</em></span> <span class='ocrx_word' id='word_1_232' title='bbox 371 3044 386 3074; x_wconf 74' lang='grc'><em>,</em></span> <span class='ocrx_word' id='word_1_233' title='bbox 414 3000 778 3058; x_wconf 87' lang='lat' dir='ltr'><em>Ministrum</em></span> <span class='ocrx_word' id='word_1_234' title='bbox 793 3001 1175 3058; x_wconf 87' lang='lat' dir='ltr'><em>Sacramenti</em></span> <span class='ocrx_word' id='word_1_235' title='bbox 1195 3001 1572 3059; x_wconf 81' lang='lat' dir='ltr'><em>Poenitentz‘oe</em></span> <span class='ocrx_word' id='word_1_236' title='bbox 1598 3021 1712 3058; x_wconf 84' lang='lat' dir='ltr'><em>esse</em></span> <span class='ocrx_word' id='word_1_237' title='bbox 1737 3001 2134 3078; x_wconf 68' lang='lat' dir='ltr'><em>Sacerdotem,</em></span> <span class='ocrx_word' id='word_1_238' title='bbox 2166 3005 2266 3063; x_wconf 73' lang='lat' dir='ltr'><em>lia·</em></span> 
     </span>
     <span class='ocr_line' id='line_1_29' title="bbox 141 3095 2264 3158; baseline 0.001 -3"><span class='ocrx_word' id='word_1_239' title='bbox 141 3098 369 3155; x_wconf 52' lang='lat' dir='ltr'><em>hen‘tem</em></span> <span class='ocrx_word' id='word_1_240' title='bbox 420 3099 838 3154; x_wconf 87' lang='lat' dir='ltr'><em>auctoritatem</em></span> <span class='ocrx_word' id='word_1_241' title='bbox 888 3095 1238 3154; x_wconf 81' lang='lat' dir='ltr'><em>absolvendi</em></span> <span class='ocrx_word' id='word_1_242' title='bbox 1287 3097 1372 3153; x_wconf 86' lang='lat' dir='ltr'><em>vel</em></span> <span class='ocrx_word' id='word_1_243' title='bbox 1406 3096 1797 3154; x_wconf 85' lang='lat' dir='ltr'><em>ordinariam</em></span> <span class='ocrx_word' id='word_1_244' title='bbox 1839 3099 1929 3155; x_wconf 82' lang='lat' dir='ltr'><em>vel</em></span> <span class='ocrx_word' id='word_1_245' title='bbox 1977 3120 2049 3158; x_wconf 76' lang='lat' dir='ltr'><em>ea·</em></span> <span class='ocrx_word' id='word_1_246' title='bbox 2099 3119 2264 3158; x_wconf 89' lang='lat' dir='ltr'><em>com-</em></span> 
     </span>
     <span class='ocr_line' id='line_1_30' title="bbox 141 3190 2270 3271; baseline 0.002 -20"><span class='ocrx_word' id='word_1_247' title='bbox 141 3197 420 3251; x_wconf 87' lang='lat' dir='ltr'><em>missione</em></span> <span class='ocrx_word' id='word_1_248' title='bbox 443 3190 899 3271; x_wconf 86' lang='lat' dir='ltr'><em>superioris(l).</em></span> <span class='ocrx_word' id='word_1_249' title='bbox 927 3193 962 3250; x_wconf 91' lang='lat' dir='ltr'><strong>J</strong></span> <span class='ocrx_word' id='word_1_250' title='bbox 966 3213 1062 3249; x_wconf 87' lang='lat' dir='ltr'><em>am</em></span> <span class='ocrx_word' id='word_1_251' title='bbox 1076 3213 1214 3251; x_wconf 91' lang='lat' dir='ltr'><em>vero</em></span> <span class='ocrx_word' id='word_1_252' title='bbox 1241 3192 1564 3251; x_wconf 87' lang='lat' dir='ltr'><em>Concilium</em></span> <span class='ocrx_word' id='word_1_253' title='bbox 1590 3192 2001 3253; x_wconf 85' lang='lat' dir='ltr'><em>Tridentinum</em></span> <span class='ocrx_word' id='word_1_254' title='bbox 2027 3196 2270 3256; x_wconf 84' lang='lat' dir='ltr'><em>nomine</em></span> 
     </span>
     <span class='ocr_line' id='line_1_31' title="bbox 122 3288 2270 3368; baseline 0.002 -22"><span class='ocrx_word' id='word_1_255' title='bbox 122 3289 583 3367; x_wconf 80' lang='lat' dir='ltr'><em>jurisdictionis</em></span> <span class='ocrx_word' id='word_1_256' title='bbox 611 3288 947 3345; x_wconf 86' lang='lat' dir='ltr'><em>ordinarioe</em></span> <span class='ocrx_word' id='word_1_257' title='bbox 972 3297 1027 3345; x_wconf 87' lang='lat' dir='ltr'><em>et</em></span> <span class='ocrx_word' id='word_1_258' title='bbox 1044 3288 1434 3368; x_wconf 72' lang='lat' dir='ltr'><em>subdeleyatoe</em></span> <span class='ocrx_word' id='word_1_259' title='bbox 1461 3288 1782 3368; x_wconf 82' lang='lat' dir='ltr'><em>significare</em></span> <span class='ocrx_word' id='word_1_260' title='bbox 1800 3288 2270 3367; x_wconf 86' lang='lat' dir='ltr'><em>jurisdictionem</em></span> 
     </span>
     <span class='ocr_line' id='line_1_32' title="bbox 144 3381 2275 3457; baseline 0 -14"><span class='ocrx_word' id='word_1_261' title='bbox 144 3381 591 3443; x_wconf 84' lang='lat' dir='ltr'><em>ecclesiasticam</em></span> <span class='ocrx_word' id='word_1_262' title='bbox 609 3381 850 3442; x_wconf 89' lang='lat' dir='ltr'><em>evidens</em></span> <span class='ocrx_word' id='word_1_263' title='bbox 878 3393 1000 3455; x_wconf 81' lang='lat' dir='ltr'><em>est3</em></span> <span class='ocrx_word' id='word_1_264' title='bbox 1032 3383 1250 3441; x_wconf 86' lang='lat' dir='ltr'><em>etenim</em></span> <span class='ocrx_word' id='word_1_265' title='bbox 1276 3384 1322 3442; x_wconf 85' lang='lat' dir='ltr'><em>si</em></span> <span class='ocrx_word' id='word_1_266' title='bbox 1345 3429 1360 3457; x_wconf 89' lang='lat'><em>.‚</em></span> <span class='ocrx_word' id='word_1_267' title='bbox 1382 3382 1525 3441; x_wconf 90' lang='lat' dir='ltr'><em>dum</em></span> <span class='ocrx_word' id='word_1_268' title='bbox 1543 3383 1624 3443; x_wconf 88' lang='lat' dir='ltr'><em>ait</em></span> <span class='ocrx_word' id='word_1_269' title='bbox 1651 3406 1665 3441; x_wconf 72' lang='grc' dir='ltr'>ε</span> <span class='ocrx_word' id='word_1_270' title='bbox 1700 3386 1987 3444; x_wconf 87' lang='lat' dir='ltr'><em>Sacerdos</em></span> <span class='ocrx_word' id='word_1_271' title='bbox 2014 3407 2137 3444; x_wconf 91' lang='lat' dir='ltr'><em>non</em></span> <span class='ocrx_word' id='word_1_272' title='bbox 2160 3386 2275 3444; x_wconf 78' lang='lat' dir='ltr'><em>lm-</em></span> 
     </span>
     <span class='ocr_line' id='line_1_33' title="bbox 146 3476 2276 3562; baseline 0 -26"><span class='ocrx_word' id='word_1_273' title='bbox 146 3479 284 3537; x_wconf 86' lang='lat' dir='ltr'><em>bens</em></span> <span class='ocrx_word' id='word_1_274' title='bbox 291 3478 793 3556; x_wconf 82' lang='lat' dir='ltr'><em>jurisdictionem</em></span> <span class='ocrx_word' id='word_1_275' title='bbox 813 3522 830 3551; x_wconf 59' lang='lat'>7</span> <span class='ocrx_word' id='word_1_276' title='bbox 857 3476 1241 3537; x_wconf 85' lang='lat' dir='ltr'><em>intellexisset</em></span> <span class='ocrx_word' id='word_1_277' title='bbox 1269 3478 1534 3538; x_wconf 86' lang='lat' dir='ltr'><em>divinam</em></span> <span class='ocrx_word' id='word_1_278' title='bbox 1555 3524 1571 3554; x_wconf 76' lang='grc'><em>,</em></span> <span class='ocrx_word' id='word_1_279' title='bbox 1609 3500 1740 3562; x_wconf 85' lang='lat' dir='ltr'><em>quae</em></span> <span class='ocrx_word' id='word_1_280' title='bbox 1768 3499 1983 3559; x_wconf 88' lang='lat' dir='ltr'><em>nempe</em></span> <span class='ocrx_word' id='word_1_281' title='bbox 2012 3478 2276 3538; x_wconf 82' lang='lat' dir='ltr'><em>consistit</em></span> 
     </span>
    </p>
   </div>
   <div class='ocr_carea' id='block_1_7' title="bbox 145 3665 1754 3818">
    <p class='ocr_par' dir='ltr' id='par_1_8' title="bbox 145 3665 1754 3818">
     <span class='ocr_line' id='line_1_34' title="bbox 215 3665 1754 3734; baseline 0.001 -18"><span class='ocrx_word' id='word_1_282' title='bbox 215 3669 280 3732; x_wconf 86' lang='lat'><em>(1)</em></span> <span class='ocrx_word' id='word_1_283' title='bbox 308 3669 361 3717; x_wconf 91' lang='lat' dir='ltr'><em>In</em></span> <span class='ocrx_word' id='word_1_284' title='bbox 397 3669 578 3718; x_wconf 83' lang='lat' dir='ltr'><em>decreto</em></span> <span class='ocrx_word' id='word_1_285' title='bbox 602 3668 795 3734; x_wconf 82' lang='lat' dir='ltr'><em>Eugenii</em></span> <span class='ocrx_word' id='word_1_286' title='bbox 819 3685 865 3716; x_wconf 89' lang='lat' dir='ltr'><em>1v</em></span> <span class='ocrx_word' id='word_1_287' title='bbox 883 3703 898 3727; x_wconf 92' lang='lat'><em>,</em></span> <span class='ocrx_word' id='word_1_288' title='bbox 946 3665 1016 3717; x_wconf 88' lang='lat' dir='ltr'><em>De</em></span> <span class='ocrx_word' id='word_1_289' title='bbox 1039 3668 1182 3715; x_wconf 84' lang='lat' dir='ltr'><em>unio·</em></span> <span class='ocrx_word' id='word_1_290' title='bbox 1267 3680 1381 3719; x_wconf 83' lang='lat' dir='ltr'><em>tom.</em></span> <span class='ocrx_word' id='word_1_291' title='bbox 1424 3688 1491 3733; x_wconf 78' lang='lat' dir='ltr'><em>ix,</em></span> <span class='ocrx_word' id='word_1_292' title='bbox 1525 3669 1610 3720; x_wconf 90' lang='lat' dir='ltr'><em>col.</em></span> <span class='ocrx_word' id='word_1_293' title='bbox 1637 3667 1754 3732; x_wconf 74' lang='grc'><strong>440.</strong></span> 
     </span>
     <span class='ocr_line' id='line_1_35' title="bbox 145 3750 1178 3818; baseline 0 -19"><span class='ocrx_word' id='word_1_294' title='bbox 145 3769 205 3800; x_wconf 79' lang='lat' dir='ltr'><em>ne</em></span> <span class='ocrx_word' id='word_1_295' title='bbox 239 3753 477 3811; x_wconf 67' lang='lat' dir='ltr'><em>Armen„</em></span> <span class='ocrx_word' id='word_1_296' title='bbox 521 3752 646 3818; x_wconf 78' lang='lat' dir='ltr'><em>apud</em></span> <span class='ocrx_word' id='word_1_297' title='bbox 683 3751 830 3803; x_wconf 78' lang='lat' dir='ltr'><em>Hard.</em></span> <span class='ocrx_word' id='word_1_298' title='bbox 871 3750 1001 3801; x_wconf 83' lang='lat' dir='ltr'><em>Acta</em></span> <span class='ocrx_word' id='word_1_299' title='bbox 1033 3750 1178 3802; x_wconf 79' lang='lat' dir='ltr'><em>Cone.</em></span> 
     </span>
    </p>
   </div>
   <div class='ocr_carea' id='block_1_8' title="bbox 1942 3827 2037 3885">
    <p class='ocr_par' dir='ltr' id='par_1_9' title="bbox 1942 3827 2037 3885">
     <span class='ocr_line' id='line_1_36' title="bbox 1942 3827 2037 3885; baseline 0 0"><span class='ocrx_word' id='word_1_300' title='bbox 1942 3827 2037 3885; x_wconf 86' lang='lat'><em>30.</em></span> 
     </span>
    </p>
   </div>
  </div>
 </body>
</html>
