2502 4186
489 224 610 263 CAP.
655 222 737 262 111.
783 224 853 259 DE
895 217 1146 259 MATERIA
1173 244 1203 275 7-
1229 220 1448 272 Romus,
1491 218 1610 257 ETC.

2044 196 2159 256 321

43 366 145 426 bat
160 385 189 422 a
205 363 409 446 primis
430 365 686 446 vesperis
707 411 722 440 ‚
747 363 1050 424 immolare
1072 384 1288 442 agnum
1311 360 1645 444 paschalem
1671 361 1735 419 in
1758 361 1979 445 templo
1991 367 2162 442 juxta

35 444 420 520 >*talmudicam
461 459 837 519 traditionem
879 459 1006 539 (l),
1040 468 1173 539 post
1214 456 1348 515 solis
1383 477 1649 517 occasum
1677 457 1983 517 comedere
2029 479 2165 518 cum

44 554 342 637 discipulis
371 557 487 614 suis
523 557 584 614 in
623 554 920 616 coenaculo
949 553 1060 633 (2).
1095 553 1216 611 Hac
1244 552 1469 610 ratione
1497 551 1692 609 omnia
1731 551 1884 612 bene
1919 575 2162 636 compo·
2223 617 2229 627 ,

44 662 271 710 nuntur
303 674 316 709 :
349 672 414 710 ac
446 651 507 710 1ο
531 651 768 732 quidem
797 650 1093 710 Christum
1120 669 1258 708 vere
1281 669 1349 706 eo
1380 669 1536 706 anno
1574 646 1922 708 celebrasses
1949 651 2165 731 pascha

36 746 334 826 judaicum
363 789 379 818 ,
434 756 500 803 ut
558 757 676 804 tres
742 746 1002 805 referunt
1040 742 1471 823 Evangelistae3
1519 743 1589 800 20
1629 743 1825 823 ipsum
1888 757 2169 825 praeterea

47 840 364 902 celebrasse
406 840 468 898 in
520 841 770 920 azymiS‚
813 851 988 921 prout
1036 860 1068 897 a
1122 840 1280 896 Mose
1321 837 1747 918 ⁴praescriptum
1797 838 1986 897 fuerat
2026 841 2163 921 (3);

49 937 113 995 3⁰
145 946 202 994 et
226 933 546 993 celebrasse
582 935 728 994 illud
758 927 1138 994 nihilominus
1171 944 1312 992 ante
1344 935 1504 991 diem
1535 936 1764 1011 festum
1785 935 2025 1012 paschae
2051 980 2071 1007 ,
2106 948 2174 995 ut

49 1028 250 1089 scribit
267 1030 324 1087 S.
353 1031 387 1088 J
393 1050 610 1088 oannes
633 1075 648 1104 ,
679 1041 740 1090 et
759 1074 775 1103 ,
798 1028 954 1110 quod
979 1049 1340 1108 consequens
1368 1039 1455 1086 est
1479 1073 1494 1101 .,
1517 1049 1655 1088 vere
1683 1030 1718 1087 J
1724 1027 1912 1087 udaeos
1942 1052 2064 1088 non
2081 1031 2177 1090 in-

48 1123 316 1183 troivisse
347 1111 410 1182 in
439 1125 781 1183 Praetorium
802 1123 1004 1200 Pilati,
1040 1145 1114 1182 ne
1138 1128 1741 1197 contaminarentur,
1775 1126 1878 1182 sed
1898 1135 1971 1182 ut
1997 1147 2178 1210 man—

46 1222 582 1301 ducarentpascka
604 1264 624 1293 ,
649 1220 837 1280 adhuc
854 1220 927 1279 ab
950 1222 1090 1302 ipsis
1106 1219 1536 1280 immolandum
1557 1222 1626 1297 ind
1637 1220 1905 1293 secundis
1921 1223 2179 1308 vesperis

47 1316 306 1395 ejusdem
336 1316 452 1376 diei
478 1317 606 1376 XIV
630 1361 646 1390 ,
689 1327 822 1398 post
854 1315 1158 1399 expletum
1188 1321 1326 1396 juge
1362 1317 1705 1376 sacrificium
1736 1319 2179 1399 vespertinumz,

50 1410 117 1468 40
154 1412 329 1471 fuisse
370 1411 644 1472 eumdem
684 1410 843 1471 diem
875 1432 1230 1494 parasceven
1267 1411 1534 1494 paschae,
1576 1423 1865 1493 quatenus
1904 1426 2043 1474 ante
2074 1415 2180 1474 has

48 1507 332 1566 secundas
372 1527 639 1589 vesperas
678 1507 875 1566 omnia
901 1516 1055 1587 gesta
1093 1517 1266 1581 sunt,
1318 1527 1446 1588 quae
1485 1506 1823 1566 referuntur
1860 1509 1922 1566 in
1960 1509 2183 1569 Christi

49 1601 352 1683 passione,
398 1621 463 1661 ac
511 1599 779 1666 debuisse
824 1600 1042 1684 deponi
1079 1622 1321 1683 corpora
1364 1621 1396 1661 e
1429 1600 1738 1677 crucibus,
1776 1623 1910 1660 cum
1951 1625 2021 1662 ex
2059 1604 2186 1684 lege

49 1903 112 1948 ris
142 1908 256 1949 esset
273 1934 287 1959 ,
315 1907 367 1946 ut
393 1896 591 1946 traditur
611 1898 662 1946 in
686 1894 918 1958 Talmude
936 1935 950 1958 ,
988 1897 1073 1948 fol.

49 1979 115 2031 55
130 1991 174 2030 et
185 1977 271 2044 64,
288 1982 338 2028 iu
351 1977 772 2040 trancpesachim,
783 1979 1074 2037 inMischna,
1115 2002 1119 2007 ·

51 2079 154 2128 cap.
188 2059 250 2123 5,
274 2055 329 2127 §S
365 2059 470 2110 1·-5.
533 2075 536 2078 ·
590 2105 596 2113 .

123 2143 191 2207 (1)
226 2142 345 2190 Nam
369 2135 468 2192 dies
492 2148 570 2190 xiv
590 2150 690 2190 erat
721 2141 817 2190 dies
846 2140 1038 2191 festivus
1060 2177 1074 2202 ‚

53 2242 136 2272 seu
154 2233 205 2273 ut
220 2223 480 2283 dicebatur,
494 2221 671 2287 sescum
684 2222 1075 2274 introductionis.

58 2305 158 2354 Hoc
175 2323 309 2370 porro
323 2306 508 2366 festum,
525 2315 577 2353 ut
589 2315 735 2354 cetera
758 2308 932 2367 omnia,
949 2306 1075 2371 apud

56 2387 242 2436 Judaeos
279 2391 479 2453 incipere
509 2387 709 2436 debebat
736 2406 761 2436 a
790 2384 952 2453 primis
978 2406 1078 2437 ves-

57 2469 303 2535 peris.Quo
318 2481 520 2535 tempore
541 2481 728 2518 cautum
749 2480 843 2518 erat
861 2507 872 2529 ,
888 2488 948 2519 ne
965 2471 1077 2536 quid

59 2554 208 2616 operis
239 2552 413 2600 servilis
443 2560 760 2618 perageretur,
793 2553 873 2601 sed
892 2557 1080 2618 insuper

60 2651 120 2682 ne
149 2637 198 2682 iu
223 2635 319 2682 ulla
340 2634 604 2683 Judaeorum
638 2635 777 2683 domo
818 2638 948 2700 panis
986 2636 1079 2685 fer-

63 2725 288 2764 mentatus
306 2718 588 2765 inveniretur
600 2751 614 2778 ,
637 2727 689 2764 ut
705 2718 899 2765 traditur
918 2720 967 2765 in
978 2717 1080 2766 Tal-

67 2795 205 2846 mude
218 2807 345 2846 tract.
367 2801 446 2847 cit.
472 2797 875 2866 Pesachim,cap.
905 2816 921 2847 1
948 2799 1006 2866 ,S
1032 2817 1077 2859 1,

68 2878 194 2944 quod
208 2878 370 2944 repetit
390 2879 694 2931 Maimonides
706 2917 723 2944 ,
739 2887 867 2931 tract.
887 2872 965 2930 De
978 2882 1079 2947 ser·

69 2969 223 3008 memo
259 2969 304 3008 et
334 2978 504 3027 azymo
544 2980 646 3028 cap.
682 2979 733 3012 2.
770 2964 843 3012 Ab
873 2965 945 3012 his
973 2967 1083 3030 ipsis

69 3045 228 3107 primis
255 3046 452 3108 vesperis
476 3045 726 3109 incipiebat
747 3044 958 3111 obligatio
991 3049 1083 3095 im-

70 3126 331 3173 molationis
360 3128 465 3190 agni
492 3127 746 3192 paschalis3
784 3131 951 3178 exinde
977 3147 1083 3194 pro-

70 3210 195 3256 venit
219 3208 495 3272 prohibitio,
530 3226 588 3257 ne
615 3212 718 3276 quis
747 3227 801 3259 eo
828 3211 902 3259 die
928 3212 1085 3262 absce-

71 3289 198 3337 deret
213 3290 270 3337 ab
288 3290 400 3338 urhe
414 3290 701 3341 Hierusalem
716 3329 727 3351 ,
752 3294 886 3340 etiam
904 3308 1086 3343 summo

72 3390 206 3420 mane
225 3409 237 3432 ‚
267 3374 599 3421 committendo
635 3392 681 3422 se
712 3377 985 3436 itineri,²ac
1022 3381 1088 3428 sic

70 3466 316 3520 exponeret
359 3474 405 3504 se
441 3458 649 3521 periculo
681 3474 777 3505 non
824 3458 1087 3509 celebrandi

70 3538 237 3600 pascha
259 3555 366 3586 cum
399 3541 557 3586 ceteris
579 3575 593 3597 ‚
629 3549 674 3587 et
705 3549 937 3603 cogeretur
969 3541 1088 3591 illud

73 3622 314 3670 transferre
345 3623 394 3669 in
426 3640 629 3671 mensem
655 3625 862 3687 proxime
890 3642 1088 3690 sequen-

74 3713 184 3750 tem.
203 3702 341 3763 Hinc,
361 3707 396 3751 si
413 3705 506 3754 Lex
525 3705 798 3754 determinat
819 3706 979 3755 horam
996 3710 1087 3757 im-

158 3783 221 3841 T.
244 3808 247 3811 ·
274 3787 361 3844 VI.

1161 1898 1426 1950 molationis
1455 1905 1560 1968 agni
1587 1905 1812 1968 paschalis
1831 1943 1845 1965 ‚
1879 1924 1988 1956 cum
2024 1910 2095 1958 sol
2126 1910 2188 1959 ad

1160 1998 1376 2031 occasum
1404 1987 1580 2051 vergit,
1611 1989 1748 2036 unice
1783 1988 1831 2036 id
1858 1999 1951 2049 est,
1985 2001 2038 2038 ut
2063 1991 2189 2040 dixi-

1161 2081 1289 2125 mus,
1324 2068 1385 2113 n'e
1406 2067 1707 2131 impediretur
1747 2071 1856 2135 juge
1889 2073 2188 2122 sacrificium.

1161 2142 1230 2195 Ita
1243 2149 1293 2194 in
1309 2146 1558 2209 Talmude,
1574 2141 1991 2212 tract.Pesachim,
2013 2154 2186 2219 f01.58‚

1162 2232 1213 2278 in
1242 2228 1474 2293 Miscbna‚
1497 2249 1594 2297 cap.
1616 2231 1667 2294 5,
1694 2233 1719 2300 §
1747 2249 1793 2284 1.

1230 2311 1292 2375 (2)
1321 2311 1540 2378 Quamvis
1556 2333 1700 2381 agnus
1716 2317 1943 2382 paschalis
1958 2331 2065 2369 ante
2079 2321 2189 2371 solis

1163 2410 1375 2443 occasum
1407 2397 1725 2446 immolaretur
1744 2435 1756 2456 ‚
1789 2417 1885 2448 non
1915 2413 2092 2466 poterat
2119 2414 2192 2454 ta-

1165 2495 1274 2524 men
1302 2479 1572 2527 manducari
1596 2483 1685 2528 nisi
1709 2493 1847 2531 noctu
1866 2519 1880 2543 ‚
1916 2495 1960 2532 et
1987 2484 2194 2535 debebat

1165 2557 1345 2607 absolvi
1362 2560 1460 2608 haec
1485 2563 1707 2611 'comestio
1742 2574 1848 2613 ante
1872 2567 2074 2615 mediam
2103 2587 2195 2617 no-

1165 2651 1302 2688 ctem.
1332 2640 1802 2713 Comedebaturxvero
1826 2649 1876 2695 in
1902 2650 2193 2712 privatorum

1165 2723 1382 2771 domibus
1435 2728 1554 2773 intra
1598 2729 1828 2777 ambitum
1881 2714 2191 2784 Hierusalem.

1165 2803 1384 2854 Talmud.
1410 2807 1502 2856 loc.
1521 2811 1601 2858 cit.
1630 2810 1712 2859 fol.
1733 2809 1825 2873 26,
1842 2809 1909 2880 89
1926 2824 1971 2863 et
1993 2832 2008 2862 1
2024 2832 2086 2864 20
2104 2852 2118 2875 ‚
2152 2827 2198 2866 et

1167 2885 1217 2933 Z
1219 2886 1436 2936 eliachim
1453 2891 1503 2937 in
1519 2890 1749 2954 Mischna,
1764 2911 1869 2959 cap.
1886 2896 1935 2956 5,
1956 2895 1991 2963 §
2004 2895 2054 2946 8.
2072 2898 2196 2948 Hinc

1168 2969 1377 3020 Christus
1426 2971 1655 3022 Dominus
1706 2993 1876 3040 agnum
1928 2979 2196 3043 paschalem

1170 3055 1468 3102 manducavit
1505 3071 1694 3121 vespere
1715 3058 1876 3122 facto,
1909 3062 1960 3107 in
1990 3063 2194 3127 quadam

1170 3134 1309 3184 domo
1339 3137 1396 3184 ad
1424 3137 1514 3185 hoc
1531 3139 1673 3186 electa
1702 3141 1752 3187 in
1781 3140 2089 3193 Hierusalem.

1239 3218 1303 3283 (3)
1341 3219 1488 3267 Exod.
1534 3236 1606 3267 xli
1623 3258 1636 3281 ,
1680 3219 1757 3271 15.
1798 3222 1986 3290 Septem
2028 3227 2196 3278 diebus

1170 3317 1347 3366 azyma
1370 3301 1619 3364 comedetis
1637 3341 1650 3362 ‚
1670 3306 1728 3351 in
1754 3304 1832 3353 die
1850 3309 2021 3371 prima
2040 3310 2196 3359 abole-

1169 3389 1286 3438 bitis
1305 3428 1318 3451 ‚
1371 3390 1598 3454 auferetis
1620 3387 1879 3446 m’nwn
1903 3398 2195 3461 firmentum

1171 3475 1227 3522 de
1254 3474 1475 3523 domibus
1506 3477 1694 3525 vestris,
1733 3477 1828 3526 Cfr.
1863 3483 2000 3528 etiam
2045 3482 2110 3530 ib.
2145 3501 2194 3531 v.

1171 3552 1247 3604 8-1
1264 3574 1305 3603 ῐ.
1351 3558 1664 3607 Auferebatur
1697 3578 1805 3608 vero
1831 3561 2159 3613 fermentatum
2180 3601 2195 3628 ,

1172 3650 1224 3688 ut
1248 3639 1449 3689 diximus
1469 3678 1482 3702 ‚
1516 3659 1542 3689 a
1562 3644 1722 3706 primis
1749 3647 1947 3707 vesperis
1977 3645 2068 3694 diei
2095 3665 2194 3710 xiv,

1171 3740 1251 3773 seu
1276 3725 1326 3772 in
1354 3723 1567 3773 secundis
1601 3726 1798 3789 vesperis
1832 3726 1923 3773 diei
1953 3744 2058 3778 xm.

1832 3793 1907 3869 21
