2502 4186
322 245 432 303 120
911 268 1222 308 suenrus
1243 270 1246 275 ·
1266 269 1331 304 ns:
1357 266 1818 309 coi-«maurinom.

1174 433 1410 495 CAPUT
1452 435 1550 492 III.
1578 448 1585 454 ⁴

562 602 631 641 m!
671 601 951 655 MATERIA,
994 603 1175 642 FORMA
1217 606 1283 641 ΕΤ
1325 605 1643 643 EFFECTIBUS
1685 604 2166 646 CONFIRMA'HONIS.

405 753 502 814 65.
547 753 721 815 Valde
756 755 1124 838 implexa-est
1151 757 1539 838 ,controversia
1586 756 1657 815 de
1690 757 1925 816 materia
1953 769 2011 816 et
2036 759 2217 816 forma
2245 759 2390 817 Con-

328 849 700 922 firmationis,
744 851 791 909 si
842 851 1256 910 decertantium
1301 872 1609 924 numerus7
1659 853 1959 911 auctoritas
1994 873 2057 910 ac
2094 853 2385 911 rationum

282 946 284 948 ’
327 941 554 1021 pondus
588 941 948 1024 spectentur,
986 930 1190 1024 fluibus
1214 944 1297 1002 illi
1328 940 1659 1002 innituntur
1692 944 1765 1002 ad
1800 933 1961 1003 suam
1999 947 2235 1026 quisque
2266 967 2391 1004 sen-

327 1037 574 1095 tentiam
603 1038 1083 1117 propugnandam
1109 1082 1125 1111 .,
1164 1059 1286 1097 rem
1308 1039 1377 1096 -in
1410 1037 1692 1096 abstracto
1720 1082 1738 1110 ,
1783 1048 1848 1095 ut
1875 1039 2069 1111 aiunt..
2101 1061 2201 1098 seu
2233 1039 2390 1097 theo-

326 1130 500 1189 retice
531 1130 886 1209 inspiciendo
913 1157 928 1204 ς
969 1131 1182 1189 nullius
1206 1152 1341 1191 vero
1371 1133 1652 1191 momenti
1677 1142 1762 1190 est
1790 1176 1817 1204 a.
1841 1132 1906 1189 in
1939 1143 2198 1191 concreto
2220 1143 2391 1212 atque

325 1223 388 1280 in
415 1222 576 1303 praxi
610 1243 735 1281 eam
764 1225 1198 1283 considerando,
1229 1228 1295 1282 In
1321 1226 1485 1304 praxi
1521 1226 1674 1283 enim
1703 1224 1942 1283 Ecclesia
1965 1235 2093 1283 tum
2117 1246 2395 1283 manuum

261 1391 264 1393 Α
333 1315 763 1396 impositionem
802 1327 929 1375 tum
966 1317 1285 1375 chrismatis
1312 1319 1797 1396 consignationem
1832 1327 2072 1399 usurpat
2113 1340 2227 1376 una
2266 1338 2395 1376 cum

334 1407 559 1483 verbiS,
603 1429 728 1489 quae
764 1421 1069 1491 utramque
1107 1411 1387 1470 actionem
1409 1413 1773 1470 comitantur.
1850 1432 1852 1434 ·
1911 1486 1918 1489 ‚

412 1503 509 1565 66.
558 1504 813 1577 Quatuor
839 1505 902 1563 in
930 1505 1215 1564 abstracto
1233 1549 1250 1580 ,
1273 1516 1338 1563 ut
1355 1505 1479 1575 dixi
1497 1551 1514 1583 ,
1538 1518 1918 1566 numerantur
1933 1508 2230 1567 sententiae
2257 1507 2400 1565 circa

329 1598 631 1657 materiam
656 1599 1016 1660 essentialem
1049 1609 1107 1658 et
1143 1599 1499 1680 adaequatam
1528 1600 1696 1679 hujus
1728 1603 2078 1661 Sacramenti
2100 1646 2116 1675 .,
2158 1601 2403 1682 ideoque

335 1702 394 1751 et
427 1691 572 1750 circa
603 1691 847 1751 formam
868 1738 884 1767 7
932 1694 1004 1752 de
1033 1715 1143 1774 qua
1180 1705 1396 1774 postea.

415 1786 511 1844 67.
555 1786 768 1846 PrimO.
804 1788 865 1845 10
891 1787 1170 1846 Nonnulli
1191 1787 1459 1867 Theologi
1480 1788 1841 1847 contendunt
1860 1834 1875 1862 a
1901 1790 1963 1846 in
1982 1788 2102 1848 sola
2125 1809 2407 1846 manuum

334 1880 698 1961 impositione
729 1881 1088 1940 essentialem
1128 1892 1186 1940 et
1218 1880 1570 1962 adaequatam
1610 1883 2070 1940 Confirmationis
2109 1883 2408 1941 materiam

338 1974 679 2051 consistere,
741 1986 806 2033 ut
841 1966 1063 2033 Isaacus
1108 1974 1323 2034 Habert
1351 2021 1365 2050 a
1411 1975 1783 2049 SirmonduS,
1828 1974 2203 2048 Sambovius‚
2271 1976 2410 2033 Her-

335 2069 658 2128 minieriuS.
689 2069 756 2126 20
791 2068 899 2128 Alii
934 2080 1334 2151 propugnant,
1376 2069 1437 2127 in
1475 2069 1590 2128 sola
1622 2069 1940 2128 chrismatis
1973 2068 2246 2126 unctione
2283 2088 2410 2125 eam

341 2161 733 2221 collocandam
783 2184 905 2222 esse
931 2207 947 2236 .,
993 2174 1060 2221 ut
1102 2165 1159 2221 S.
1201 2162 1446 2221 Thomas
1472 2207 1488 2237 ,
1538 2162 1952 2234 Bellarminus7
2001 2160 2363 2219 Maldonatus
2392 2203 2409 2233 ‚

335 2257 578 2314 Poncius
596 2302 612 2330 ‚
646 2257 1057 2337 Farvaquezius
1081 2301 1096 2330 ,
1126 2257 1249 2313 Van
1274 2259 1424 2334 Roy‚
1461 2256 1718 2314 Morinus
1744 2280 1759 2328 ς
1789 2266 1960 2335 atque
1990 2251 2048 2311 hi
2074 2253 2415 2334 plerumque

341 2359 579 2409 censent
605 2393 620 2424 ‚
663 2349 908 2409 chrisma
931 2349 1280 2431 impositioni
1301 2370 1581 2408 manuum
1609 2348 1986 2407 substitutum
2006 2347 2197 2440 fuisse.
2217 2346 2282 2404 30
2306 2345 2416 2405 Ali-

340 2551 441 2589 tum
473 2538 618 2588 Cone.
637 2539 846 2590 Toletani
862 2557 877 2588 1
894 2576 907 2600 ,
926 2550 1025 2604 post
1047 2539 1227 2600 Suarez,
1259 2538 1336 2589 De
1416 2538 1498 2587 De
1529 2537 1863 2602 comiqnandis
1885 2553 1990 2584 vero
2016 2534 2283 2598 infantibus
2307 2550 2408 2581 ma-

343 2622 482 2670 Saer.
516 2621 747 2684 Confirm.
776 2622 896 2686 disp.
925 2620 1020 2685 34,
1052 2633 1160 2670 sect.
1187 2639 1232 2682 1,
1255 2621 1335 2669 Bi·
1412 2620 1644 2688 *nifesmm
1674 2627 1742 2666 est
1769 2654 1782 2674 ,
1821 2633 1918 2664 non
1954 2616 2013 2664 ab
2041 2615 2136 2663 alio
2175 2631 2319 2678 quam
2354 2614 2412 2662 ab

344 2704 448 2749 nius
475 2705 662 2766 exponit
688 2703 746 2750 de
771 2705 987 2751 unctione
1012 2703 1302 2751 ceremoniali
1322 2738 1335 2763 ‚
1419 2699 1653 2765 Episcopo
1662 2699 1775 2761 fieri
1794 2697 1949 2745 licere.
1967 2696 2097 2744 Nam
2114 2694 2415 2758 Presbyteri,

346 2797 448 2846 quae
475 2784 525 2828 in
557 2782 747 2829 solemni
785 2782 1055 2846 Baptismate
1094 2785 1144 2829 in
1174 2785 1340 2831 vertice
1420 2780 1527 2828 licet
1565 2779 1764 2848 secundi
1792 2779 1891 2825 sint
1923 2776 2191 2825 Sacerdotes
2210 2813 2222 2835 ‚
2252 2777 2419 2840 pomi·

346 2861 609 2926 baptizandi
643 2861 905 2911 adhibetur.
935 2862 1016 2911 Ast
1045 2873 1206 2927 praeter
1241 2863 1344 2910 Μο-
1422 2862 1596 2924 ficatus
1639 2868 1798 2907 tamen
1845 2859 2027 2923 apicem
2072 2873 2170 2903 non
2208 2856 2416 2916 habent,

344 2943 499 2990 riuum
539 2952 583 2990 et
617 2942 934 3004 Holstenium‚
976 2946 1055 3009 qui
1101 2945 1343 2992 ostendunt
1426 2941 1667 2999 observat,
1715 2942 1943 3005 inquam,
1982 2954 2194 3003 apparere
2231 2948 2332 2985 tum
2363 2954 2422 2985 ex

345 3023 403 3072 de
429 3023 751 3071 chrismatione
778 3025 1086 3073 sacramentali
1109 3060 1123 3083 ,
1163 3043 1261 3089 quae
1291 3025 1342 3072 fit
1424 3021 1732 3086 superioribus
1760 3021 1952 3068 decretis
1985 3036 2035 3066 ac
2061 3021 2198 3067 totius
2225 3018 2422 3082 epistolae

344 3105 396 3150 in
428 3103 608 3165 fronte,
639 3122 733 3154 esse
773 3107 962 3153 omnino
994 3105 1339 3169 intelligendum
1421 3105 1638 3167 prooemio
1667 3102 1784 3163 ‚hoc
1801 3099 1851 3148 S.
1871 3100 2191 3148 Innocentium
2224 3101 2420 3146 maxime

343 3181 478 3232 illum
507 3202 730 3234 canonem
748 3223 761 3246 ‚
787 3186 836 3234 id
860 3189 1009 3250 ipsum
1034 3186 1237 3234 efficiunt
1255 3185 1336 3233 Ca·
1417 3199 1571 3232 cavere
1587 3184 1779 3231 voluisse
1796 3218 1809 3239 ‚
1838 3199 1896 3229 ne
1911 3181 2139 3242 Ecclesiae,
2171 3195 2273 3244 quae
2289 3197 2312 3226 a
2334 3178 2423 3227 Ro-

344 3262 602 3326 bassatius,
620 3265 807 3315 Notitia
829 3266 1140 3314 ecclesiastica
1155 3265 1335 3326 histor.²
1418 3282 1553 3312 mana
1566 3264 1705 3312 fidem
1731 3271 2025 3326 susceperunt
2047 3297 2060 3319 ‚
2093 3260 2151 3308 ad
2179 3260 2347 3306 alienos
2365 3259 2423 3306 ab

345 3344 495 3408 Lugd.
546 3343 671 3394 1680
694 3384 707 3407 ‚
740 3365 844 3412 pag.
879 3338 974 3396 210
1002 3383 1016 3406 ‚
1052 3347 1133 3395 ubi
1163 3349 1251 3410 agit
1282 3347 1339 3394 de
1420 3346 1626 3411 ejusdem
1645 3344 1854 3392 Ecclesiae
1870 3338 2199 3391 consuetudine
2217 3341 2330 3386 ritus
2346 3340 2423 3387 de-

351 3443 453 3475 can.
482 3442 500 3473 1
523 3437 567 3474 et
587 3444 622 3474 11
641 3427 785 3479 Cone.
814 3427 1079 3476 Arausicani
1108 3445 1143 3486 1,
1165 3438 1208 3475 et
1233 3426 1348 3475 Cou·
1429 3426 1681 3489 clinarent3
1707 3441 1970 3488 moremque
1995 3425 2035 3469 ei
2072 3421 2254 3485 gessisse
2277 3418 2421 3467 Cone.

354 3513 474 3557 stant
491 3510 541 3555 in
554 3516 646 3556 not.
670 3508 735 3570 (3)
756 3508 814 3556 ad
829 3525 932 3573 cap.
952 3507 981 3554 3
1002 3508 1165 3573 Epist.
1184 3506 1238 3556 S.
1257 3505 1348 3554 In·
1431 3506 1613 3571 Hispal.
1649 3523 1684 3552 11
1704 3542 1718 3564 ‚
1753 3501 2105 3566 Theodulphum
2142 3500 2294 3564 Episc.
2333 3500 2426 3547 Au-

350 3603 456 3637 noc.
475 3605 494 3635 1
510 3589 573 3635 ad
586 3587 638 3636 E
631 3605 688 3653 p.
705 3587 758 3636 E
759 3589 1026 3653 uqubinum
1045 3626 1059 3651 ,
1080 3587 1160 3637 ubi
1182 3598 1225 3636 et
1235 3588 1349 3636 illud
1432 3588 1728 3636 relianensem
1743 3623 1757 3647 ‚
1781 3586 1926 3635 Cone.
1944 3581 2193 3631 Parisiense
2213 3585 2254 3647 vi
2266 3616 2279 3639 ‚
2303 3577 2426 3627 Mel-

319 3708 322 3710 ,
348 3666 560 3719 observat
580 3704 596 3734 ‚
618 3669 1024 3732 S.Innocentium,
1043 3687 1149 3718 cum
1165 3669 1349 3718 scribit:
1406 3724 1409 3725 ⁷
1435 3670 1573 3719 dense
1591 3706 1604 3729 ‚
1634 3677 1718 3718 etc.
