2502 4186
2046 218 2157 278 109

518 246 640 284 GAP.
687 247 751 284 11.
798 247 866 282 DE
907 240 1367 285 CONFIRMATIONIS
1409 241 1682 279 mms'rno.

86 409 144 447 se
170 386 586 445 consentientes
623 384 894 466 Theologi
921 396 980 444 et
1012 381 1221 442 eruditi
1256 380 1553 452 homineS,
1590 390 1656 437 ut
1690 378 1849 437 nulla
1883 378 2038 461 apud
2065 399 2159 438 eos

86 482 159 538 sit
187 479 593 539 controversia.

165 573 265 632 44.
311 572 617 631 Morinus'
601 594 663 630 m
698 533 1134 631 Emer-citatione
1177 568 1246 624 de
1275 568 1658 625 Sacramento
1690 567 2163 642 Confirmationis

93 666 420 739 contendit,
454 670 572 744 ejus
610 664 1164 740 administrationem
1197 659 1543 741 presbyteris
1578 659 1715 716 olim
1751 659 2163 719 demandatam

90 762 264 819 fuisse
291 781 408 817 non
434 759 618 816 solum
655 760 716 816 in
757 760 1024 830 Oriente,
1054 754 1155 813 sed
1189 755 1361 812 etiam
1402 754 1465 810 in
1492 753 1832 825 Occidente3
1877 759 1941 812 et'
1975 756 2163 834 primo

85 852 318 933 quidem
355 852 416 909 in
441 852 736 930 galli-canis
758 851 1010 910 Ecclesiis
1031 893 1046 921 ,
1083 847 1292 906 deinde
1319 848 1378 904 in
1409 846 1715 926 hispanicis
1735 891 1750 920 .,
1785 847 2165 926 quemadmo-

84 947 223 1004 dum
258 945 546 1023 colligitur
576 967 645 1005 ex
672 947 841 1005 Cone.
884 942 1156 1002 Toletano
1185 944 1209 998 Ι
1245 941 1348 1020 (l).
1375 940 1650 999 Eamdem
1691 941 2164 1001 consuetudinem

82 1039 144 1097 in
161 1039 438 1097 ¹Sardiniae
465 1040 651 1099 insula
692 1039 964 1117 viguisse,
994 1057 1064 1094 ex
1092 1034 1307 1094 celebri·
1342 1037 1398 1093 S.
1435 1035 1689 1114 Gregorii
1726 1036 2166 1094 M.,testimonio

82 1133 383 1191 confirmat
425 1134 533 1212 (2)
580 1136 662 1191 De
709 1134 1031 1189 Graecorum
1086 1128 1354 1209 deinceps
1392 1139 1565 1209 atque
1605 1128 1989 1187 Orientalium
2026 1151 2167 1188 con-

85 1226 390 1285 suetudine
413 1226 716 1298 disserenS‚
735 1223 1014 1295 ostendit
1035 1223 1365 1304 Episcopos7
1392 1222 1775 1304 Archipresb]⁷
1783 1235 1930 1282 teros
1946 1236 2164 1307 ‚atque

83 1322 257 1379 etiam
283 1320 645 1415 presbyteros
677 1341 885 1376 munus
919 1317 1247 1395 hujusmodi
1282 1318 1400 1376 fere
1436 1318 1759 1397 promiscue
1801 1319 2005 1400 exequi
2038 1320 2167 1379 soli-

78 1425 166 1473 tos
194 1395 398 1488 fuisse,
434 1413 559 1471 illos
601 1411 840 1493 quidem
874 1411 1159 1470 ordinarie
1208 1433 1271 1470 ao
1313 1412 1546 1491 proprio
1576 1415 1735 1488 jure
1776 1411 1880 1471 hos
1916 1426 2168 1474 extraor-

79 1508 298 1568 dinarie
331 1517 500 1588 atque
535 1508 944 1588 Episcoporum
973 1506 1353 1565 concessione.
1396 1505 1624 1585 AEgypti
1665 1505 1947 1586 denique,
1994 1510 2169 1589 potis-

78 1603 441 1662 simum-vero
461 1601 858 1660 Alexandrinae
878 1600 1152 1672 Ecclesiae,
1181 1598 1447 1658 eamdem
1471 1599 1640 1657 fuisse
1666 1601 2165 1678 consuetudinem,

78 1697 415 1754 Sanctorum
458 1697 695 1754 Patrum
743 1694 1085 1754 testimoniis
1136 1705 1195 1752 et
1238 1692 1576 1750 inferiorum
1618 1702 1951 1774 temporum
1995 1697 2168 1777 scrip-

77 1789 296 1848 toribus
327 1802 386 1849 et
417 1790 807 1849 monumentis
850 1789 998 1848 clare
1033 1788 1176 1846 adeo
1211 1787 1462 1860 evincit,
1505 1798 1568 1845 ut
1603 1807 1667 1846 ea
1714 1787 1786 1846 de
1835 1810 1896 1847 re
1927 1790 2024 1850 vix
2054 1790 2168 1850 du-

76 1882 248 1942 bitari
302 1906 470 1965 posse
534 1884 797 1943 videatur
863 1883 970 1961 (3).
1032 1882 1256 1940 Morino
1324 1880 1754 1961 adstipulantur
1810 1882 2166 1943 Christianus
2250 1879 2252 1881 ¹

78 1978 267 2059 Lupus
306 1978 394 2058 (4)
416 2022 432 2055 ,
469 1978 645 2037 Lucas
671 1977 1002 2038 Holstenius
1033 1976 1128 2057 (5)
1149 2022 1176 2072 ‚⁸
1197 1976 1435 2035 Goarius
1460 1975 1550 2055 (6)
1569 2021 1584 2050 ⁷
1621 1977 2013 2037 Renaudotius
2041 1979 2130 2059 (7)
2144 2022 2166 2053 ,

145 2155 218 2218 (l)
251 2155 304 2202 ln
332 2157 425 2204 fine
459 2175 560 2205 can.
591 2174 673 2205 xx.

151 2235 215 2297 (²2)
252 2235 402 2284 Verba
444 2236 494 2284 S.
532 2236 734 2300 Gregorii
765 2237 832 2284 Μ.
867 2235 955 2284 lib.
996 2254 1076 2295 ιν,

81 2314 248 2380 Epist.
277 2334 346 2374 ιχ,
363 2316 428 2363 ad
447 2315 661 2365 Januar.
689 2315 861 2381 Episc.
889 2315 1079 2363 Galari-

81 2405 181 2444 tan.
217 2397 318 2444 haec
348 2409 455 2445 sunt
492 2416 504 2445 :
539 2399 765 2445 Pervenit
807 2413 986 2461 quoque
1015 2396 1080 2443 ad

80 2492 195 2536 nos,
241 2478 467 2541 quosdam
506 2478 857 2525 scandalizatos
890 2478 1075 2541 faisse,

79 2557 203 2621 quod
219 2559 510 2623 presbyteros
553 2559 805 2605 chrismate
822 2561 999 2622 tinqere
1023 2560 1080 2605 in

75 2639 232 2702 fronte
271 2657 346 2687 eos
365 2678 378 2699 ‚
410 2642 497 2704 qui
527 2641 762 2705 baptizati
793 2649 933 2699 sunt,
963 2656 1078 2705 pro-

82 2718 356 2781 hibuimus,
391 2730 435 2768 et
468 2738 552 2769 nos
595 2721 784 2785 quidem
819 2721 1080 2768 secundam

83 2817 223 2847 usum
257 2811 452 2850 veterem
491 2802 720 2850 Ecclesia?
748 2810 919 2849 nostroe
953 2802 1076 2866 seci-

83 2879 337 2942 ma3.Sed,
368 2886 413 2929 si
432 2885 624 2930 ommno
652 2883 739 2931 hac
770 2883 827 2930 de
855 2900 904 2929 re
924 2882 1083 2946 aliqui

82 2964 453 3023 contristantur,
491 2965 577 3011 ubi
603 2963 835 3029 Episcopi
877 2965 1074 3023 desum,

83 3050 136 3089 ut
161 3044 426 3110 presbyteri
445 3040 587 3091 etiam
617 3047 673 3092 in
699 3045 941 3109 frontibus
961 3045 1079 3110 bap-

82 3125 253 3171 tizatos
297 3123 550 3186 chrismate
603 3133 792 3189 tanqere
840 3125 1036 3173 debeam
1055 3160 1074 3187 ‚

81 3206 398 3253 concedimus.
434 3205 522 3252 Alii
547 3206 707 3271 legunt
737 3207 1073 3271 baptizandos,

83 3297 127 3335 et
146 3298 379 3352 exponunt
400 3285 450 3334 S.
468 3286 735 3351 Gregorium
762 3288 819 3335 de
841 3286 1075 3348 unctione,

83 3385 184 3432 quae
221 3369 463 3416 adhibetur
497 3371 547 3415 in
577 3370 669 3415 ritu
706 3370 806 3432 ipso
838 3368 1075 3433 Baptismi.

84 3448 177 3496 Hos
197 3452 341 3514 carpit
364 3449 569 3496 Morinos
595 3459 637 3496 et
667 3449 901 3496 contendit
922 3449 1078 3513 legen-

84 3529 195 3577 dum
251 3534 442 3578 omnino
495 3548 587 3578 esse
649 3529 936 3594 baptizatos.
999 3529 1079 3578 Ast

84 3609 282 3658 Mam-ini
312 3613 441 3660 editt.
479 3629 586 3676 opp.
617 3611 664 3658 S.
690 3610 890 3674 Gregorii
910 3610 974 3658 M.
1000 3627 1078 3658 co·

86 3689 238 3740 dicum
270 3695 535 3748 auctoritate
553 3709 709 3743 verum
734 3692 973 3742 vindicant
997 3691 1088 3742 lec·

1158 2157 1349 2214 tionem,
1371 2164 1563 2220 quae-est
1581 2154 1894 2220 baptizandos
1909 2194 1921 2216 ‚
1957 2174 2010 2206 ac
2031 2158 2169 2206 simul

1161 2235 1408 2283 ostendunt
1431 2271 1446 2292 ‚
1505 2232 1556 2282 S.
1597 2235 1872 2284 Pontificem
1930 2256 2059 2302 agere
2113 2239 2171 2287 de

1161 2316 1404 2362 chrismate
1419 2315 1758 2363 confirmator-io
1781 2333 1858 2364 seu
1877 2317 2170 2367 Sacramento

1162 2394 1554 2443 Confirmat-ionis.
1584 2396 1681 2442 Cfr.
1703 2397 1910 2446 adnotat.
1940 2401 1989 2445 in
2008 2397 2166 2465 Epist.

1163 2492 1287 2524 xxvu
1308 2512 1322 2535 ,
1358 2476 1464 2523 libri
1496 2493 1540 2524 1v
1563 2514 1575 2536 ‚
1602 2477 1774 2525 Indict.
1801 2495 1882 2528 xn.

1231 2557 1299 2621 (3)
1321 2556 1417 2605 Cfr.
1448 2557 1582 2604 Joau.
1604 2557 1774 2605 Morini
1801 2557 1957 2623 Opera
1970 2560 2170 2625 postlla·
2197 2562 2202 2565 ’

1164 2655 1241 2684 ma
1258 2675 1270 2698 ‚
1305 2637 1396 2685 vol.
1421 2640 1500 2684 lin
1517 2635 1569 2701 4,
1586 2637 1708 2685 Paris
1726 2675 1738 2696 ‚
1773 2640 1915 2705 ¹7⁰3²
1949 2644 2170 2690 exercita-

1163 2722 1225 2766 tio
1253 2718 1333 2766 De
1352 2715 1570 2767 Sacram.
1601 2718 1743 2783 Cous.
1761 2738 1785 2767 a
1804 2737 1904 2783 cap.
1933 2738 1987 2768 12
2007 2723 2062 2769 ad
2093 2720 2169 2770 18.

1231 2800 1294 2863 (14)
1331 2799 1385 2846 In
1426 2800 1604 2850 dissert.
1653 2800 1732 2847 De
1772 2809 1934 2849 octava
1979 2803 2168 2866 Synodo

1159 2879 1403 2944 qenerali,
1433 2881 1664 2929 calumnia
1682 2898 1730 2928 ιν
1752 2919 1765 2942 ,
1803 2893 1917 2930 tom.
1946 2897 1997 2930 111
2014 2918 2030 2945 ,
2058 2901 2169 2949 opp.

1163 2963 1271 3010 edit.
1299 2961 1464 3009 Venet.
1505 2960 1649 3026 1724.

1231 3043 1296 3106 (5)
1346 3042 1636 3090 Dissertatio
1682 3042 1857 3108 duplex
1905 3043 1960 3091 de
1992 3043 2169 3092 Sacra-

1161 3132 1317 3172 memo
1349 3123 1630 3187 Confirmat.
1668 3124 1826 3172 Romae
1871 3123 1998 3174 1666
2021 3163 2034 3184 ‚
2077 3129 2169 3175 ite-

1163 3225 1266 3255 rum
1295 3223 1449 3254 recusa
1481 3206 1538 3253 ad
1572 3207 1741 3254 calcem
1782 3223 1891 3270 opp.
1933 3208 2166 3271 posthum.

1162 3288 1349 3336 Morini.
1383 3286 1478 3334 Cfr.
1512 3288 1591 3334 De
1628 3287 1850 3334 ministro
1895 3285 2168 3344 Confirma-

1138 3370 1305 3418 'tz'om's
1328 3406 1340 3427 ,
1386 3369 1495 3415 diss.
1526 3383 1571 3426 1,
1607 3385 1710 3432 cap.
1747 3367 1796 3431 4.

1229 3450 1296 3512 (6)
1333 3450 1386 3496 ln
1423 3447 1717 3513 Eucholoqio
1750 3453 1830 3497 cit.
1862 3449 1959 3497 cfr.
1992 3459 2093 3497 not.
2122 3451 2171 3497 in

1161 3533 1449 3597 Baptismatis
1479 3530 1680 3578 officium
1698 3568 1710 3590 ‚
1747 3549 1850 3596 pag.
1877 3529 1991 3596 367.

1228 3614 1288 3677 (7)
1318 3610 1591 3678 Perpetaitc
1610 3649 1620 3668 ‚
1643 3622 1731 3661 etc.
1749 3612 1829 3659 liv.
1851 3627 1912 3671 11,
1934 3611 2069 3674 chap.
2095 3612 2172 3660 13.

1167 3692 1344 3758 Quibus
1363 3694 1471 3744 addi
1499 3701 1645 3759 potest
1663 3691 1887 3742 Arcadius
1910 3728 1924 3754 ,
1957 3690 2038 3740 De
2059 3706 2170 3741 con-
