2502 4186
301 210 423 273 260
923 227 1246 283 ermom-uus
1287 236 1356 274 nn
1400 237 1788 278 nuanmswA.

1124 391 1535 446 PROPOSITIO
1587 393 1656 445 ΙΙ.

318 563 711 621 Peccatorum
781 560 1046 620 remissio
1116 582 1301 640 neque
1365 571 1450 620 est
1501 565 1863 640 praecipuus
1943 582 2130 641 neque
2209 571 2429 625 unicus

376 661 785 716 sanctissimae
828 658 1243 717 Eucharistiae
1301 658 1534 737 effectus
1548 701 1573 729 ,
1631 678 1736 716 nec
1782 658 1915 715 sola·
1958 659 2103 736 fides
2145 670 2228 717 est
2267 663 2428 739 suffi-

381 756 545 811 ciens
595 757 973 833 praeparatio
1017 753 1107 812 ad
1143 753 1509 812 sumendum
1563 756 1960 812 sanctissimae
2017 753 2429 814 Eucharistioe

389 849 871 909 Sacramentum.

375 1041 519 1101 233.
559 1041 759 1102 Ambae
783 1042 1195 1125 propositionis
1225 1053 1423 1125 partes
1439 1088 1455 1118 7
1484 1063 1616 1125 quae
1639 1052 1798 1101 arcto
1821 1042 1976 1101 inter
1997 1062 2057 1102 se
2076 1065 2234 1103 nexu
2257 1065 2429 1126 copu—

295 1135 530 1211 launtur7
581 1137 657 1197 de
697 1137 814 1198 fide
858 1149 1013 1197 sunt.
1059 1139 1291 1198 Etenim
1329 1137 1672 1197 Tridentina
1702 1127 1968 1217 Synodus
1992 1182 2008 1212 7
2059 1159 2198 1198 sess.
2236 1141 2372 1199 XIII
2408 1186 2423 1215 7

295 1253 423 1291 can.
475 1233 520 1290 V
543 1277 559 1305 7
612 1233 818 1292 statuit
875 1255 888 1290 ε
947 1235 1022 1291 Si
1059 1237 1200 1312 quis
1251 1235 1519 1306 dimerz't,
1572 1235 1663 1291 vel
1704 1237 2094 1313 praecipuum
2143 1237 2427 1312 fructum

290 1329 397 1386 SS.
442 1329 858 1388 Eucham'stioe
900 1351 1016 1388 esse
1055 1333 1469 1388 remissionem
1492 1341 1917 1409 peccatorum,
1961 1331 2052 1387 vel
2084 1350 2157 1388 ew
2189 1351 2260 1388 ea
2305 1353 2428 1390 non

292 1425 442 1482 alios
483 1425 720 1503 effectus
747 1429 1102 1504 provenire,
1157 1420 1483 1484 anathema
1523 1430 1620 1483 sic.
1666 1425 1807 1484 Can.
1853 1445 2015 1484 vero.
2062 1425 2141 1483 XI
2166 1424 2428 1502 ejusdem

292 1520 561 1579 sessionis
591 1522 786 1581 sanxit
817 1547 834 1581 ε
874 1522 949 1581 Sa·
978 1526 1117 1601 quis
1148 1523 1376 1581 dixerit
1392 1566 1416 1593 ,
1454 1523 1641 1580 solam
1691 1522 1870 1600 fidem
1903 1543 2019 1580 esse
2048 1522 2428 1601 sufficientem

285 1621 805 1696 praeparationem
831 1618 1299 1677 adsumendum
1341 1618 1445 1676 SS.
1479 1617 1894 1677 Eucharistiae
1926 1617 2387 1677 Sacramentum
2409 1663 2426 1693 7

293 1712 621 1772 anathema
663 1718 763 1772 sit.

313 1829 318 1833 ⁴
370 1806 517 1865 234.
546 1809 806 1890 Utraque
837 1819 1035 1868 autem
1058 1830 1194 1891 pars
1226 1808 1307 1867 sic
1328 1806 1654 1867 adstruitur
1685 1831 1698 1866 ε
1732 1807 2066 1889 Apostolu37
2095 1809 2120 1867 I
2148 1809 2280 1867 Cor.
2309 1812 2388 1867 XI
2406 1853 2422 1881 7

290 1902 371 1961 28
391 1947 407 1976 7
446 1901 646 1960 scribit
685 1925 698 1960 z
742 1905 964 1963 Probet
995 1915 1196 1962 autem
1223 1925 1280 1962 se
1313 1907 1520 1983 ipsum
1554 1905 1723 1962 homo
1739 1946 1761 1974 ,
1801 1915 1856 1961 et
1889 1907 1977 1962 sic
2023 1904 2094 1961 de
2118 1925 2285 1983 pane
2321 1906 2423 1962 illo

293 1998 430 2056 edat
463 2009 518 2058 et
550 1999 620 2056 de
655 2000 838 2058 calice
876 2000 1067 2060 hibat.
1116 1999 1238 2078 Qui
1266 2003 1430 2056 enim
1474 1999 1813 2057 manducat
1851 2009 1908 2055 et
1937 1999 2094 2056 bibit
2131 2000 2382 2077 indique
2403 2044 2420 2074 7

272 2095 596 2172 judicium
632 2095 758 2153 sihi
792 2096 1130 2153 manducat
1166 2103 1221 2151 et
1248 2094 1440 2167 hibz't7
1481 2114 1603 2151 non
1635 2093 1987 2171 dq‘judz'cans
2027 2091 2258 2171 Corpus
2293 2095 2419 2152 Do-

289 2193 458 2247 mim'
496 2188 604 2268 (1).
647 2188 1065 2249 Probationem
1108 2210 1246 2250 vero
1282 2189 1457 2247 istam
1490 2209 1614 2246 non
1649 2188 1712 2246 in
1752 2186 1874 2246 sola
1909 2186 2024 2247 fide
2066 2187 2417 2262 consistere,

292 2283 474 2343 sedin
497 2285 860 2345 conscientiae
885 2286 1141 2366 puritate
1172 2296 1231 2344 et
1254 2283 1537 2343 charitate
1567 2281 1876 2358 habituali,
1906 2284 2271 2365 praefigurata
2291 2294 2420 2343 tum

230 2443 232 2445 7
290 2380 354 2437 in
369 2390 532 2439 veste
549 2379 798 2462 nuptiali
828 2426 844 2455 7
867 2380 1076 2440 Matth.
1093 2380 1255 2439 XXII
1281 2425 1297 2455 7
1316 2391 1446 2438 tum
1461 2380 1523 2438 in
1535 2377 1756 2461 pedum
1774 2378 1994 2438 lotione
2022 2424 2037 2453 7
2057 2380 2224 2438 Joan.
2251 2380 2379 2438 XIII
2404 2425 2420 2452 7

289 2484 455 2556 patet
491 2497 563 2535 ex
592 2476 868 2538 universa
903 2476 1220 2536 traditione
1254 2486 1313 2536 et
1344 2475 1634 2535 constanti
1677 2474 1939 2534 Ecclesiae
1974 2495 2168 2534 sensu.
2212 2474 2420 2534 Primis

290 2572 453 2632 enim
490 2571 754 2633 Ecclesiae
787 2572 991 2633 seculis
1028 2574 1386 2656 poenitentes
1420 2570 1688 2631 nondum
1719 2569 2072 2631 reconciliati
2127 2591 2246 2628 una
2284 2589 2418 2628 cum

292 2819 343 2869 S.
399 2818 643 2886 Augustini
679 2822 1019 2874 testimonium.
1071 2820 1148 2870 Sic
1186 2822 1311 2870 enim
1398 2817 1659 2869 cessitatem
1688 2817 1983 2866 Eucharistiae
2006 2819 2143 2865 etiam
2173 2816 2329 2882 quoad
2350 2819 2415 2866 in·

292 2905 391 2967 ipse
404 2902 633 2968 loquitur,
653 2901 942 2969 Op.imperfi
960 2902 1047 2953 lib.
1064 2920 1100 2963 ι,
1117 2902 1309 2968 cap-30:
1397 2902 1564 2962 fantes»,
1583 2911 1635 2948 ut
1649 2900 1965 2959 Maldonatus,
1983 2902 2034 2947 in
2048 2916 2147 2965 cap.
2163 2897 2197 2948 6
2211 2898 2347 2948 Joan.
2367 2918 2414 2949 v.

295 2980 402 3032 Cur
429 2986 740 3033 ministratur
766 2987 1001 3050 sanquis,
1035 2987 1124 3050 qui
1154 2985 1211 3033 de
1243 2985 1313 3032 εἰ-
1399 2981 1496 3047 54,
1528 2985 1769 3044 insinuat,
1805 2993 1848 3031 et
1881 2981 2094 3031 Petavius
2114 3020 2127 3042 7
2174 2984 2255 3048 qui
2299 2984 2419 3031 inter

293 3065 573 3115 militudine
597 3069 764 3116 carnis
768 3068 959 3134 peccati
980 3069 1039 3115 in
1068 3068 1314 3115 remissio·
1398 3081 1575 3114 errores
1595 3064 1642 3113 S.
1660 3065 1906 3129 Augustini
1921 3075 1966 3114 et
1989 3065 2119 3112 hunc
2143 3074 2349 3113 recenset
2368 3066 2418 3112 in

293 3163 404 3195 nem
422 3149 565 3212 fusus
596 3159 668 3198 est
700 3158 1006 3215 peccatorum
1027 3187 1039 3210 7
1063 3166 1202 3214 quem
1237 3148 1312 3195 bi·
1398 3146 1482 3195 lib.
1507 3151 1645 3196 unico
1687 3145 1759 3196 De
1805 3147 1957 3197 Cone.
2014 3146 2160 3196 Trid.
2192 3146 2420 3194 adversus

295 3227 376 3279 bat
391 3231 629 3296 parvulus
652 3267 667 3295 7
686 3240 744 3279 ut
769 3231 942 3281 habere
964 3234 1121 3298 possit
1142 3232 1311 3290 vitam,
1397 3230 1637 3279 Abbatem
1656 3269 1670 3292 7
1717 3246 1816 3295 cap.
1851 3229 1903 3279 5.
1952 3227 2051 3278 Cfr.
2103 3231 2244 3278 etiam
2280 3228 2417 3277 Card-

299 3314 346 3360 εἰ
370 3311 426 3360 de
454 3312 639 3362 nullius
659 3316 851 3379 peccati
883 3315 1069 3379 oriqine
1099 3314 1232 3363 venit
1260 3314 1314 3360 in
1397 3313 1524 3362 Bona
1548 3350 1561 3374 7
1590 3313 1773 3362 Rerum
1800 3311 1967 3376 liturq.
1985 3312 2071 3359 lib.
2095 3328 2130 3359 n
2149 3349 2162 3371 7
2193 3328 2295 3376 cap.
2319 3308 2378 3373 14
2398 3347 2411 3370 7

296 3403 499 3443 mortem
518 3398 542 3441 ?
571 3394 684 3461 Quae
715 3406 835 3445 certe
863 3397 921 3445 de
959 3398 1053 3445 sola
1091 3395 1315 3460 spirituali
1397 3393 1424 3462 ἓ
1461 3412 1477 3443 1
1507 3432 1522 3455 7
1558 3413 1666 3444 cum
1697 3396 1818 3443 notis
1844 3394 1963 3442 Rob.
2002 3391 2124 3442 Sala.

299 3480 562 3542 sumptione
603 3478 819 3543 explicari
849 3496 945 3526 non
987 3488 1194 3544 possunt.
1229 3476 1315 3526 Ce-
1469 3478 1537 3543 (l)
1563 3479 1664 3528 Cfr.
1687 3481 1738 3527 in
1768 3479 1917 3527 hunc.
1942 3478 2035 3526 loc.
2052 3474 2277 3526 Bernard.
2297 3491 2321 3521 a
2339 3472 2414 3521 Pi-

299 3569 451 3607 terum
487 3578 541 3608 ex
570 3560 707 3608 dietis
742 3570 902 3625 patet,
938 3577 1037 3608 non
1072 3577 1204 3626 posse
1242 3578 1312 3609 er·
1398 3564 1563 3621 conio,
1585 3563 1666 3627 qui
1687 3571 1839 3625 aperte
1852 3559 2051 3609 ostendit
2073 3595 2086 3618 7
2117 3557 2174 3605 de
2187 3556 2279 3603 sola
2299 3572 2414 3603 con-

298 3643 412 3688 roris
428 3644 556 3706 argui
573 3640 620 3689 S.
645 3641 955 3708 Augustinum
977 3652 1021 3692 et
1037 3645 1141 3691 citt.
1170 3642 1309 3691 Rom.
1395 3646 1596 3692 scientiae
1616 3646 1814 3710 puritate
1843 3641 1980 3693 verba
2001 3638 2205 3706 Apostoli
2218 3637 2413 3702 intelligi

296 3721 542 3774 Pontifices
563 3762 575 3787 7
595 3724 708 3775 dum
727 3725 961 3776 adstruere
979 3727 1062 3776 visi
1088 3731 1198 3777 sunt
1227 3743 1311 3775 ne-
1394 3744 1545 3791 posse.
