2502 4186
272 162 393 223 464
907 182 1229 221 TRAGTATUS
1273 183 1341 219 nn
1383 180 1764 220 ronmmn'rn.

274 326 524 387 sessione
546 321 951 396 sacramentali
972 366 988 397 ‚
1009 320 1430 381 contendentes
1447 367 1463 397 ,
1486 339 1818 381 sermonem
1846 320 2065 381 ibidem
2085 321 2288 382 haberi
2311 322 2384 380 de

275 418 485 481 humili
519 416 773 499 quadam
801 427 1078 477 anteactae
1102 417 1233 476 vitae
1260 416 1656 491 confessione,
1703 438 1816 497 qua
1858 415 1986 497 quis
2026 436 2086 474 sc
2122 437 2386 497 peccasse

275 515 620 598 profitetur,
665 524 732 572 ut
776 512 916 572 alios
954 513 1031 572 ad
1071 511 1502 594 orandumpro
1543 533 1603 571 se
1636 512 1868 571 excitet.
1925 511 2134 569 Verum
2176 521 2234 570 et
2276 512 2388 571 hoc

277 610 415 669 dato
437 654 454 683 ,
480 629 784 688 negamus,
808 607 902 667 hic
920 606 1260 689 Apostolum
1286 606 1358 667 de
1385 606 1758 667 Confessione
1778 604 2049 664 omnibus
2065 605 2390 687 promiscue

277 702 542 764 facienda
575 703 892 776 disserere3
938 702 1012 762 de
1051 702 1172 762 sola
1205 702 1365 762 enim
1406 701 1667 783 loquitur
1712 701 2083 772 Confessione
2129 699 2392 760 facienda

278 798 540 859 Ecclesiae
577 797 934 878 presbyteris
954 843 970 871 ,
1001 819 1146 880 quos
1174 795 1466 857 vocandos
1490 818 1612 857 esse
1645 796 1875 856 dixerat
1911 796 1985 854 ad
2027 794 2394 875 inungendos

281 895 569 954 infirmos,
592 893 760 968 Quod
785 893 987 974 patefit
1008 913 1079 952 ex
1094 891 1378 974 particula
1392 913 1548 973 erqo,
1568 914 1682 974 qua
1700 891 1860 951 hunc
1883 890 2237 952 versiculum
2259 911 2395 950 con-

279 991 462 1050 nectit
487 1011 619 1049 eum
642 988 926 1050 versiculo
949 987 1286 1048 immediate
1308 988 1680 1068 praecedenti,
1701 987 1991 1047 scribens:
2020 987 2401 1065 Confitemini

280 1107 415 1166 erqo
427 1129 447 1157 ,
474 1095 586 1144 etc.
615 1087 814 1144 Patres
849 1105 1053 1143 omnes
1076 1127 1093 1158 ‚
1125 1083 1226 1164 qui
1263 1095 1569 1164 exponunt
1600 1081 1802 1143 Jacobi
1837 1082 2016 1143 verba
2048 1081 2121 1141 de
2161 1082 2394 1142 Confes-

281 1181 442 1240 sione
479 1177 928 1255 sacramentali,
956 1179 1031 1237 ad
1065 1177 1214 1238 solos
1258 1177 1630 1259 Presbyteros
1668 1200 1736 1240 ea
1790 1179 2052 1239 referunt
2096 1177 2207 1259 (l).
2251 1179 2399 1237 Usus

283 1272 541 1356 denique
566 1295 769 1334 eorum
800 1295 1037 1334 sensum
1061 1272 1499 1333 determinavit.

364 1371 508 1431 242.
558 1370 648 1431 Ad
669 1372 752 1429 2¹¹¹
774 1416 790 1447 ‚
829 1374 967 1451 Ney.
994 1372 1112 1431 Nec
1137 1369 1297 1430 enim
1328 1391 1520 1430 sermo
1542 1417 1559 1445 ,
1585 1393 1658 1431 ex
1685 1393 1800 1454 quo
1827 1371 1926 1430 illa
1943 1369 2124 1433 verba
2154 1369 2404 1430 adducta

283 1478 423 1526 sunt
449 1514 465 1543 ,
513 1468 800 1548 genuinus
837 1467 1013 1527 foetus
1042 1477 1131 1526 est
1158 1467 1216 1524 S.
1259 1465 1563 1546 Augustini
1592 1468 1703 1549 (2).
1741 1469 1925 1546 Hujus
1965 1478 2245 1549 praeterea
2282 1487 2406 1526 ser—

285 1563 475 1622 monis
510 1573 712 1623 auctor
748 1562 1008 1645 loquitur
1030 1562 1107 1622 de
1134 1559 1506 1623 Confessione
1531 1562 1935 1639 ceremoniali,
1978 1563 2054 1624 de
2105 1584 2219 1646 qua
2268 1583 2407 1621 mox

287 1656 568 1718 dicemus.

369 1753 511 1813 243.
562 1753 650 1814 Ad
687 1753 806 1828 3¹1¹,
847 1754 999 1834 Ney.
1036 1755 1350 1837 paritatem
1382 1757 1537 1816 inter
1568 1767 1885 1838 utrumque
1927 1758 2405 1828 Sacramentumt,

289 1849 453 1930 quia,
488 1848 574 1906 uti
600 1848 964 1908 ostendimus
980 1894 996 1923 ,
1027 1849 1286 1909 Christus
1320 1851 1487 1910 aliter
1513 1851 1589 1910 de
1614 1850 1922 1910 collatione
1944 1850 2184 1909 illorum
2208 1851 2412 1908 Sacra-

288 1954 626 2003 mentorum
659 1943 895 2019 statuit.
924 1930 1045 2001 Hoc
1084 1966 1261 2025 porro
1288 1947 1515 2026 pendet
1551 1967 1583 2004 a
1614 1945 1800 2005 libera
1828 1945 2045 2004 Christi
2073 1945 2405 2005 voluntate.

370 2037 510 2097 244.
557 2036 692 2116 Obj.
745 2037 1020 2097 secunda.
1082 2040 1144 2097 1Ο
1190 2041 1271 2098 Ex
1317 2039 1648 2100 certissimis
1697 2039 2063 2100 documentis
2114 2062 2146 2099 a
2189 2040 2414 2098 Morino

292 2133 544 2194 collectis
566 2145 795 2193 constat
819 2179 835 2208 7
872 2134 935 2192 in
962 2135 1319 2194 necessitatis
1335 2156 1469 2195 casu
1506 2135 1689 2196 etiarn
1706 2135 1959 2195 diaconis
2005 2135 2205 2195 datam
2240 2136 2414 2195 fuisse

291 2229 628 2289 facultatem
672 2229 997 2312 excipiendi
1038 2229 1236 2290 delicti
1269 2230 1755 2312 exomologesim,
1795 2243 1862 2290 ut
1907 2231 2167 2313 loquitur
2205 2232 2263 2290 S.
2301 2232 2415 2312 Cy-

291 2327 531 2409 prianus
554 2371 569 2400 ,
595 2347 842 2384 manum
867 2326 1208 2407 imponendi
1225 2327 1299 2386 ad
1318 2327 1760 2409 poenitentiam,
1786 2339 1846 2387 et
1869 2327 2048 2387 dandi
2071 2349 2276 2410 pacem
2298 2326 2410 2408 (3).

293 2424 387 2482 Sic
430 2423 606 2482 etiam
660 2433 992 2482 statuerunt
1040 2422 1293 2482 Concilia
1345 2422 1775 2484 Illiberitanum
1829 2436 1889 2483 et
1938 2423 2309 2484 Triburiense
2352 2423 2415 2481 in

294 2520 604 2601 Hispania,
645 2518 1004 2579 Eboracense
1043 2530 1102 2579 et
1143 2518 1513 2581 Londinense
1547 2522 1608 2579 in
1651 2521 1888 2601 Anglia.,
1929 2521 2057 2581 Odo
2101 2522 2414 2604 Episcopus

294 2615 629 2675 Parisiensis
666 2615 730 2674 in
770 2615 954 2674 Gallia
978 2661 994 2690 ,
1041 2616 1159 2674 imo
1198 2615 1404 2676 Petrus
1446 2618 1662 2676 Cantor
1698 2639 1821 2676 non
1872 2617 2062 2676 solum
2100 2616 2412 2691 diaconw,

295 2711 398 2772 sed
420 2722 480 2771 et
501 2710 885 2770 subdiaconos
914 2710 1084 2770 docet
1107 2733 1275 2793 posse
1311 2714 1502 2792 liqare
1539 2718 1894 2772 auctoritate
1916 2714 2176 2772 Domini
2198 2713 2416 2792 Papae,

293 2828 418 2866 non
462 2828 577 2865 sua
612 2805 724 2886 (4).
771 2808 912 2880 Quae
954 2809 1150 2865 omnia
1192 2808 1616 2867 confirmantur
1643 2829 1716 2867 ex
1736 2831 1740 2835 ·
1748 2812 1882 2886 jure
1928 2807 2241 2882 canonicO‚
2284 2828 2413 2889 cap.

295 2903 489 2961 Fures
520 2912 689 2960 extra
705 2944 727 2974 ,
764 2903 836 2960 cle
861 2905 1059 2981 furcis
1072 2945 1094 2974 ,
1131 2901 1234 2960 ubi
1269 2901 1481 2982 legitur
1512 2947 1528 2976 ,
1569 2901 1726 2984 quod
1751 2903 1799 2960 si
1825 2903 1979 2961 fures
2014 2903 2422 2983 comprehensi

296 3009 409 3055 aut
448 2999 754 3055 vulnerati
777 2997 1122 3076 presbytero
1147 2999 1236 3055 vel
1264 2998 1515 3055 diacono
1549 3001 1804 3076 confessi
1820 3001 2066 3077 fuerint
2082 3041 2104 3069 ,
2148 3018 2420 3056 commu-

296 3097 541 3151 m'onem
568 3114 689 3151 non
718 3113 1010 3172 neqamus
1035 3093 1246 3174 (5).1n
1267 3113 1444 3174 quem
1479 3092 1675 3152 locum
1713 3092 1899 3173 glossa
1929 3093 2127 3172 adjicit
2159 3116 2173 3152 τ
2206 3094 2286 3153 In
2313 3115 2419 3152 ne-

296 3193 588 3260 cessitate,
634 3192 817 3247 etiam
854 3190 1029 3248 laico.
1074 3191 1387 3248 innumera
1429 3189 1647 3270 pariter
1687 3199 2010 3271 suppetunt
2037 3199 2419 3249 monumenta

297 3281 456 3365 apud
485 3284 841 3342 Martenium
865 3295 928 3343 et
952 3282 1362 3343 Mabillonium
1387 3283 1460 3343 de
1487 3286 1865 3345 Confessione
1903 3295 2032 3345 tum
2072 3284 2327 3344 diaconis
2360 3294 2420 3342 et

366 3446 429 3509 (1)
452 3444 547 3493 cfr.
562 3445 685 3511 apud
704 3445 872 3494 Mol-in.
889 3463 967 3511 op.
1009 3410 1195 3497 cit.‘lib.
1219 3460 1324 3508 vm,
1479 3446 1545 3512 (3)
1581 3447 1746 3514 Epist,
1777 3464 1864 3498 xn.

298 3545 385 3593 cap
411 3563 423 3578 .
452 3525 507 3588 8,
543 3546 594 3576 n.
627 3524 677 3591 4.
1481 3531 1550 3594 (h)
1570 3532 1706 3596 Apud
1718 3531 1973 3593 Morinum,
1992 3549 2072 3598 op.
2094 3533 2173 3581 cit.
2204 3529 2290 3580 lib.
2316 3544 2414 3591 vm,

369 3610 438 3675 (2)
475 3608 574 3659 cfr.
594 3626 700 3675 opp.
729 3607 780 3658 S.
803 3607 999 3675 August.
1034 3609 1147 3658 edit.
1172 3609 1324 3660 Maur.
1409 3629 1510 3678 cap.
1544 3613 1629 3662 23.

300 3701 414 3742 tom.
450 3709 500 3755 v,
535 3694 587 3742 in
611 3689 816 3759 append.
842 3688 999 3743 Serm.
1021 3694 1173 3741 notin.
1479 3693 1548 3759 (ὅ)
1582 3693 1706 3745 lbid.
