2502 4186
299 212 376 272 84
959 226 1286 268 ’ΤιΑοΤΑτυε
1328 229 1396 263 nn
1437 229 1720 268 urrisun.

298 386 388 434 ast
421 373 641 433 nemini
666 417 681 445 ,
723 370 880 452 quod
908 369 1085 427 sciam
1104 412 1119 442 ,
1150 366 1302 426 hanc
1328 389 1492 426 suam
1528 368 1879 426 sententiam
1902 370 2246 450 persuadere
2276 393 2387 453 po-

299 469 444 541 tuit,
490 485 733 545 eamque
774 463 980 521 acriter
1027 462 1394 543 impugnavit
1432 461 1795 523 Drouvenius
1838 462 1962 541 (l),
2013 464 2219 545 aliique
2262 488 2385 524 non

299 561 486 644 pauci.
540 557 711 617 Card.
758 557 917 615 Gotti
955 567 1014 616 et
1051 555 1292 615 Billuart
1333 567 1638 636 utramque
1693 557 2056 637 opinionem,
2094 559 2384 620 affirman-

296 668 418 714 tem
465 651 688 711 scilicet
744 662 803 710 et
851 662 1195 731 negantem,
1248 650 1611 732 probabilem
1661 664 1933 726 censent,
1985 665 2043 712 et
2085 665 2386 734 exponunt

301 751 358 807 S.
409 746 692 806 Thomam
719 746 798 804 ita
815 790 831 815 ,
859 756 927 803 ut
954 744 1178 804 locutus
1217 747 1407 826 potius
1434 746 1606 804 fuerit
1640 747 1994 825 hypothetice
2018 770 2194 829 quam
2216 751 2387 807 abso-

296 845 455 915 lute5
493 840 650 923 quod
681 845 804 918 jam
845 839 1285 901 insinuaverant
1320 853 1575 899 auctores
1610 840 1951 901 Catechismi
1979 844 2222 902 Romani
2258 842 2383 922 (2),

296 937 397 1018 qui
428 947 627 995 tamen
653 934 924 1016 deinceps
972 945 1177 994 tenent
1197 980 1213 1008 .,
1252 956 1454 1016 reapse
1485 933 1782 1016 Apostolos
1818 934 2135 1017 baPtizasse
2164 937 2270 996 sub
2298 938 2386 995 in-

297 1032 598 1093 vocatione
629 1029 897 1088 distincta
930 1029 1108 1086 trium
1139 1046 1521 1110 personarum
1546 1054 1562 1100 3
1599 1029 1756 1110 quod
1781 1051 1918 1090 vero
1947 1031 2008 1088 in
2039 1033 2191 1090 Actis
2225 1053 2386 1112 apos-

299 1125 484 1185 tolicis
512 1124 722 1202 legitur
748 1123 820 1181 de
843 1123 1132 1204 Baptismo
1160 1122 1293 1181 dato
1328 1123 1390 1180 in
1417 1125 1653 1182 nomine
1683 1123 1934 1197 Christi,
1978 1138 2277 1205 exponunt
2312 1126 2388 1186 ad

295 1219 729 1279 distinctionem
758 1217 1035 1297 Baptismi
1062 1238 1094 1274 a
1130 1218 1485 1276 Praecursore
1513 1215 1755 1292 collati,
1793 1219 1891 1299 qui
1919 1217 2214 1278 dicebatur
2235 1223 2387 1302 Bap-

297 1315 470 1372 tisma
515 1312 774 1371 Joannis.
818 1313 958 1369 Haec
1000 1308 1166 1367 nobis
1203 1310 1433 1370 videtur
1462 1333 1593 1371 vcra
1629 1314 1913 1371 sententia
1951 1313 2060 1392 (3).

378 1405 514 1466 185.
565 1406 633 1464 ΙΙ.
679 1402 846 1478 Quod
883 1414 1107 1485 spectat
1160 1403 1236 1462 ad
1278 1402 1553 1485 baptismi
1595 1406 1917 1484 subjectum
1942 1453 1957 1482 7
1999 1430 2207 1489 magna
2248 1408 2387 1468 olim

292 1501 485 1562 extitit
511 1499 899 1561 controversia
926 1499 1080 1556 inter
1113 1498 1382 1557 Scotistas
1410 1510 1469 1558 et
1500 1499 1819 1559 Thomistas
1838 1547 1854 1576 7
1901 1524 2044 1560 num
2081 1502 2348 1563 videlicet
2366 1548 2384 1578 ‚

292 1595 490 1656 invitis
546 1592 885 1675 parentibus
911 1636 927 1666 ,
983 1591 1308 1651 infidelium
1350 1593 1598 1653 infantes
1647 1595 1791 1674 tingi
1839 1597 2075 1676 possint.
2124 1599 2388 1657 Affirmat

295 1691 494 1749 Scotus
538 1710 672 1747 cum
719 1690 871 1762 suis3
921 1698 1095 1767 negat
1143 1709 1277 1746 cum
1321 1689 1435 1746 suis
1490 1691 1546 1747 S.
1592 1689 1856 1748 Thomas.
1898 1691 2154 1750 Ecclesiae
2195 1694 2387 1773 praxis

296 1784 724 1843 Thomistarum
763 1783 1073 1841 sententiae
1110 1782 1284 1842 favet.
1326 1784 1563 1841 Praestat
1592 1805 1730 1843 vero
1775 1784 1909 1842 huic
1941 1786 2239 1844 sententiae
2280 1786 2389 1844 ad-

294 1878 555 1959 stipulari
587 1878 723 1959 ipsis
754 1876 969 1952 verbiS,
995 1875 1203 1958 quibus
1234 1879 1297 1935 Β.
1326 1876 1581 1936 Thomas
1608 1899 1737 1936 eam
1763 1891 2093 1960 propugnat
2128 1902 2141 1937 ε
2178 1881 2389 1940 Macci—

295 1995 497 2047 mam,
541 1972 767 2054 inquit,
821 1973 994 2030 hahet
1045 1976 1458 2030 auctoritatem
1501 1973 1781 2033 Ecclesioe
1824 1975 2212 2046 consuetudo,
2257 1997 2388 2053 quoe

294 2089 523 2146 semper
549 2077 632 2125 est
678 2071 747 2125 in
790 2068 1067 2125 omnihus
1106 2068 1482 2134 oemulanda,·
1533 2071 1680 2145 quia
1719 2078 1774 2125 et
1811 2071 1946 2146 ipsa
1989 2070 2262 2127 doctrina
2295 2091 2390 2127 ca-

192 2158 194 2160 *
293 2163 645 2220 tholicorum
693 2163 998 2226 doctorum
1043 2163 1122 2218 ab
1172 2162 1442 2221 Ecclesia
1501 2169 1915 2220 auctoritatem
1965 2164 2136 2220 hahet
2154 2188 2179 2235 ‚-
2229 2164 2389 2221 unde

294 2261 488 2334 mayis
525 2257 808 2314 sta-ndum
848 2266 934 2314 est
970 2259 1318 2313 auctoritati
1345 2256 1663 2326 Ecclesiae,
1710 2277 1895 2333 quam
1932 2261 2282 2315 auctoritati
2303 2258 2393 2315 vel

294 2350 627 2428 Auyustini
658 2349 936 2429 (audiant
977 2350 1358 2428 Jansenistae)
1400 2352 1490 2407 vel
1521 2350 1887 2429 Hieronymi
1925 2354 2014 2410 vel
2047 2356 2387 2430 cujuscum-

237 2460 244 2464 ·
293 2465 404 2522 que
438 2444 703 2502 doctoris.
744 2444 873 2502 Hoc
901 2453 1101 2501 autem
1125 2445 1410 2503 Ecclesioe.
1431 2465 1575 2503 usus
1599 2466 1914 2523 nunquam
1950 2447 2189 2518 hahuit,
2233 2447 2394 2524 quod

296 2539 652 2597 Judoeorum
688 2538 837 2615 filii,
860 2538 1083 2595 'invitis
1126 2540 1521 2616 parentibus⁷
1566 2539 2066 2617 baptizarentur3
2115 2544 2389 2619 quamvis

286 2634 531 2709 fuerint
573 2635 876 2689 retroactis
917 2633 1278 2710 temporibus
1317 2634 1496 2690 multi
1545 2634 1823 2691 catholici
1848 2639 2163 2713 principes
2193 2645 2396 2713 poten-

294 2728 539 2796 tissimi,
563 2735 632 2782 ut
654 2725 1098 2796 Constantinus,
1133 2726 1519 2797 Theodosius,
1540 2728 1762 2804 quibus
1774 2730 2118 2805 familiares
2135 2732 2395 2806 fuerunt

297 2821 667 2877 sanctissimi
695 2819 1025 2897 Episcopi,
1071 2829 1141 2878 ut
1185 2820 1472 2898 Sylvester
1516 2820 1897 2880 Constantino
1945 2832 2000 2879 et
2039 2824 2393 2881 Ambrosius

309 2912 624 2971 Theodosio
638 2955 661 2983 ,
703 2916 814 2990 qui
854 2914 1024 2971 nullo
1049 2913 1218 2971 modo
1243 2918 1770 2993 praetermisissent
1806 2918 1884 2974 ab
1921 2921 2002 2974 eis
2041 2922 2386 2995 impetrare,

251 3049 253 3053 ι
296 3009 351 3064 si
375 3007 475 3064 hoc
497 3017 639 3064 esset
659 3027 979 3064 consonum
1011 3011 1257 3066 rationi.
1286 3009 1375 3068 Et
1391 3009 1518 3066 ideo
1539 3011 1950 3086 periculosum
1972 3012 2211 3069 videtur
2231 3011 2387 3068 lianc

298 3105 674 3160 assertionem
699 3103 768 3159 de
799 3120 943 3160 novo
965 3102 1246 3161 inducere
1261 3147 1278 3170 ,
1309 3112 1380 3160 ut
1390 3113 1617 3182 proeter
1638 3107 2124 3166 consuetudinem
2139 3149 2163 3178 ,
2190 3111 2257 3164 in
2274 3106 2389 3165 Ec-

294 3261 548 3326 Baptismo
576 3263 632 3309 in
658 3263 850 3309 noniine
884 3261 940 3311 J.
966 3264 1023 3312 G.
1046 3279 1077 3310 a
1097 3260 1296 3314 Serbon.
1449 3263 1519 3328 (3)
1563 3264 1660 3315 Cfr.
1709 3267 1766 3315 de
1819 3277 1913 3315 toto
1971 3269 2060 3317 hoc
2117 3278 2383 3331 argumento

293 3342 473 3390 doctore
516 3343 531 3406 (
555 3342 814 3391 Drouvenio
843 3344 857 3404 )
912 3343 1104 3408 objectis
1120 3380 1135 3406 ‚
1191 3345 1299 3393 Flo·
1384 3346 1633 3395 Trombelli
1658 3365 1735 3412 op.
1753 3350 1833 3398 cit.
1854 3359 1968 3399 tom.
1985 3366 2032 3398 lv
2051 3385 2065 3408 ‚
2083 3349 2187 3399 diss.
2211 3367 2237 3395 x
2258 3384 2273 3409 ‚
2300 3349 2383 3398 ubi

294 3433 411 3472 rent.
450 3422 593 3489 1735.
1384 3427 1624 3476 collectum
1641 3431 1859 3492 invenies,
1876 3430 2103 3497 quidquid
2121 3430 2213 3479 fere
2227 3430 2284 3478 de
2297 3430 2384 3478 hac

363 3504 431 3566 (1)
468 3503 548 3551 De
579 3521 628 3551 re
661 3507 1067 3568 sacramentaria,
1113 3506 1195 3555 lib.
1234 3523 1299 3568 11,
1390 3512 1637 3574 quaestione
1660 3522 1831 3561 veteres
1860 3530 1912 3562 ac
1931 3513 2200 3562 recentiores
2227 3521 2380 3561 aucto·-

286 3604 345 3654 q.
376 3602 462 3644 111,
493 3600 596 3650 cap.
631 3602 685 3634 2.
747 3592 749 3594 ’
1386 3608 1454 3639 res
1479 3593 1770 3657 scripserunt‘

352 3666 431 3732 β)
458 3666 577 3717 Part.
610 3681 647 3715 11
667 3702 682 3729 ,
704 3683 805 3733 cap.
838 3683 867 3715 2
890 3704 904 3730 ‚
938 3666 964 3732 §
1002 3666 1079 3718 15.
