2502 4186
266 265 302 320 6
935 284 1255 327 rnAcrA‘rus
1303 285 1370 318 nc
1414 284 1705 321 narrismo.

261 427 406 486 dies.
437 426 614 484 Totus
639 425 814 506 igitur
843 423 1301 482 Christianorum
1326 422 1649 505 baptismus
1680 423 1743 482 in
1771 423 2038 483 exteriori
2064 428 2369 489 sanctitate

263 519 526 581 consistit
547 519 690 578 etin
717 517 978 576 interiori
1007 518 1253 599 Spiritus
1273 519 1468 579 Sancti
1496 517 1913 592 illustratione,
1945 519 2030 576 uti
2048 519 2112 578 3⁰
2128 521 2370 582 docebat

264 618 505 686 Petrus7
554 616 577 669 I
615 613 794 693 Epist.
850 613 979 686 1117.
1003 613 1080 671 21
1120 634 1134 670 ι
1177 614 1379 673 Salvos
1417 617 1576 692 facit
1603 616 1921 693 Baptisma
1942 658 1966 686 ,
2015 636 2130 674 uon
2166 623 2375 676 carnis

265 711 549 788 depositio
577 708 850 766 sordium
869 752 885 781 7
917 709 1020 767 sed
1049 711 1610 769 conscientiae—houm
1635 714 2020 790 interroyatio
2054 716 2124 769 in
2158 713 2374 772 Deum.

262 805 382 863 Nec
412 801 582 860 aliter
617 801 810 860 docuit
846 801 1085 879 PauluS,
1125 804 1223 884 qui
1251 849 1267 878 7
1309 803 1486 862 Hebr.
1526 805 1599 863 [X
1619 849 1634 876 7
1671 804 1745 861 10
1765 849 1780 877 7
1811 805 2061 864 exterius
2084 805 2374 887 baptisma

262 898 418 956 inter
436 897 801 978 imperfectas
823 909 1088 957 recenset
1117 898 1333 958 Veteris
1366 898 1723 957 Testamenti
1746 899 2128 972 ceremonias3
2164 912 2371 982 atque,

263 993 378 1052 Tit.
421 993 531 1066 ΙΙΙ,
573 992 644 1066 57
685 992 758 1067 67
799 991 996 1052 scribit
1034 1016 1047 1051 :
1091 993 1294 1052 Salvos
1337 1015 1441 1052 nos
1475 997 1624 1071 fecit
1650 1015 1765 1072 per
1799 999 2111 1052 lavacrum
2148 1018 2377 1075 reqcne-

262 1093 520 1148 rationis
560 1099 615 1146 et
650 1094 1051 1148 renovationis
1083 1092 1647 1169 Spiritus-Sancti,
1696 1111 1869 1168 quem
1909 1091 2118 1168 effudit
2148 1098 2214 1150 in
2253 1115 2375 1152 nos,

264 1181 380 1243 Ubi
406 1204 527 1240 non
554 1182 714 1241 aliud
750 1183 1048 1245 lavacrum
1078 1184 1382 1265 Apostolus
1409 1183 1669 1243 admittit
1708 1206 1892 1265 quam
1918 1185 2161 1264 Spiritus
2186 1188 2379 1246 Sancti

266 1276 642 1352 effusionem3
675 1279 775 1358 qui
807 1289 1088 1358 praeterea
1108 1323 1124 1352 7
1163 1280 1331 1336 Rom.
1364 1280 1437 1336 ‘Vl
1457 1323 1473 1351 ,
1507 1278 1544 1335 4
1565 1323 1580 1352 7
1611 1279 1718 1336 hoc
1755 1278 1937 1357 elogio
1965 1277 2252 1359 baptisma
2277 1303 2380 1339 no-

265 1382 452 1429 strum
485 1371 818 1450 insignivit:
851 1372 1194 1451 Consepulti
1216 1393 1428 1431 sumus
1449 1394 1587 1431 cum
1615 1374 1845 1432 Christo
1865 1395 1984 1452 per
2007 1375 2380 1452 baptismum

265 1470 336 1524 iu
388 1476 673 1538 mortem,
699 1466 795 1524 'ut
843 1468 1130 1546 quomodo
1186 1468 1460 1528 Christus
1508 1473 1841 1527 resurrexi-it
1886 1490 1926 1527 a
1976 1473 2230 1528 mortuis
2274 1491 2394 1548 per

262 1562 526 1640 yloriam
565 1561 777 1621 Patris
799 1605 816 1637 ,
854 1566 943 1620 ica
979 1573 1035 1620 et
1072 1584 1176 1621 nos
1210 1567 1279 1621 iu
1317 1567 1574 1622 novitate
1601 1568 1737 1622 vitoe
1773 1565 2160 1622 ambulemuS.
2212 1566 2389 1622 Porro

271 1677 430 1714 mors
463 1665 521 1714 et
549 1656 891 1715 resurrectio
922 1656 1221 1735 christiani
1247 1657 1501 1716 hominis
1535 1657 1950 1739 metaphoricae
1979 1658 2390 1717 tantummodo

273 1761 448 1823 sunt,
488 1751 684 1832 itaque
721 1750 1151 1833 metaphoricus
1189 1773 1312 1812 esse
1359 1763 1592 1812 tantum
1638 1752 1814 1811 debet
1860 1753 2134 1833 mysticus
2178 1753 2393 1812 scilicet

275 1855 335 1903 et
358 1845 602 1903 interior
628 1844 951 1927 baptismus
972 1872 987 1920 ς
1020 1846 1178 1927 quod
1200 1859 1259 1906 et
1280 1848 1630 1926 Augustinus
1656 1847 1802 1907 vidit
1821 1893 1836 1922 7
1865 1869 1997 1907 cum
2017 1893 2033 1923 7
2075 1848 2132 1908 T
2126 1859 2274 1907 ναοί.
2298 1847 2402 1906 XI

275 1945 344 1998 iu
377 1941 559 1999 Joan.
601 1940 699 1999 illa
730 1942 942 2000 Christi
978 1941 1157 2003 verba
1194 1965 1207 2001 :
1250 1943 1398 2002 Nisi
1433 1948 1579 2022 quis
1618 1954 1904 2014 renatus,
1939 1953 2049 2003 etc.
2097 1965 2220 2002 non
2265 1964 2393 2002 car-

276 2034 516 2110 naliter,
543 2035 646 2095 sed
668 2037 1046 2117 spiritualiter
1069 2038 1586 2118 esse'intelligenda
1603 2083 1619 2113 ‚
1637 2038 1956 2098 contendit.
1981 2041 2147 2118 ErgO.

363 2133 455 2188 11.
503 2133 678 2212 Resp.
712 2133 862 2212 Ney.
902 2144 1092 2191 antec.
1139 2133 1223 2192 Ad
1280 2135 1361 2191 1m
1398 2133 1566 2215 prob.
1612 2123 1766 2193 Dixi.
1806 2135 1979 2215 Aquae
2023 2145 2082 2192 et
2120 2123 2397 2214 baptismi

280 2246 448 2284 voces
482 2225 780 2284 interdum
822 2228 885 2285 in
935 2229 1229 2308 Scriptura
1265 2228 1702 2308 methaphorice
1742 2239 2101 2307 usurpantur
2131 2271 2147 2300 7
2194 2248 2397 2293 conc..-

280 2341 512 2400 semper
546 2331 604 2379 et
639 2322 699 2378 in
742 2343 875 2379 casu
913 2333 1108 2380 nostro
1133 2368 1148 2395 7
1200 2345 1330 2400 neq.
1376 2324 1556 2400 Igitur
1604 2343 1674 2379 ex
1710 2321 1966 2398 subjecta
2010 2322 2284 2396 materia,
2325 2342 2396 2380 ex

282 2413 590 2474 collatione
620 2436 752 2473 cum
780 2415 1016 2496 reliquis
1057 2415 1311 2474 textibus
1349 2415 1637 2496 parallelis
1658 2460 1673 2490 7
1703 2427 1880 2496 atque
1916 2437 1986 2474 ex
2015 2436 2186 2474 sensu
2214 2414 2397 2473 tradi-

284 2508 490 2568 tionali
523 2521 582 2568 et
609 2510 775 2592 praxi
810 2510 1068 2589 dignosci
1098 2509 1274 2568 debet
1298 2514 1464 2588 juxta
1509 2531 1809 2588 exegeseos
1838 2529 2086 2567 canones
2117 2553 2131 2582 7
2163 2509 2397 2590 quando

283 2604 615 2663 litteraliter
631 2650 647 2679 7
673 2604 908 2685 quando
933 2604 1324 2686 metaphorice
1346 2624 1513 2663 voces
1535 2625 1566 2661 a
1586 2602 1959 2684 scriptoribus
1991 2602 2397 2662 adhibeantur.

313 2717 316 2723 ’
376 2700 469 2756 12.
517 2698 606 2757 Ad
633 2700 744 2772 2¹1¹,
777 2701 934 2758 Dist.
964 2697 1048 2756 Ad
1073 2697 1532 2780 patefaciendam
1551 2698 1843 2758 diversam
1873 2699 1992 2757 vim
2008 2708 2066 2756 et
2088 2698 2400 2757 efficaciam

289 2794 446 2852 inter
473 2791 760 2874 baptisma
795 2814 966 2851 suum
1002 2804 1060 2851 et
1086 2792 1446 2874 baptismum
1477 2791 1690 2850 Christi
1711 2838 1726 2867 7
1770 2813 1954 2875 cou0.,·
1984 2791 2058 2849 ad
2089 2791 2407 2850 excluden-

290 2888 428 2946 dam
454 2910 666 2970 aquam
692 2910 722 2946 a
755 2886 1046 2969 baptismo
1074 2887 1287 2946 Christi
1306 2933 1321 2962 7
1354 2909 1481 2967 neq.
1515 2887 1606 2944 Sic
1632 2887 1789 2945 enim
1829 2885 2006 2947 verba
2036 2888 2405 2947 Praecursoris

293 2997 352 3044 et
377 2984 592 3043 Christi
622 2985 799 3066 ipsius
829 2984 1100 3046 universa
1133 2984 1425 3043 intellexit
1455 2985 1770 3066 antiquitas
1807 2985 1916 3064 (l).

364 3177 429 3238 (1)
447 3175 1103 3241 Cfr.Bellarm.lib.DeBapt.
1121 3193 1219 3239 cap.
1239 3192 1321 3224 21.
1405 3193 1535 3224 suam
1563 3175 1729 3241 adjecit
1763 3192 1818 3223 ac
1848 3176 2182 3239 propugnavit,
2214 3189 2318 3238 quae
2344 3183 2410 3221 est

298 3257 591 3306 Recentiores
624 3259 770 3305 critici
799 3259 848 3304 in
883 3257 1083 3305 diversas
1107 3254 1322 3304 abierunt
1403 3259 1460 3306 de
1483 3258 1615 3305 donis
1636 3257 1901 3321 prodigiosis
1926 3267 2144 3322 tanquam
2174 3257 2280 3301 novi
2300 3264 2409 3301 tem-

298 3341 544 3387 sententias
591 3341 709 3386 circa
760 3339 888 3387 hunc
930 3339 1213 3404 baptismum
1262 3339 1319 3384 in
1403 3339 1467 3403 pli
1507 3341 1787 3386 ornamentis
1843 3357 1867 3386 a
1920 3337 2083 3384 Messia
2129 3335 2409 3399 proferendis

298 3419 491 3485 Spiritu
521 3419 696 3468 Sancto
715 3429 759 3468 et
782 3421 907 3484 iqui.
940 3421 1035 3468 Has
1060 3421 1244 3485 collegit
1265 3430 1310 3468 et
1390 3423 1520 3488 juxta
1546 3430 1775 3484 receptam
1807 3419 1932 3484 apud
1958 3418 2166 3466 Hebraeos
2200 3417 2409 3464 traditio·

299 3503 518 3567 expendit
531 3503 691 3552 doctus
707 3502 761 3551 Ρ.
783 3503 911 3551 Cast.
942 3501 1311 3551 Innoc.Ansaldi
1397 3520 1521 3550 nem.
1552 3501 1699 3550 Clem.
1721 3503 1844 3566 Biagi
1875 3517 1932 3550 ex
1961 3499 2072 3548 Ord.
2103 3497 2313 3546 Camald.
2352 3499 2403 3544 in

302 3582 416 3633 Ord.
473 3584 617 3633 Praed.
661 3582 732 3633 De
776 3584 1059 3649 baptismate
1094 3586 1153 3632 in
1195 3582 1316 3649 Spi-
1399 3587 1552 3641 notis,
1594 3602 1708 3649 quas
1734 3583 1957 3648 apposuit
1988 3583 2038 3627 in
2080 3596 2166 3627 sua
2200 3583 2410 3628 versione

299 3667 402 3712 ritu
428 3665 485 3714 S.
514 3674 560 3714 et
585 3667 724 3730 iqui,
755 3664 939 3715 Mediol.
978 3662 1102 3732 1752
1122 3703 1136 3727 ,
1173 3667 1223 3713 in
1257 3662 1308 3727 4.
1397 3663 1704 3713 Dictionarii
1733 3662 1870 3713 theol.
1904 3661 2089 3727 Bergier
2113 3697 2126 3720 ,
2158 3661 2215 3708 ad
2249 3677 2408 3708 vocem

301 3745 470 3796 Ceteris
484 3765 617 3813 porro
631 3750 866 3798 sententiis
880 3748 1104 3809 refutatis,
1122 3746 1313 3796 Ansaldi
1397 3748 1662 3797 Batcesimo
1700 3781 1718 3808 ‚
1786 3745 1923 3794 aliam
1987 3745 2408 3808 interpretationem
