2502 4186
573 267 694 308 cAr.
739 269 821 307 1v.
870 269 938 304 nu
981 264 1284 317 mmmm-E,
1327 259 1478 302 vocn
1508 283 1523 314 .‚
1568 260 1689 297 Ere.
1827 232 1830 236 ⁴
2076 232 2191 296 351

70 406 298 498 ¹priam3
337 411 494 472 aliud
524 433 661 470 vero
691 410 1032 492 permittere
1053 452 1068 480 ,
1100 417 1168 464 ut
1185 404 1394 483 linguae
1415 400 1642 482 jamdiu
1670 411 1913 481 receptae
1926 400 1988 458 in
2011 401 2194 460 Sacris

76 508 350 569 faciendis
373 507 501 566 ideo
540 504 807 565 succedat
837 503 945 563 alia
969 502 1165 582 lingua
1186 544 1201 573 ‚
1240 500 1376 579 quia
1403 496 1563 576 prior
1595 493 1693 553 illa
1717 494 1887 553 desiit
1905 541 1920 569 ‚
1956 495 2077 555 haec
2098 517 2194 555 au-

75 616 202 664 tem
220 605 397 686 coepit
422 624 544 662 esse
575 600 851 681 vulgaris,
886 601 1020 658 Jam
1045 617 1183 657 vero
1206 594 1464 676 primum
1490 590 1637 650 illud
1653 592 2067 672 permiserunt,
2094 592 2193 673 qui

72 699 148 759 ab
169 698 514 759 adversariis
549 695 870 754 laudantur
889 740 904 767 a
933 692 1238 752 Pontifices
1254 713 1273 766 3
1301 687 1550 757 minime
1580 707 1720 746 vero
1751 685 1861 745 hoc
1902 686 2153 747 alterum
2175 732 2193 755 ,

72 793 231 876 quod
270 796 332 852 in
363 791 669 873 praesentia
713 812 817 850 nos
851 788 1190 871 quaerimu8‚
1235 795 1410 864 atque
1444 803 1477 841 a
1516 781 1873 840 Tridentinis
1919 782 2186 841 Patribus

71 899 493 973 pertractatum
532 898 637 946 est.
691 888 771 944 Ex
807 885 916 943 hac
962 902 1136 965 porro
1185 878 1593 939 observatione
1643 888 1832 953 cetera
1877 889 2192 951 corruunt,

70 1005 200 1066 quae
231 982 401 1060 objici
431 983 620 1041 solent
662 980 734 1040 ab
760 978 1102 1064 adversariis
1126 1021 1141 1050 7
1185 996 1249 1034 ac
1278 986 1563 1056 petuntur
1596 972 1670 1032 ab
1705 973 1958 1054 antiquis
1999 974 2194 1032 Litur-

71 1081 209 1158 giis,
251 1099 381 1159 quae
424 1079 486 1136 in
526 1077 698 1136 variis
732 1073 980 1154 linguis,
1027 1071 1351 1153 praesertim
1386 1069 1543 1152 apud
1592 1067 1901 1128 orientales
1946 1079 2194 1151 receptae

70 1185 208 1233 sunt
239 1174 350 1253 (l).

873 1292 1282 1347 PROPOSITIO
1320 1293 1389 1345 ΙΙ.

310 1427 448 1486 Non
489 1430 697 1486 omnia
740 1430 811 1484 in
853 1425 1046 1486 Missa
1090 1425 1216 1482 alta
1259 1443 1391 1481 voce
1433 1433 1582 1481 sunt
1619 1420 1957 1480 recitanda.

149 1616 286 1675 396.
334 1617 460 1674 Hoc·
491 1615 710 1695 pariter
734 1613 1020 1672 sancitum
1061 1623 1148 1670 est
1187 1612 1249 1668 in
1297 1609 1932 1669 Concilio-Tridentino
1961 1655 1978 1685 ,
2036 1612 2195 1692 quod

65 1712 160 1771 cit.
200 1733 339 1770 sess,
381 1711 575 1783 XXII,
630 1729 754 1789 cap.
796 1710 873 1781 V,
920 1708 998 1765 sic
1031 1706 1210 1765 habet
1244 1728 1258 1763 :
1303 1705 1457 1767 Cam
1494 1716 1725 1765 natura
1767 1708 2085 1767 hominnm
2124 1730 2195 1767 ea

63 1813 147 1866 cit
163 1850 186 1878 ,
225 1817 297 1864 ut
334 1827 452 1863 non
476 1806 661 1882 facile
680 1813 862 1882 queat
889 1806 1018 1861 sine
1042 1803 1439 1860 adminiculis
1454 1803 1848 1862 exterioribus
1871 1804 1959 1862 ad
1985 1825 2194 1864 rerum

58 1904 422 1961 divinarum
455 1900 899 1957 meditationem
921 1899 1153 1956 sustolli
1163 1923 1188 1972 ‚-
1221 1907 1541 1977 propterea
1554 1903 1672 1977 pia
1703 1910 1896 1957 mater
1918 1899 2192 1959 Ecclesia

61 2001 219 2055 ritas
260 1996 589 2074 quosdam,
634 2004 703 2052 nt
738 1995 965 2052 scilicet
1016 1994 1294 2070 qaaedam
1337 1993 1641 2051 submissa
1682 2014 1844 2065 voce,
1890 1995 2018 2052 alia
2060 2016 2192 2057 vero

61 2094 300 2151 elatiore
329 2096 398 2149 in
433 2094 619 2148 Missa
642 2093 1251 2168 pronunciarentur,
1282 2091 1572 2146 institnit.
1612 2089 1681 2147 Et
1714 2088 1990 2148 adversus
2015 2112 2193 2151 nova-

46 2194 218 2247 “tores
253 2187 412 2245 hunc
440 2207 725 2244 canonem
763 2187 839 2244 IX
882 2183 1066 2244 edidit
1101 2206 1115 2242 z
1165 2186 1238 2242 Si
1271 2188 1411 2264 quis
1445 2185 1708 2257 dixerit,
1750 2186 2035 2255 Ecclesiae
2064 2189 2192 2248 Ro-

62 2305 262 2342 manae
296 2287 521 2357 ritum,
555 2303 669 2360 quo
711 2283 1014 2340 submissa
1047 2301 1177 2339 voce
1199 2270 1353 2360 pars
1396 2285 1647 2339 canonis
1688 2292 1743 2339 et
1779 2284 1958 2341 verba
1999 2305 2190 2342 conse-

61 2383 353 2438 crationis
367 2381 815 2458 proferuntur,
837 2377 1265 2435 damnandum
1293 2398 1478 2435 esse...
1509 2377 1832 2436 anathema
1850 2383 1945 2438 sit.
1976 2380 2190 2439 Mirum

67 2473 316 2556 proinde
352 2484 486 2553 post
514 2472 634 2531 haec
664 2471 851 2532 videri
873 2483 1098 2554 potest7
1130 2471 1288 2553 quod
1305 2472 1563 2554 synodus
1599 2473 1961 2532 pistoriensis
1989 2475 2050 2532 in
2085 2476 2184 2535 cit.

66 2590 305 2651 propos,
341 2567 647 2641 ostendat,
690 2588 757 2626 sev
784 2588 1026 2649 cupere,
1073 2579 1138 2625 ut
1173 2568 1424 2646 Liturgia
1459 2569 1617 2627 elata
1665 2590 1799 2627 voce
1830 2570 2183 2651 proferatur.

65 2667 202 2738 Quae
237 2666 554 2747 propositio
588 2675 897 2746 propterea
931 2677 998 2724 ut
1028 2670 1390 2736 temeraria,
1428 2670 1493 2723 in
1527 2667 1862 2724 Ecclesiam
1888 2678 2186 2727 contame-

64 2764 213 2820 liosa
227 2804 247 2831 ,
274 2764 487 2840 favens
512 2762 927 2820 haereticoram
961 2766 1024 2819 in
1065 2782 1196 2819 eam
1227 2764 1541 2837 conviciiS,
1576 2760 1851 2821 damnata
1881 2774 2001 2822 est„
2078 2766 2081 2768 ’

151 2856 289 2915 397.
339 2856 571 2931 Causae,
601 2879 729 2938 quae
752 2841 1068 2917 moverunt
1097 2856 1408 2939 Ecclesiam
1444 2856 1697 2922 adhunc
1726 2858 1907 2916 ritum
1944 2880 2189 2926 servan-r

69 2952 231 3026 dum,
261 2963 398 3010 sunt
426 2974 439 3009 ε
477 2953 537 3009 1⁰
560 2951 896 3034 exemplum
928 2953 1138 3016 veteris
1164 2952 1302 3031 legis
1325 2998 1340 3026 ,
1369 2953 1432 3010 in
1469 2974 1584 3033 qua
1614 2975 1685 3013 ex
1704 2955 1807 3013 Dci
1828 2955 2006 3034 ipsius
2023 2960 2187 3032 jussu

67 3047 234 3132 plura
267 3069 297 3106 a
341 3046 742 3106 Sacerdotibus
785 3047 1065 3108 submissa
1108 3069 1280 3122 voce,
1319 3049 1437 3106 imo
1486 3069 1596 3107 nec
1641 3048 1879 3110 vidente
1928 3050 2186 3132 populo,

1 3192 9 3206 .
67 3141 364 3202 recitanda
394 3141 1021 3223 erant('2).2⁰Antiqua
1048 3143 1355 3219 institutio,
1380 3143 1453 3202 de
1471 3165 1583 3225 qua
1607 3143 1777 3226 plura
1800 3158 2188 3206 monumenta

137 3332 201 3397 (l)
252 3332 351 3380 Cfr.
406 3333 575 3380 Bened.
633 3328 738 3392 xiv,
780 3331 854 3381 De
902 3333 1078 3399 Sacris:
1161 3337 1369 3385 eamdem
1398 3338 1676 3385 cantilenam
1708 3340 1908 3399 cecinit,
1934 3339 2064 3404 quod
2096 3339 2188 3387 Ro-

70 3415 239 3462 ]Uissae
260 3452 272 3473 ‚
304 3413 383 3462 lib.
414 3432 446 3463 11
466 3452 478 3474 ‚
512 3432 644 3480 capp.
683 3431 758 3462 202v
780 3426 823 3463 et
855 3415 918 3463 23
941 3433 953 3477 ;
992 3433 1080 3465 nec
1162 3434 1297 3467 mana
1321 3419 1521 3467 Ecclesia
1540 3422 1587 3466 in
1613 3418 1759 3468 Sacris
1779 3421 1988 3486 quotidie
2023 3429 2189 3469 utatur

70 3514 165 3545 non
205 3498 374 3562 Joseph
414 3497 586 3556 Isotta,
622 3499 672 3544 in
713 3498 891 3544 dissert.
936 3496 1081 3545 Bella
1160 3498 1329 3564 linqua
1342 3500 1520 3566 populo
1547 3502 1959 3565 incoqnita.Diss.
1993 3501 2071 3549 De
2086 3501 2184 3549 reb.

70 3575 228 3626 Messa
249 3582 306 3626 in
335 3579 502 3643 linqua
525 3577 734 3642 volqare‚
762 3588 847 3627 ete.
889 3578 1078 3627 Vercel-
1161 3580 1327 3647 liturq.
1362 3601 1464 3648 cap.
1506 3600 1585 3632 πο.

67 3659 126 3718 li,
168 3657 312 3724 1788.
345 3661 425 3708 His
458 3661 604 3725 adjice
630 3695 644 3722 ‚
678 3676 780 3726 quae
804 3660 960 3708 scribit
1000 3660 1078 3709 Cl.
1148 3729 1152 3732 .
1230 3664 1303 3725 (2)
1337 3663 1433 3712 Cfr.
1457 3664 1671 3714 Bellarm.
1703 3661 1958 3712 De-Euoh.
1991 3663 2077 3713 lib.
2099 3682 2145 3714 vr
2165 3703 2179 3726 ‚

72 3737 348 3790 Muratorius
378 3743 591 3792 adversus
623 3742 930 3807 Binghamum
952 3780 965 3804 ‚
999 3745 1080 3809 qui
1162 3746 1244 3810 qui
1269 3757 1336 3794 est
1359 3763 1394 3793 ιι
1422 3745 1502 3795 De
1517 3745 1698 3810 Sacrifi
1721 3762 1826 3811 cap.
1865 3761 1920 3793 12
1941 3783 1955 3807 ‚
1979 3763 2031 3796 n.
2056 3744 2108 3797 5.
