2502 4186
717 279 836 316 cn.
883 280 947 317 11.
994 280 1061 315 mi
1103 271 1502 316 communius.
2044 253 2162 313 403

68 434 235 495 votot,
272 432 399 480 tum
426 421 602 480 etiam
634 419 767 501 quia
792 420 978 479 forma
1008 417 1386 477 absolutionis
1415 428 1538 475 tam
1576 416 1826 496 primam
1866 439 2043 499 quam
2069 440 2163 479 se·
2215 443 2220 448 ·

66 517 317 577 cundam
356 527 456 576 aut
488 516 720 575 tertiam
759 515 1157 575 remissionem
1197 534 1305 594 pro
1331 510 1573 590 subjecti
1605 514 1921 592 capacitate
1948 514 2173 595 signifi-

63 622 190 685 cat3
231 623 358 670 tum
390 611 639 692 denique
685 611 818 691 quia
845 615 1010 688 juxta
1060 610 1121 667 S.
1155 608 1440 667 Thomam
1481 607 1727 690 perinde
1765 608 1964 670 valent
1993 608 2172 671 verba

65 706 195 786 Eyo
220 716 270 764 te
293 706 521 764 absolvo
543 725 608 762 ac
633 706 1090 763 Sacramentum
1113 703 1501 761 absolutionis
1527 701 1634 760 tibi
1660 701 1940 783 impendo
1967 704 2087 785 (1),
2109 704 2171 764 id

67 811 154 859 est
172 845 187 874 ‚
212 820 318 881 per
337 820 404 858 ea
426 799 777 877 significatur
803 797 1122 873 visibiliter,
1147 794 1302 878 quod
1325 795 1695 856 invisibiliter
1711 798 1862 856 Deus
1880 802 2007 876 jam
2035 820 2170 881 ope·

67 907 232 977 ratus
263 905 350 953 est
377 915 474 953 seu
504 904 798 975 operatur.
2050 935 2055 939 -

147 990 244 1048 89.
290 987 378 1048 Ad
413 987 498 1046 31¹²
518 1034 533 1063 7
560 990 718 1048 Dis-t.
747 986 932 1047 Debet
954 985 1279 1068 praecedere
1308 986 1580 1046 contritio
1612 995 1712 1045 aut
1741 985 1990 1045 charitas
2020 988 2174 1068 prio-

66 1085 236 1143 ritate
275 1104 459 1142 causae
490 1093 548 1142 et
580 1093 802 1142 naturae
825 1125 848 1154 ,
889 1101 1078 1148 conc.‚·
1124 1081 1423 1163 prioritate
1458 1081 1739 1162 temporis
1761 1126 1776 1154 ,
1824 1101 1950 1160 neq.
1997 1082 2173 1140 Actus

67 1179 224 1238 enim
259 1178 623 1237 contritionis
656 1176 752 1238 vel
796 1176 1091 1235 charitatis
1122 1186 1210 1235 est
1239 1175 1447 1235 ultima
1478 1174 1779 1257 dispositio
1819 1174 1895 1234 acl
1931 1176 2174 1255 gratiam

65 1284 124 1332 et
158 1273 556 1332 remissionem
586 1282 955 1352 peccatorum
997 1270 1491 1351 consequendam.

850 1404 1255 1501 rRoposlTlo
1305 1449 1399 1502 III.

171 1607 273 1667 Ad
303 1608 760 1666 Sacramentum
786 1605 1162 1663 Poeni'tentioe
1200 1608 1315 1679 rite
1356 1605 1806 1683 suscipiendum
1839 1625 1957 1665 non
1992 1617 2076 1664 est

480 1704 810 1759 necessaria
838 1698 1127 1758 vcontritio
1167 1699 1458 1757 charitate
1490 1702 1778 1777 perfecta.

147 1889 243 1949 90.
289 1890 426 1947 Haec
475 1885 831 1969 propositi0‚
881 1906 1010 1967 quae
1050 1885 1313 1967 sequitur
1354 1906 1425 1945 ex
1463 1885 1861 1967 praecedente,
1917 1888 2178 1968 ejusdem

70 1981 432 2044 certitudinis
457 1993 545 2041 est
561 2027 575 2055 a
601 1980 924 2062 praesertim
946 1990 1077 2061 post
1097 1980 1270 2039 Conc.
1297 1978 1454 2038 Trid.
1486 1982 1604 2040 Nec
1628 1981 1788 2040 enim
1811 1982 2174 2062 ignoramus,

68 2102 101 2139 a
122 2077 416 2140 veteribus
436 2075 788 2136 scholasticis
805 2086 943 2135 ante
960 2074 1370 2135 Tridentinum
1385 2119 1402 2149 ,
1433 2074 1641 2136 saltem
1663 2098 1846 2159 usque
1862 2077 1938 2136 ad
1957 2080 2015 2138 S.
2031 2079 2179 2139 Tho-

68 2196 227 2233 mam
258 2218 274 2247 ,
312 2173 527 2254 passim
551 2180 975 2252 propugnatam
1009 2169 1182 2228 fuisse
1210 2169 1572 2229 contritionis
1612 2171 1880 2252 perfectae
1918 2175 2172 2233 necessi-

72 2278 253 2326 tatem
293 2265 368 2324 ad
403 2263 846 2347 percipiendum
881 2285 1014 2322 cum
1049 2264 1241 2323 fructu
1279 2265 1718 2324 Sacramentum
1759 2267 2129 2326 Poenitentiae
2157 2313 2175 2342 ‚

75 2381 567 2441 communemque
594 2358 750 2441 apud
792 2357 922 2417 illos
937 2356 1101 2442 'hanc
1133 2359 1306 2418 fuisse
1335 2357 1659 2419 doctrinam
1685 2359 1895 2441 (2).1n
1920 2360 2175 2420 Concilio

77 2469 274 2516 tamen
302 2455 645 2515 Tridentino
683 2454 992 2535 quaesitum
1029 2464 1116 2512 est
1153 2454 1299 2512 serio
1336 2452 1400 2512 in
1429 2453 1711 2532 ejusmodi
1742 2455 2079 2537 opinionem
2103 2454 2179 2516 ob

77 2551 452 2624 affinitatem,
489 2572 663 2631 quam
702 2569 819 2630 prae
853 2570 913 2608 se
942 2548 1092 2607 ferre
1129 2547 1435 2609 videbatur
1463 2570 1598 2608 cum
1618 2547 1919 2629 ferroribus
1948 2553 2181 2610 Protes-

78 2648 330 2706 tantium
351 2690 366 2718 ,
394 2644 551 2726 quod
581 2643 797 2703 scilicet
823 2665 854 2702 a
879 2642 1279 2702 Sacerdotibus
1309 2665 1430 2702 non
1457 2643 1646 2725 reipsa
1674 2645 2051 2703 remittantur
2075 2666 2181 2726 per

81 2739 259 2802 verba
287 2738 664 2798 absolutionis
693 2738 1002 2796 hominum
1025 2748 1259 2820 peccata
1279 2782 1294 2812 ,
1321 2736 1424 2797 sed
1444 2737 1635 2796 solum
1662 2736 2032 2798 declarentur
2057 2759 2181 2798 esse

83 2834 319 2894 remissa
347 2833 456 2913 (3).
487 2833 660 2893 Nulla
696 2844 895 2892 tamen
919 2854 1160 2892 censura
1186 2834 1381 2892 Patres
1408 2832 1739 2892 Tridentini
1762 2833 1925 2893 illam
1951 2844 2184 2894 senten-

86 2931 227 2988 tiam
266 2929 732 3010 perstrinxerunt
753 2973 770 3004 ,
805 2949 881 2987 ne
914 2926 1207 2990 veteribus
1232 2926 1345 2986 illis
1375 2938 1577 2998 notam
1613 2928 1820 2988 erroris
1849 2928 2172 2988 inurerent.

160 3171 228 3235 (1)
266 3172 319 3220 Ρ.
364 3172 427 3231 3,
472 3188 521 3236 q.
567 3167 667 3234 84,
706 3179 794 3220 art.
840 3171 902 3230 3,
945 3171 1002 3219 ad
1046 3169 1095 3219 5.
1180 3189 1311 3237 seqq.
1343 3181 1441 3219 tum
1489 3173 1540 3219 in
1573 3187 1651 3236 op.
1696 3170 1775 3220 De
1814 3172 2099 3220 contritione
2142 3180 2188 3220 et

164 3252 230 3316 (2)
263 3251 411 3300 Nimis
440 3251 629 3316 longum
671 3260 788 3300 esset
821 3252 936 3300 velle
959 3253 1100 3299 etiam
1180 3253 1421 3301 attritione
1464 3253 1735 3301 emer-citatio
1765 3252 2186 3302 historico-theolo-

94 3353 174 3401 per
205 3351 385 3381 summa
421 3335 570 3398 capita
610 3343 814 3382 veterum
862 3332 1100 3381 scholasti-
1178 3336 1318 3398 qim,
1347 3342 1467 3399 part.
1518 3349 1535 3381 1
1554 3371 1567 3393 ‚
1618 3333 1699 3383 De
1729 3342 1882 3383 mente
1921 3333 2189 3384 Doctorum

95 3433 255 3464 corum
284 3415 447 3479 placita
467 3415 638 3463 referre
659 3450 675 3474 ‚
696 3430 783 3462 nec
806 3413 901 3462 ulla
931 3414 1101 3464 utilitas
1181 3415 1582 3484 scholasticarum.
1640 3415 1745 3466 Non
1783 3427 1939 3467 tamen
1972 3420 2071 3466 sine
2101 3417 2189 3466 ali-

100 3498 264 3546 exinde
300 3507 583 3562 sequeretur.
617 3496 708 3561 Qui
747 3506 899 3544 tamen
932 3505 1107 3561 optaret
1188 3517 1280 3565 quo
1309 3499 1488 3547 delectu
1516 3497 1768 3547 doctissimi
1786 3495 1926 3564 hujus
1945 3498 2029 3547 viri
2052 3512 2188 3562 opera

35 3609 39 3615 -
101 3579 188 3626 sibi
217 3579 398 3643 plenam
430 3579 486 3626 de
520 3576 610 3625 illis
637 3580 944 3643 cognitionem
977 3594 1107 3625 com·
1189 3576 1277 3645 legi
1306 3579 1495 3628 debent.

101 3677 257 3724 parare
272 3698 285 3720 ,
313 3659 520 3708 consulat
540 3659 777 3707 Morinum
798 3697 810 3720 ,
832 3670 932 3707 tum
953 3661 1004 3707 in
1030 3676 1108 3723 op.
1259 3660 1322 3724 (3)
1357 3661 1454 3713 Cfr.
1479 3660 1620 3711 Card.
1640 3659 1857 3709 Pallavic.
1888 3675 1966 3723 op.
1984 3659 2065 3710 cit.
2083 3674 2190 3723 cap.

102 3739 182 3788 De
216 3742 533 3806 poenitentia,
568 3740 654 3791 lib.
692 3757 790 3805 vlu,
838 3757 941 3805 cap.
990 3755 1019 3787 2
1069 3749 1113 3789 et
1201 3757 1353 3804 12,n.
1384 3739 1438 3792 6.

1882 3817 1982 3877 26.
