2502 4186
2154 259 2229 318 69

651 281 771 319 CAP.
815 282 873 320 V·
921 282 991 319 DE
1036 277 1399 318 NECESSITATE
1439 277 1711 316 BAPTISMI.

146 481 149 486 ,
220 431 356 490 153.
403 433 490 492 Ad
512 434 623 508 2¹¹²,
659 434 805 513 Ney.
833 432 920 492 Ad
947 420 1248 490 lud-autem
1277 430 1442 511 prob.
1486 430 1864 512 Respondeo,
1900 430 2029 491 illos
2056 444 2222 494 natos
2263 446 2267 449 “

136 547 259 586 esse
295 528 609 586 censendos
637 573 651 601 ,
702 530 833 607 qui,
863 528 1124 608 quamvis
1146 525 1206 581 in
1232 524 1419 583 lucem
1460 526 1723 584 nondum
1756 525 1929 599 editi,
1967 535 2226 587 attamen

135 623 397 702 concepti
435 633 570 679 sunt
597 632 654 679 et
681 623 885 679 anima
904 617 1173 703 vivifiea-ti·
1199 662 1214 690 a
1255 627 1320 674 ut
1346 618 1507 698 patet
1535 639 1603 676 ex
1633 619 1838 677 Matth.
1874 623 1933 693 Ι,
1966 618 2084 693 2ος
2117 642 2225 680 nec

134 726 354 788 tamen,
387 736 515 772 cum
542 714 789 774 infantes
804 713 1067 772 inluce‘n'i
1094 711 1409 791 prodeunt,
1441 711 1548 770 dici
1575 723 1819 793 possunt
1841 713 2035 772 denuo
2060 716 2220 791 nati,

131 809 211 866 ita
255 819 320 865 ut
367 809 531 866 tertia
580 810 850 867 nativitas
903 808 1008 866 dici
1058 803 1307 879 debeat,
1355 826 1531 886 quam
1583 806 1690 886 ipsi
1718 828 1823 886 per
1863 810 2223 896 Baptismum

130 901 415 960 obtinent.
457 903 785 961 Communi*
820 902 969 961 e‘n‘i'm
1017 898 1288 979 loquendi
1355 922 1459 957 usu
1486 945 1502 973 .,
1563 921 1694 958 cum
1734 901 1985 959 infantes
2042 903 2104 960 in
2144 903 2228 961 lu-

129 1017 254 1055 cem
286 997 576 1071 eduntur,
616 1009 782 1056 tunc*
805 995 1058 1076 primum
1105 993 1375 1051 dicuntur
1419 996 1578 1052 nasci
1609 1040 1624 1069 7
1675 995 1805 1075 quia
1849 997 2101 1075 perfecta
2139 1008 2226 1055 est

124 1091 382 1171 ipsorum
423 1093 692 1152 nativitas
726 1099 796 1148 et‘-
825 1087 1152 1168 completa;
1198 1099 1399 1146 contra
1446 1110 1587 1147 vero
1627 1089 1688 1146 in
1739 1092 2117 1171 conceptione
2165 1101 2224 1148 et

124 1207 425 1266 progressu
448 1209 566 1244 non
586 1195 671 1244 est
697 1182 805 1239 nisi
836 1182 1101 1240 inchoata
1126 1193 1186 1240 et
1216 1183 1574 1262 imperfecta.
1619 1183 1889 1242 Ceterum
1918 1186 1980 1242 S.
2015 1186 2226 1264 Angus-

122 1282 278 1338 tinus
318 1280 447 1339 ideo
495 1280 599 1337 loc.
654 1277 750 1335 cit.
803 1276 1126 1351 inficiatur,
1179 1288 1387 1334 natum
1419 1277 1530 1335 dici
1561 1298 1768 1358 posse,
1814 1279 1912 1358 qui
1940 1278 2223 1347 >nondum

125 1374 311 1432 editus
336 1386 421 1433 est
444 1417 462 1446 ,
505 1382 570 1428 nt
596 1370 874 1429 ‘adstruat
918 1372 1188 1451 praecise,
1228 1358 1385 1451 quod
1418 1393 1524 1430 nos
1565 1371 1925 1430 intendimus
1954 1418 1969 1446 .,
2007 1393 2222 1452 nempe

120 1468 278 1526 nulla
314 1467 531 1526 ratione
562 1486 766 1545 possea,
804 1466 850 1522 si
889 1465 1237 1524 miraculum
1269 1466 1515 1547 excipias
1541 1510 1557 1540 7
1594 1468 1929 1548 quempiam
1972 1467 2219 1526 sanctifi-

121 1562 230 1622 ca'ri
268 1563 329 1619 in
360 1571 528 1617 utero
562 1570 826 1617 materno
858 1559 970 1638 (l).

199 1655 334 1712 154.
382 1653 470 1712 Ad
505 1653 586 1711 3¹1¹
613 1698 628 1727 ‚
670 1654 828 1732 Neq-
857 1654 1313 1734 suppositionem
1355 1652 1816 1713 adversariorum
1841 1699 1861 1729 τ
1896 1653 2071 1715 verba
2114 1657 2225 1714 sci-

112 1749 241 1808 licet
262 1748 472 1808 Christi
491 1748 513 1823 ‚⁷
532 1747 712 1820 relate
728 1748 803 1807 ad
825 1748 1075 1807 infantes
1097 1739 1313 1807 habere
1335 1749 1628 1808 rationem
1636 1755 1932 1828 praecepti
1940 1754 2225 1829 positivi,

110 1927 147 1975 si
174 1944 280 1975 vero
297 1928 518 1990 practice,
539 1944 619 1975 seu
637 1964 650 1985 ‚
677 1936 729 1974 ut
743 1928 870 1974 aiunt
889 1963 902 1985 ‚
925 1926 1113 1974 incon·
1193 1925 1409 1972 homines
1438 1941 1646 1972 essenon
1670 1933 1874 1990 possunt
1890 1942 1910 1986 ‚⁴
1937 1935 1980 1974 et
2008 1943 2060 1973 n.
2100 1926 2164 1974 33
2200 1944 2214 1974 τ

107 2016 230 2056 creto
250 2044 264 2069 ‚
282 2006 456 2055 nul-lius
487 2010 708 2056 momenti
737 2025 832 2055 esse
857 2007 1116 2071 deprehen-

110 2088 251 2137 ditur.
272 2089 489 2154 Quamvis
511 2093 635 2138 enim
663 2107 757 2137 non
775 2089 1080 2136 abnueremus
1102 2125 1114 2148 ,

112 2171 252 2218 solam
289 2171 429 2218 fidem
470 2176 725 2235 parentum'
752 2172 857 2217 filiis
893 2171 1118 2234 profuisse

111 2243 404 2316 absque'ulla
438 2262 620 2299 externa
652 2251 982 2314 applicatione,
1014 2254 1116 2314 quis

109 2342 264 2389 tamen
312 2334 519 2395 ignorat,
563 2334 749 2379 nonnisi
775 2330 1076 2395 paucissimos
1099 2369 1112 2390 ‚

108 2414 251 2460 fidem
272 2416 593 2461 intemeratam
629 2429 827 2461 servasse
846 2449 858 2472 ,
899 2431 1038 2477 quam
1061 2429 1114 2459 ex

109 2498 229 2543 avita
261 2494 512 2541 traditione
546 2502 843 2558 perceperant
876 2497 925 2539 in
965 2493 1114 2541 Deum

108 2586 356 2624 creatorem
403 2592 456 2622 ac
500 2577 837 2638 reparatorem?
882 2573 1000 2620 Sane
1041 2578 1112 2622 vix

106 2657 201 2704 ulla
219 2658 402 2719 vestigia
427 2656 568 2720 hujus
587 2655 688 2703 fidei
713 2664 976 2719 repererunt
991 2656 1113 2718 apud

109 2738 620 2789 infidelesmissionarii
640 2737 706 2783 illi
729 2773 741 2797 ‚
775 2738 857 2801 qui
897 2738 1031 2799 primi
1056 2737 1114 2783 ad

112 2817 294 2865 illorum
319 2836 420 2865 oras
442 2818 738 2880 appulerunt.
771 2817 927 2875 Adde,
952 2817 1027 2864 hio
1045 2818 1115 2880 agi

112 2898 169 2945 (le
196 2898 448 2946 infantibus
472 2902 567 2963 jam
596 2901 645 2945 in
672 2899 822 2946 lucem
854 2899 1023 2959 editisv3
1058 2898 1115 2945 de

112 2981 269 3027 ceteris
298 2997 400 3026 vero
427 2997 561 3026 nemo
584 2990 651 3027 est
677 2997 732 3026 ex
756 2980 1008 3038 veteribus,
1035 2981 1116 3044 qui

113 3060 260 3108 tradat
292 3062 400 3122 ipsis
429 3061 646 3121 profuisse
686 3069 926 3124 parentum
961 3059 1115 3108 fidem.

182 3141 244 3202 (l)
285 3139 336 3186 ld
358 3146 474 3203 patet
492 3158 545 3187 ex
562 3151 654 3188 toto
677 3152 911 3188 contextu.
942 3140 1119 3188 Juverit

112 3231 268 3270 tamen
310 3220 534 3266 nonnulla
568 3237 620 3268 ex
653 3223 831 3286 obj<30to
869 3222 969 3269 loco
1013 3239 1119 3286 pro-

102 3303 263 3360 ferre,
315 3311 365 3348 ut
408 3302 548 3363 magis
587 3312 759 3350 constet
801 3303 858 3349 de
906 3319 1121 3366 germana

114 3381 164 3432 S.
209 3383 414 3430 Doctoris
441 3390 610 3428 mente.
658 3379 734 3427 Sic.
772 3384 908 3445 igitur
945 3384 1120 3443 scribit,

1202 2008 1260 2054 Si
1279 2008 1431 2070 iqieur
1453 2006 1588 2054 homo
1610 2009 1887 2070 reqenerari
1903 2024 1994 2072 per
2006 2008 2216 2070 qratiam

1197 2086 1413 2154 Spiritus
1437 2091 1494 2136 in
1518 2098 1648 2136 utero
1669 2098 1821 2153 potest
1836 2126 1848 2147 ,
1869 2090 2095 2152 quoniam
2115 2104 2215 2135 res-

1197 2178 1268 2217 tat
1293 2170 1367 2217 illi
1404 2170 1560 2217 adhuc
1587 2172 1758 2227 nasci,
1796 2170 2071 2217 renascitur
2108 2185 2219 2233 erqo

1199 2259 1311 2298 ante
1337 2268 1481 2314 quam
1510 2253 1766 2310 nascitur3
1797 2246 1927 2314 quod
1942 2251 2056 2313 ficri
2083 2248 2215 2297 nullo

1197 2331 1335 2378 modo
1371 2339 1538 2395 potest.
1585 2331 1803 2378 Proinde
1848 2333 1906 2378 in
1947 2347 2215 2395 compaqem

1196 2413 1406 2476 corporis
1452 2411 1637 2459 Chris-ei
1676 2421 1907 2475 tanquam
1949 2413 2006 2459 ‘in
2052 2414 2212 2459 vivam

1196 2501 1486 2539 structuram
1510 2491 1673 2555 templi
1705 2491 1800 2539 Dei
1817 2530 1830 2550 ‚
1861 2509 1967 2556 quw
2002 2501 2070 2539 est
2105 2495 2210 2556 ejas

1196 2572 1436 2632 Ecclesia,
1481 2576 1588 2621 nati
1615 2573 1888 2626 homines...
1920 2574 2222 2622 renascendo-

1189 2672 1280 2720 per
1317 2657 1526 2717 qratiam
1568 2656 1931 2718 transferuntur
1972 2664 2209 2718 tanquam

1197 2736 1253 2782 de
1287 2752 1444 2782 massa
1488 2737 1645 2782 ruinae
1688 2735 1751 2783 ad
1800 2735 2000 2798 (edificii
2031 2737 2203 2798 firma-

1196 2825 1427 2864 mentum.
1450 2816 1643 2862 Praeter
1667 2815 1752 2863 hoc
1770 2817 1900 2863 enim
1919 2816 2206 2877 aedificium,

1197 2898 1320 2962 quod
1371 2896 1738 2958 beatificandum
1799 2898 2094 2944 construitur
2145 2896 2211 2944 ad

1198 2988 1424 3027 (aternam
1461 2977 1802 3025 beatitudinem
1827 2978 1926 3026 Dei
1947 3014 1959 3034 ‚
1988 2979 2087 3024 vita
2114 2976 2201 3023 Ιιο-

1198 3062 1349 3107 mim's
1366 3060 1520 3107 omnis
1541 3059 1712 3122 infeli-‘c
1729 3093 1741 3116 ,
1762 3068 1804 3105 et
1821 3074 1945 3105 mors
1960 3066 2029 3104 est
2037 3059 2204 3122 potius

1200 3141 1484 3207 appellanda
1511 3157 1655 3204 quam
1686 3142 1798 3187 vita.
1837 3138 2066 3202 Quisquis
2102 3154 2210 3201 erqo

1200 3223 1541 3270 habitabitara
1567 3221 1672 3268 Deo
1691 3258 1703 3278 ‚
1726 3237 1786 3268 ne
1808 3222 1883 3266 ira
1906 3219 2005 3266 Dei
2023 3226 2212 3266 maneat

1203 3321 1344 3369 super
1370 3320 1477 3350 eum
1496 3340 1508 3362 ‚
1549 3303 1609 3350 ab
1642 3302 1727 3349 hoc
1769 3318 1960 3366 corpore
1980 3337 1992 3360 ,
2040 3299 2098 3347 ab
2129 3298 2214 3347 hoc

1204 3384 1403 3450 templo,
1462 3384 1522 3430 ab
1579 3384 1666 3431 hac
1721 3384 1913 3430 civitate
1971 3397 2067 3428 non
2126 3379 2217 3427 erit

113 3463 280 3528 Epist.
313 3466 390 3510 cit.
424 3480 471 3508 n.
518 3462 577 3508 32
618 3478 630 3507 :
665 3458 759 3507 Illa
784 3465 1124 3529 sanctificatio,
1207 3466 1406 3518 alienus.
1458 3465 1634 3512 Omnis
1679 3475 1835 3513 autem
1875 3480 1973 3511 ‘non
2015 3469 2210 3509 renatus

115 3561 210 3609 qua
247 3544 476 3608 efficimur
503 3551 546 3589 et
576 3541 761 3605 sinquli
790 3542 960 3605 templa
987 3543 1091 3602 Dei
1112 3581 1139 3605 ,.
1208 3548 1395 3596 alienus
1423 3555 1506 3596 est.
1541 3547 1639 3612 Qua
1675 3550 1812 3611 igitur
1846 3548 2018 3594 ratione
2059 3541 2212 3590 afferri

123 3634 169 3674 et
198 3629 254 3675 in
282 3643 435 3673 unum
464 3643 623 3673 omnes
642 3624 864 3691 templum
885 3625 1016 3688 Dei,
1036 3643 1132 3675 non
1209 3640 1354 3694 potest
1382 3633 1626 3678 auctoritas
1657 3628 1705 3680 S.
1732 3627 1973 3692 Augustini
1999 3640 2083 3690 pro
2101 3639 2217 3673 con-

122 3716 190 3756 εει
229 3710 333 3756 nisi
367 3716 637 3757 renatorum
659 3745 671 3767 ‚
718 3706 843 3771 quod
883 3708 985 3756 nisi
1026 3710 1135 3758 nati
1217 3714 1354 3760 traria
1384 3707 1647 3761 sententia?
