2502 4186
304 219 426 281 238
915 243 1246 282 TnAcu‘rus
1287 246 1358 282 nn
1405 246 1811 292 nucnuus‘ru.

305 382 643 463 dimagister
665 392 726 441 et
745 381 1078 442 Jacobellus
1107 386 1485 446 concionator
1515 389 1822 448 Misnensis
1849 390 1971 470 (l):,
2000 393 2211 455 horum
2235 409 2431 478 partes

305 479 557 559 suscepit
581 478 843 537 Joannes
879 478 1039 553 Hus;
1067 501 1212 561 quos
1238 502 1441 541 omnes
1477 482 1784 545 damnavit
1807 485 2119 546 concilium
2146 492 2436 550 Constan-

302 575 510 633 tiense.
546 573 719 631 Hunc
756 593 1016 633 errorem
1052 587 1255 656 postea
1294 577 1648 636 instauravit
1672 578 1991 655 Lutherus‚
2031 582 2274 644 demum
2301 609 2438 646 vero

303 667 610 743 CalvinuS,
637 668 760 750 qui,
789 671 1058 750 quamvis
1078 671 1196 730 suis
1220 694 1342 731 non
1367 672 1668 753 reliquerit
1695 675 1757 732 in
1780 677 2154 736 Sacramento
2179 680 2291 737 nisi
2319 682 2439 741 sola

301 783 368 822 ac
402 761 560 822 nuda
601 762 899 844 symbola,
927 765 1017 823 his
1045 777 1245 826 tamen
1282 767 1664 828 amarulentis
1696 772 1967 831 conviciis
2006 771 2321 832 Ecclesiam
2354 797 2441 835 ca-

300 858 585 919 tholicam⁴
620 862 812 940 arguit
865 884 878 918 ι
925 862 1029 921 Ex
1065 865 1268 922 eadem
1298 865 1511 943 prodit
1546 865 1779 942 officina
1809 867 1833 946 (
1861 868 2086 926 Satanae
2116 869 2139 947 )
2168 880 2225 928 et
2250 871 2441 929 altera

301 960 650 1016 constitutio
665 999 686 1028 ,
736 979 870 1036 quoe
905 958 1235 1018 dimidiam
1281 960 1474 1019 Coenoe
1504 971 1751 1039 partem
1789 965 2027 1020 meliori
2061 966 2287 1043 populi
2324 967 2444 1024 Dei

299 1072 555 1111 numero
579 1054 668 1111 vel
688 1055 910 1131 fferam
931 1065 1015 1112 est
1050 1056 1139 1113 vel
1178 1058 1411 1134 eripuit
1434 1077 1453 1113 .·
1475 1077 1685 1135 nempe
1724 1058 2058 1135 symbolum
2081 1059 2440 1139 Sanyuz'niS,

300 1149 497 1226 quod,
534 1152 708 1206 laicis
733 1159 788 1206 et
809 1153 1101 1228 profanis
1137 1149 1160 1230 (
1194 1151 1287 1208 h-z's
1339 1153 1565 1209 scilicet
1616 1154 1813 1210 titulis
1863 1154 1982 1211 Dea·
2036 1154 2439 1213 lcoeredz‘tatem

298 1245 690 1324 inszyniunt)
714 1245 1107 1303 interdictum
1123 1288 1144 1316 ,
1170 1250 1330 1304 rasis
1353 1257 1406 1305 et
1434 1251 1634 1305 unctis
1658 1252 1724 1305 in
1739 1249 2054 1326 peculium
2078 1255 2260 1308 cessit.
2291 1252 2443 1309 Edi-

299 1349 463 1399 ctum
494 1344 706 1398 oeterni
738 1341 855 1400 Dei
882 1350 1000 1411 est,
1029 1350 1101 1398 ut
1125 1361 1326 1399 omnes
1353 1342 1568 1399 bibant
1598 1343 1705 1423 (2).

387 1436 523 1495 188.
569 1434 814 1494 Nullum
842 1457 1018 1515 porro
1053 1437 1257 1495 aeterni
1290 1437 1394 1495 Dei
1429 1436 1688 1496 edictum
1720 1449 1954 1512 extare7
1996 1460 2111 1519 quo
2146 1460 2349 1497 omnes
2378 1450 2437 1498 et

301 1531 513 1613 singuli
533 1530 733 1591 fideles
752 1542 1065 1591 teneantur
1086 1532 1506 1591 Eucharistiam
1533 1554 1762 1592 sumere
1786 1533 1894 1591 sub
1920 1546 2170 1614 utraque
2203 1534 2393 1616 specie
2417 1580 2433 1609 .,

301 1649 495 1709 neque
529 1626 591 1686 id
623 1649 933 1710 exposcere
977 1628 1384 1687 necessitatem
1415 1627 1618 1687 salutis
1643 1674 1658 1703 7
1708 1628 1819 1687 hoc
1865 1628 2228 1688 ineluctabili
2264 1652 2437 1709 argu-

300 1735 506 1784 mento
525 1723 803 1785 adversus
829 1726 1101 1784 sectarios
1123 1745 1329 1784 omnes
1351 1724 1740 1783 ostendimuS.
1767 1726 1825 1783 Si
1855 1725 2014 1806 quod
2037 1738 2187 1785 esset
2222 1725 2437 1785 Christi

301 1832 665 1903 praeceptum
693 1820 767 1880 de
799 1819 1084 1880 sumenda
1126 1818 1200 1878 ab
1242 1819 1515 1878 omnibus
1553 1831 1613 1879 et
1645 1820 1886 1900 singulis
1928 1821 2286 1880 Eucharistia
2325 1820 2433 1879 sub

301 1928 551 1998 utraque
589 1917 811 1999 specie,
857 1916 953 1976 vel
982 1916 1030 1974 si
1062 1915 1255 1997 aliqua
1292 1915 1492 1975 salutis
1531 1918 1840 1975 necessitas
1878 1917 1939 1975 id
1969 1930 2336 1999 exposceret,
2374 1917 2435 1975 id

301 2013 563 2097 profecto
607 2012 868 2071 novisset
896 2011 1175 2083 Ecclesia,
1221 2010 1320 2070 illa
1346 2057 1361 2087 ,
1399 2011 1677 2092 inquam,
1724 2012 1971 2072 Ecclesia
1995 2058 2010 2086 ,
2052 2033 2181 2093 quae
2218 2014 2431 2071 imme-

303 2109 457 2168 diate
499 2130 530 2167 a
567 2107 801 2168 Christo
830 2118 889 2167 et
919 2105 992 2165 ab
1023 2106 1316 2188 Apostolis
1352 2107 1797 2165 Sacramentum
1834 2107 1946 2165 hoc
1981 2108 2221 2189 accepit.
2259 2107 2437 2188 Atqui

303 2225 613 2286 nunquam
644 2203 892 2263 Ecclesia
927 2214 1029 2261 aut
1076 2203 1140 2260 in
1180 2200 1373 2263 verbis
1414 2202 1796 2260 institutionis
1828 2213 1929 2260 aut
1962 2203 2024 2261 in
2065 2201 2260 2263 verbis
2294 2223 2437 2283 pro-

303 2301 593 2359 missionis
624 2311 985 2382 praeceptum
1020 2297 1311 2378 ejusmodi
1338 2298 1578 2379 agnovit
1601 2342 1617 2372 7
1665 2309 1766 2357 aut
1802 2298 2092 2376 ejusmodi
2120 2299 2435 2358 necessita-

304 2408 450 2456 tem.
489 2397 655 2476 Ergo.

390 2492 528 2552 189.
582 2494 615 2551 J
620 2514 716 2550 am
750 2513 890 2551 vero
914 2491 1110 2550 minor
1139 2489 1420 2572 propositi
1447 2491 1777 2570 argumenti
1812 2501 2062 2572 quatuor
2091 2488 2433 2548 luculentis-

305 2589 465 2648 simis
508 2609 573 2647 ac
626 2586 872 2670 publicis
921 2586 1412 2646 documentorum
1462 2584 1737 2644 classibus
1775 2585 2085 2645 evincitur.
2138 2585 2179 2641 1³
2236 2583 2432 2642 elassis

305 2684 527 2766 petitur
543 2705 615 2744 ex
643 2683 1062 2744 communione
1080 2693 1449 2763 aegrotorum.
1480 2681 1653 2740 Certe
1672 2725 1688 2754 .,
1721 2682 1768 2738 si
1796 2679 1955 2762 quod
1982 2691 2134 2738 esset
2157 2691 2394 2760 tempus
2418 2724 2433 2752 ,

308 2801 425 2862 quo
469 2779 739 2839 divinum
777 2790 1144 2861 praeceptum
1182 2777 1255 2838 de
1293 2776 1579 2850 sumenda
1629 2775 1986 2835 Eucharistia
2037 2774 2146 2834 sub
2188 2787 2437 2857 utraque

306 2876 496 2957 specie
543 2887 804 2956 urgeret,
861 2887 921 2935 et
964 2897 1080 2956 quo
1137 2872 1286 2933 nihil
1334 2883 1484 2932 esset
1547 2871 1964 2952 negligendum
2009 2892 2080 2930 ex
2144 2871 2243 2944 iis,
2309 2891 2436 2952 quae

307 2972 630 3032 necessaria
682 2983 822 3030 sunt
875 2970 950 3029 ad
1011 2969 1262 3031 salutem
1289 3013 1305 3044 .,
1363 2966 1511 3026 illud
1552 2968 1702 3025 foret
1735 3013 1752 3042 ,
1815 2989 1930 3048 quo
1991 2967 2171 3025 instat
2229 2967 2435 3024 mortis

307 3066 656 3148 periculum.
703 3067 875 3148 Atqui
923 3064 1142 3148 ubique
1189 3076 1481 3124 terrarum
1541 3073 1600 3122 et
1647 3063 1855 3144 quavis
1906 3073 2076 3122 aetate
2133 3061 2435 3124 consuevit

310 3163 555 3223 Ecclesia
586 3163 1007 3224 Eucharistiam
1027 3181 1321 3222 asservare
1339 3158 1447 3218 sub
1475 3181 1590 3217 una
1619 3161 1788 3239 panis
1821 3160 2011 3241 specie
2044 3159 2118 3216 ad
2149 3156 2434 3236 ejusmodi

309 3258 573 3319 infirmos
603 3259 943 3319 reficiendos
969 3306 982 3329 ,
1011 3270 1079 3318 ut
1102 3267 1329 3317 constat
1345 3255 1604 3315 excitata
1620 3255 1860 3314 historia
1882 3255 2035 3313 senis
2066 3252 2394 3334 Serapionis
2414 3296 2431 3327 2

381 3508 446 3573 (1)
483 3508 655 3557 Mirum
685 3514 783 3568 est,
816 3525 910 3575 quo
929 3507 1084 3556 furore
1102 3509 1329 3555 saevierint
1414 3506 1541 3554 ribus
1555 3504 1835 3554 cruciatibus
1850 3499 2178 3569 subjiciebant.
2199 3497 2294 3546 Cfr.
2316 3497 2434 3545 His-

313 3591 531 3642 Calixtini
566 3592 781 3641 adversus
825 3588 1093 3639 Sacerdotes
1127 3590 1326 3638 catholi-
1412 3590 1531 3636 toire
1562 3588 1617 3635 de
1662 3585 1876 3634 l'heresie
1918 3584 1975 3632 de
2023 3581 2108 3634 W
2106 3580 2239 3646 icleff
2251 3617 2264 3640 ,
2303 3580 2434 3628 Jean

315 3692 391 3723 cos
411 3713 424 3734 ‚
454 3693 507 3724 eo
539 3675 664 3741 quod
692 3676 799 3739 ipsis
821 3683 1082 3721 recusarent
1097 3690 1234 3720 usum
1252 3689 1327 3720 ca-
1413 3671 1590 3719 Huset
1614 3668 1804 3716 Jerceme
1818 3667 1875 3715 de
1891 3667 2088 3730 Praque
2103 3701 2115 3723 ,
2141 3660 2428 3729 Ly0n1662.

312 3756 447 3821 licis;
478 3759 601 3823 ipsos
619 3759 786 3823 passim
829 3742 1069 3805 caedebant
1088 3765 1132 3804 et
1166 3754 1325 3803 durio-
1480 3753 1548 3818 (2)
1588 3750 1757 3801 Instit.
1785 3750 1868 3799 lib.
1903 3766 1949 3799 iv
1970 3786 1983 3811 ‚
2013 3764 2116 3813 cap.
2157 3763 2212 3811 17
2241 3783 2255 3808 ,
2285 3744 2310 3811 S
2337 3742 2424 3810 47.
