2502 4186
312 240 433 300 274
927 256 1251 297 rnAc'rATns
1294 225 1363 292 lia
1407 256 1807 296 nucnxms‘ru.

318 403 850 480 sacrificiatorium
872 399 921 479 ),
941 396 1015 458 de
1046 419 1162 480 quo
1187 396 1454 470 ederent.
1480 400 1626 458 Cum
1661 420 1799 460 vero
1829 398 2138 460 Christiani
2168 402 2241 463 de
2269 403 2435 463 altari

313 520 417 559 suo
449 495 535 554 nil
561 493 721 553 aliud
751 492 932 554 edant
958 514 1136 574 quam
1162 493 1577 553 Eucharistiam
1604 538 1620 568 .,
1652 492 1826 574 plane
1852 493 1990 554 inde
2021 499 2393 580 consequitur
2419 545 2434 573 ‚

315 590 737 652 Eucharistiam
774 593 944 668 juxta
991 587 1340 670 Apostolum
1375 588 1572 648 offerri
1617 590 1680 647 in
1721 588 2120 669 Sacrificium3
2173 591 2436 675 alioquin

313 707 624 771 perperam
661 684 1027 744 meminisset
1059 683 1256 743 altaris
1280 730 1296 756 ,
1333 683 1379 742 si
1408 682 1567 742 cibus
1598 683 1696 744 ille
1718 730 1732 759 .,
1779 683 1882 765 qui
1914 684 2126 744 dicitur
2161 686 2236 746 de
2268 688 2440 748 altari

316 793 586 865 sumptus
608 827 624 856 .,
667 783 790 840 Deo
821 779 885 838 in
925 779 1279 839 Sacrificium
1309 778 1536 845 obl-atus
1565 790 1738 840 antea
1774 802 1895 839 non
1936 793 2108 841 esset.

391 877 535 937 256.
583 878 718 936 Haec
739 876 1164 935 confirmantur
1199 897 1272 935 ex
1302 876 1379 936 V.
1403 876 1469 935 T.
1498 900 1515 948 ς
1555 876 1780 934 omissis
1809 876 1970 938 enim
1992 923 2008 953 .‚
2045 888 2175 937 tum
2208 899 2335 960 quae
2370 879 2443 940 de

317 971 742 1036 Melchisedech
763 971 1048 1032 Sacrificio
1063 971 1126 1030 in
1141 993 1295 1053 pane
1309 982 1369 1031 et
1386 970 1522 1032 vino
1537 969 1735 1030 oblato
1749 970 2044 1050 leguntur,
2063 976 2439 1050 GeneS.XlV.,

323 1069 435 1144 18,
477 1090 591 1150 quo
632 1066 1051 1130 adumbratum
1087 1067 1263 1127 fuisse
1304 1065 1570 1126 oblatum
1595 1087 1627 1128 a
1658 1066 1889 1127 Christo
1918 1067 1984 1127 in
2024 1069 2235 1129 ultima
2262 1071 2443 1131 Coena

316 1164 670 1226 Sacrificium
687 1208 703 1238 ,
731 1165 933 1222 Patres
957 1163 1319 1223 unanimiter
1340 1161 1591 1237 docent3
1633 1173 1763 1225 tum
1791 1184 1922 1244 quae
1947 1162 2022 1223 de
2042 1164 2446 1225 immolatione

317 1260 451 1340 agni
518 1256 805 1340 paschalis
854 1257 1099 1339 aliisque
1152 1258 1366 1319 veteris
1414 1258 1554 1338 legis
1621 1258 1912 1317 sacrificiis
1951 1303 1967 1333 ,
2028 1279 2154 1340 quae
2199 1260 2446 1320 totidem

317 1355 555 1414 fuerunt
582 1353 705 1436 typi
731 1353 1001 1412 Sacrificii
1025 1351 1387 1412 eucharistici
1408 1399 1423 1426 ,
1457 1354 1532 1413 de
1552 1353 1764 1436 quibus
1781 1354 1906 1414 fuse
1927 1353 2311 1414 Bellarminus
2328 1356 2443 1435 (1),

318 1449 547 1510 celebre
582 1460 671 1509 est
710 1448 1010 1508 oraculum
1047 1447 1381 1523 Malachiae⁷
1411 1438 1482 1524 1‚'
1506 1449 1602 1508 10.
1643 1451 1711 1507 In
1751 1471 1820 1508 eo
1853 1448 2142 1531 siquidem
2180 1450 2390 1510 dicitur
2431 1473 2445 1509 :

315 1546 461 1607 Non
489 1557 571 1609 est
599 1546 762 1605 mihi
787 1547 1063 1605 voluntas
1086 1550 1157 1604 in
1189 1546 1386 1618 vohi3,
1427 1545 1584 1604 dicit
1613 1549 1913 1605 Dominus
1947 1551 2322 1605 eoeercituum
2342 1589 2365 1618 ,
2395 1556 2454 1604 et

315 1663 548 1702 munus
564 1662 687 1701 non
709 1644 1042 1721 suscipiam
1064 1641 1135 1700 de
1159 1662 1356 1702 manu
1380 1651 1594 1700 vestra.
1624 1642 1721 1701 Ab
1745 1652 1882 1701 ortu
1907 1646 2071 1700 enim
2093 1644 2230 1701 solis
2261 1663 2450 1722 usque

312 1741 404 1800 ad
429 1760 703 1799 occasum
728 1759 1022 1818 magnum
1052 1748 1138 1796 est
1166 1727 1383 1796 nomeiz
1410 1759 1613 1797 meum
1643 1741 1714 1797 in
1736 1739 2020 1819 gentihus·
2043 1782 2066 1812 ,
2096 1749 2153 1798 et
2183 1742 2255 1798 in
2281 1743 2454 1798 omni

312 1838 435 1896 loco
470 1835 861 1913 sacrificatur
895 1844 951 1891 et
988 1833 1240 1912 offirtur
1278 1837 1523 1895 nomini
1557 1854 1682 1895 meo
1724 1835 1943 1894 oblatio
1989 1836 2220 1894 mimda
2234 1878 2258 1907 ,
2299 1840 2449 1913 quia

314 1953 608 2012 maynum
641 1940 724 1989 est
761 1949 977 1987 nomen
1006 1950 1210 1987 meum
1234 1931 1316 2006 ‘in
1335 1930 1617 2009 gentibus
1637 1971 1659 2000 ,
1701 1930 1854 1988 dicit
1893 1931 2194 1990 Dominus
2219 1934 2449 1989 emarci-

314 2038 515 2086 tuum.
564 2026 688 2084 Hoc
737 2046 913 2106 porro
956 2023 1188 2098 oraculo
1233 2014 1541 2103 significari
1597 2025 1660 2082 1Ο
1715 2036 1988 2085 veterum
2038 2027 2448 2086 sacrificiorum

315 2121 758 2201 abrogationem
778 2165 794 2195 ,
829 2120 897 2178 2⁰
926 2119 1062 2179 novi
1082 2164 1097 2194 7
1141 2118 1566 2182 excellentioris
1597 2120 2017 2201 sanctim-isque
2052 2120 2317 2179 sacrificii
2354 2141 2448 2179 ex-

319 2218 547 2278 terioris
580 2227 640 2277 et
674 2215 910 2298 proprie
946 2213 1089 2274 dicti
1126 2214 1190 2276 in
1229 2236 1434 2274 eorum
1460 2214 1656 2277 locum
1689 2215 2093 2275 suffectionem
2113 2262 2129 2292 ‚
2165 2216 2448 2276 offerendi

320 2335 428 2397 per
450 2334 632 2373 novos
658 2310 1019 2386 Sacerdotes7
1047 2311 1147 2393 qui
1162 2311 1378 2370 assumi
1408 2309 1695 2372 deberent
1710 2333 1781 2371 ex
1811 2311 2135 2392 gentilitate
2153 2358 2169 2387 ‚
2200 2312 2267 2370 30
2292 2317 2446 2391 ejus-

320 2410 458 2471 dem
483 2407 723 2468 demum
752 2429 859 2490 per
888 2407 1231 2467 universum
1253 2405 1457 2470 orbem
1489 2405 1850 2468 oblationem
1878 2418 1938 2467 et
1966 2406 2439 2481 celebrationem,

321 2527 426 2568 suo
463 2504 590 2564 loco
618 2502 981 2563 ostendimus
1008 2501 1120 2582 (2).
1162 2502 1340 2585 Atqui
1376 2502 1486 2564 tria
1517 2501 1641 2563 haec
1668 2503 1730 2563 in
1756 2501 1880 2563 solo
1913 2504 2195 2564 Sacrificio
2224 2501 2440 2562 eucha-

322 2589 521 2665 ristico
544 2600 938 2684 reperiuntur.
974 2600 1143 2681 Erg0.

1139 2760 1631 2806 DIFFICULTATES.

401 2906 544 2966 257.
593 2903 725 2983 obj.
749 2905 958 2986 prima.
1003 2902 1070 2960 In
1101 2902 1469 2962 institutione
1508 2901 1870 2963 Eucharistiae
1899 2901 2062 2961 nulla
2099 2923 2214 2963 vox
2242 2924 2442 2962 occur—

322 3004 400 3062 rit
419 3048 435 3077 ,
475 3022 604 3084 quae
629 3000 726 3062 vel
759 2999 968 3060 leviter
989 2999 1272 3072 insinuet,
1307 2996 1568 3058 oblatum
1596 3019 1718 3056 esse
1746 3019 1779 3056 a
1796 2998 2025 3057 Christo
2055 2999 2439 3074 Sacrificium3

320 3098 592 3180 nuspiam
620 3095 907 3178 siquidem
924 3095 1135 3177 legitur
1153 3140 1172 3172 ,
1205 3093 1499 3153 Christum
1526 3092 1769 3153 dixisse:
1809 3095 1980 3174 offero
1998 3139 2014 3168 ,
2044 3095 2313 3172 sacrifico
2342 3107 2443 3154 aut

317 3193 540 3274 aliquid
566 3191 869 3271 ejusmodi.
910 3193 979 3250 2⁰
1014 3196 1139 3251 Imo
1178 3211 1299 3247 non
1336 3210 1519 3270 pauca
1552 3191 1615 3247 in
1647 3211 1713 3251 ea
1748 3189 2045 3250 habentur
2070 3234 2085 3263 ,
2122 3211 2248 3271 quae
2287 3189 2444 3249 obla-

318 3288 543 3347 tionem
575 3288 844 3346 Sacrificii
870 3286 1203 3347 excludant.
1232 3286 1299 3340 In
1327 3287 1505 3345 Coena
1531 3286 1692 3345 enim
1730 3283 1993 3344 Christus
2018 3296 2440 3345 testamentum

314 3381 575 3444 condidit
604 3393 664 3441 et
694 3383 1134 3441 Sacramentum
1157 3382 1430 3440 instituit.
1474 3384 1610 3441 Jam
1646 3402 1785 3442 vero
1814 3382 1960 3440 ratio
1999 3382 2269 3441 Sacrificii
2294 3401 2437 3439 con-

315 3479 516 3538 sistere
543 3477 750 3561 nequit
780 3497 914 3536 cum
940 3478 1181 3536 notione
1206 3477 1544 3539 testamenti
1573 3489 1632 3537 et
1671 3477 2049 3536 Sacramenti.
2081 3478 2233 3536 Nam
2257 3475 2436 3534 Sacri-

378 3682 442 3746 (1)
477 3682 558 3731 De
575 3681 736 3731 Euch.
761 3681 843 3730 lib.
865 3700 913 3743 v,
945 3684 1026 3748 qui
1056 3691 1123 3731 est
1153 3684 1334 3747 primus
1486 3683 1552 3748 (2)
1584 3682 1738 3732 Tract.
1759 3681 1832 3732 De
1859 3680 2065 3732 lucam.
2096 3699 2147 3731 n.
2185 3695 2296 3747 129.

313 3763 395 3816 De
422 3765 658 3830 sacrificio
677 3802 691 3828 ‚
724 3781 824 3831 cap.
854 3780 902 3830 7.
