<?xml version="1.0" encoding="UTF-8"?>
<!DOCTYPE html PUBLIC "-//W3C//DTD XHTML 1.0 Transitional//EN"
    "http://www.w3.org/TR/xhtml1/DTD/xhtml1-transitional.dtd">
<html xmlns="http://www.w3.org/1999/xhtml" xml:lang="en" lang="en">
 <head>
  <title>
</title>
<meta http-equiv="Content-Type" content="text/html;charset=utf-8" />
  <meta name='ocr-system' content='tesseract 3.04.00' />
  <meta name='ocr-capabilities' content='ocr_page ocr_carea ocr_par ocr_line ocrx_word'/>
</head>
<body>
  <div class='ocr_page' id='page_1' title='image "a603693806perruoft_0373.png"; bbox 0 0 2502 4186; ppageno 0'>
   <div class='ocr_carea' id='block_1_1' title="bbox 2085 226 2203 287">
    <p class='ocr_par' dir='ltr' id='par_1_1' title="bbox 2085 226 2203 287">
     <span class='ocr_line' id='line_1_1' title="bbox 2085 226 2203 287; baseline -0.025 0"><span class='ocrx_word' id='word_1_1' title='bbox 2085 226 2203 287; x_wconf 85' lang='lat'><strong><em>365</em></strong></span> 
     </span>
    </p>
   </div>
   <div class='ocr_carea' id='block_1_2' title="bbox 639 432 1700 614">
    <p class='ocr_par' dir='ltr' id='par_1_2' title="bbox 639 352 1811 614">
     <span class='ocr_line' id='line_1_2' title="bbox 639 432 1700 614; baseline -0.003 -42"><span class='ocrx_word' id='word_1_2' title='bbox 639 432 1700 614; x_wconf 77' lang='lat' dir='ltr'><strong>TRACTATUS·</strong></span> 
     </span>
    </p>
   </div>
   <div class='ocr_carea' id='block_1_3' title="bbox 575 725 1719 815">
    <p class='ocr_par' dir='ltr' id='par_1_3' title="bbox 575 725 1719 815">
     <span class='ocr_line' id='line_1_3' title="bbox 575 725 1719 815; baseline -0.005 0"><span class='ocrx_word' id='word_1_3' title='bbox 575 731 733 815; x_wconf 88' lang='lat' dir='ltr'><strong><em>DE</em></strong></span> <span class='ocrx_word' id='word_1_4' title='bbox 811 725 1719 815; x_wconf 89' lang='lat' dir='ltr'><strong>POENITENTIA.</strong></span> 
     </span>
    </p>
   </div>
   <div class='ocr_carea' id='block_1_4' title="bbox 88 943 2233 3221">
    <p class='ocr_par' dir='ltr' id='par_1_4' title="bbox 88 943 2213 2248">
     <span class='ocr_line' id='line_1_4' title="bbox 182 943 2201 1026; baseline -0.001 -15"><span class='ocrx_word' id='word_1_5' title='bbox 182 955 236 1011; x_wconf 79' lang='lat'><strong><em>1.</em></strong></span> <span class='ocrx_word' id='word_1_6' title='bbox 297 949 576 1010; x_wconf 79' lang='lat' dir='ltr'><strong><em>Praeclare</em></strong></span> <span class='ocrx_word' id='word_1_7' title='bbox 629 947 949 1008; x_wconf 82' lang='lat' dir='ltr'><strong>admodum</strong></span> <span class='ocrx_word' id='word_1_8' title='bbox 1011 966 1077 1006; x_wconf 88' lang='lat' dir='ltr'><strong><em>ac</em></strong></span> <span class='ocrx_word' id='word_1_9' title='bbox 1108 945 1427 1006; x_wconf 54' lang='lat' dir='ltr'><strong><em>*verissime</em></strong></span> <span class='ocrx_word' id='word_1_10' title='bbox 1490 943 1832 1004; x_wconf 88' lang='lat' dir='ltr'><strong><em>Tridentina</em></strong></span> <span class='ocrx_word' id='word_1_11' title='bbox 1902 946 2165 1025; x_wconf 79' lang='lat' dir='ltr'><strong><em>Synodus</em></strong></span> <span class='ocrx_word' id='word_1_12' title='bbox 2183 991 2201 1026; x_wconf 86' lang='lat'><strong><em>‚</em></strong></span> 
     </span>
     <span class='ocr_line' id='line_1_5' title="bbox 93 1040 2204 1127; baseline -0.002 -20"><span class='ocrx_word' id='word_1_13' title='bbox 93 1069 230 1107; x_wconf 79' lang='lat' dir='ltr'><strong><em>seSS.</em></strong></span> <span class='ocrx_word' id='word_1_14' title='bbox 274 1047 404 1105; x_wconf 88' lang='lat' dir='ltr'><strong><em>XIV</em></strong></span> <span class='ocrx_word' id='word_1_15' title='bbox 427 1091 443 1120; x_wconf 71' lang='grc'><em>,</em></span> <span class='ocrx_word' id='word_1_16' title='bbox 485 1067 611 1127; x_wconf 89' lang='lat' dir='ltr'><strong><em>cap.</em></strong></span> <span class='ocrx_word' id='word_1_17' title='bbox 649 1046 674 1105; x_wconf 93' lang='grc' dir='ltr'>Ι</span> <span class='ocrx_word' id='word_1_18' title='bbox 705 1067 720 1104; x_wconf 85' lang='lat'><strong><em>-:</em></strong></span> <span class='ocrx_word' id='word_1_19' title='bbox 750 1045 823 1103; x_wconf 90' lang='lat' dir='ltr'><strong><em>Si</em></strong></span> <span class='ocrx_word' id='word_1_20' title='bbox 852 1065 922 1102; x_wconf 89' lang='lat' dir='ltr'><strong><em>ea</em></strong></span> <span class='ocrx_word' id='word_1_21' title='bbox 939 1085 964 1115; x_wconf 80' lang='lat'><em>,</em></span> <span class='ocrx_word' id='word_1_22' title='bbox 1005 1040 1234 1123; x_wconf 72' lang='lat' dir='ltr'><strong><em>inquit,</em></strong></span> <span class='ocrx_word' id='word_1_23' title='bbox 1276 1045 1347 1100; x_wconf 87' lang='lat' dir='ltr'><strong><em>in</em></strong></span> <span class='ocrx_word' id='word_1_24' title='bbox 1372 1044 1732 1121; x_wconf 71' lang='lat' dir='ltr'><strong><em>reqeneratis</em></strong></span> <span class='ocrx_word' id='word_1_25' title='bbox 1766 1041 2046 1100; x_wconf 83' lang='lat' dir='ltr'><strong><em>omnibus</em></strong></span> <span class='ocrx_word' id='word_1_26' title='bbox 2060 1065 2204 1121; x_wconf 74' lang='lat' dir='ltr'><strong><em>yra-</em></strong></span> 
     </span>
     <span class='ocr_line' id='line_1_6' title="bbox 95 1137 2207 1221; baseline -0.001 -21"><span class='ocrx_word' id='word_1_27' title='bbox 95 1142 286 1200; x_wconf 82' lang='lat' dir='ltr'><strong><em>titudo</em></strong></span> <span class='ocrx_word' id='word_1_28' title='bbox 317 1163 459 1221; x_wconf 73' lang='lat' dir='ltr'><strong><em>crya</em></strong></span> <span class='ocrx_word' id='word_1_29' title='bbox 482 1143 682 1201; x_wconf 91' lang='lat' dir='ltr'><strong><em>Deum</em></strong></span> <span class='ocrx_word' id='word_1_30' title='bbox 706 1150 879 1210; x_wconf 89' lang='lat' dir='ltr'><strong><em>esset,</em></strong></span> <span class='ocrx_word' id='word_1_31' title='bbox 910 1148 981 1196; x_wconf 91' lang='lat' dir='ltr'><strong><em>ut</em></strong></span> <span class='ocrx_word' id='word_1_32' title='bbox 984 1141 1306 1216; x_wconf 78' lang='lat' dir='ltr'><strong><em>justitiam</em></strong></span> <span class='ocrx_word' id='word_1_33' title='bbox 1340 1144 1410 1195; x_wconf 90' lang='lat' dir='ltr'><strong><em>in</em></strong></span> <span class='ocrx_word' id='word_1_34' title='bbox 1435 1137 1748 1215; x_wconf 88' lang='lat' dir='ltr'><strong><em>Baptismo</em></strong></span> <span class='ocrx_word' id='word_1_35' title='bbox 1770 1181 1786 1211; x_wconf 69' lang='lat'><strong>⁷</strong></span> <span class='ocrx_word' id='word_1_36' title='bbox 1815 1140 2011 1216; x_wconf 84' lang='lat' dir='ltr'><strong><em>ipsius</em></strong></span> <span class='ocrx_word' id='word_1_37' title='bbox 2042 1139 2207 1197; x_wconf 85' lang='lat' dir='ltr'><strong><em>bene-</em></strong></span> 
     </span>
     <span class='ocr_line' id='line_1_7' title="bbox 88 1234 2206 1317; baseline -0.001 -22"><span class='ocrx_word' id='word_1_38' title='bbox 88 1237 224 1317; x_wconf 81' lang='lat' dir='ltr'><strong><em>ficio</em></strong></span> <span class='ocrx_word' id='word_1_39' title='bbox 248 1240 513 1317; x_wconf 72' lang='lat' dir='ltr'><strong><em>etyratia</em></strong></span> <span class='ocrx_word' id='word_1_40' title='bbox 537 1244 904 1314; x_wconf 84' lang='lat' dir='ltr'><strong><em>susceptam,</em></strong></span> <span class='ocrx_word' id='word_1_41' title='bbox 932 1242 1273 1292; x_wconf 74' lang='lat' dir='ltr'><em>constanter</em></span> <span class='ocrx_word' id='word_1_42' title='bbox 1297 1241 1652 1304; x_wconf 83' lang='lat' dir='ltr'><strong><em>tuerentur,</em></strong></span> <span class='ocrx_word' id='word_1_43' title='bbox 1677 1252 1799 1290; x_wconf 90' lang='lat' dir='ltr'><strong><em>non</em></strong></span> <span class='ocrx_word' id='word_1_44' title='bbox 1814 1234 2033 1310; x_wconf 80' lang='lat' dir='ltr'><strong><em>fuisset</em></strong></span> <span class='ocrx_word' id='word_1_45' title='bbox 2057 1254 2206 1312; x_wconf 80' lang='lat' dir='ltr'><strong><em>opus</em></strong></span> 
     </span>
     <span class='ocr_line' id='line_1_8' title="bbox 94 1327 2207 1411; baseline -0 -22"><span class='ocrx_word' id='word_1_46' title='bbox 94 1332 276 1389; x_wconf 81' lang='lat' dir='ltr'><strong><em>aliud</em></strong></span> <span class='ocrx_word' id='word_1_47' title='bbox 307 1333 386 1389; x_wconf 83' lang='lat' dir='ltr'><strong><em>ab</em></strong></span> <span class='ocrx_word' id='word_1_48' title='bbox 425 1336 552 1411; x_wconf 92' lang='lat' dir='ltr'><strong><em>ipso</em></strong></span> <span class='ocrx_word' id='word_1_49' title='bbox 595 1331 908 1409; x_wconf 88' lang='lat' dir='ltr'><strong><em>Baptismo</em></strong></span> <span class='ocrx_word' id='word_1_50' title='bbox 946 1328 1410 1387; x_wconf 78' lang='lat' dir='ltr'><strong><em>Sacramentum</em></strong></span> <span class='ocrx_word' id='word_1_51' title='bbox 1450 1327 1538 1385; x_wconf 86' lang='lat' dir='ltr'><strong><em>ad</em></strong></span> <span class='ocrx_word' id='word_1_52' title='bbox 1563 1338 1951 1406; x_wconf 81' lang='lat' dir='ltr'><strong><em>peccatorum</em></strong></span> <span class='ocrx_word' id='word_1_53' title='bbox 1992 1334 2207 1388; x_wconf 76' lang='lat' dir='ltr'><strong><em>remis-</em></strong></span> 
     </span>
     <span class='ocr_line' id='line_1_9' title="bbox 92 1424 2211 1504; baseline -0 -19"><span class='ocrx_word' id='word_1_54' title='bbox 92 1430 317 1485; x_wconf 88' lang='lat' dir='ltr'><strong><em>sionem</em></strong></span> <span class='ocrx_word' id='word_1_55' title='bbox 341 1448 456 1485; x_wconf 82' lang='lat' dir='ltr'><strong><em>esse</em></strong></span> <span class='ocrx_word' id='word_1_56' title='bbox 476 1429 847 1485; x_wconf 86' lang='lat' dir='ltr'><strong><em>institutum.</em></strong></span> <span class='ocrx_word' id='word_1_57' title='bbox 881 1426 1182 1504; x_wconf 76' lang='lat' dir='ltr'><strong><em>Quoniam</em></strong></span> <span class='ocrx_word' id='word_1_58' title='bbox 1219 1434 1422 1482; x_wconf 90' lang='lat' dir='ltr'><strong><em>autem</em></strong></span> <span class='ocrx_word' id='word_1_59' title='bbox 1447 1424 1638 1499; x_wconf 90' lang='lat' dir='ltr'><strong><em>Deus,</em></strong></span> <span class='ocrx_word' id='word_1_60' title='bbox 1665 1425 1832 1482; x_wconf 83' lang='lat' dir='ltr'><strong><em>dives</em></strong></span> <span class='ocrx_word' id='word_1_61' title='bbox 1863 1428 1934 1483; x_wconf 90' lang='lat' dir='ltr'><strong><em>in</em></strong></span> <span class='ocrx_word' id='word_1_62' title='bbox 1959 1430 2211 1484; x_wconf 82' lang='lat' dir='ltr'><strong><em>miseri-</em></strong></span> 
     </span>
     <span class='ocr_line' id='line_1_10' title="bbox 95 1519 2208 1602; baseline -0 -21"><span class='ocrx_word' id='word_1_63' title='bbox 95 1524 339 1594; x_wconf 82' lang='lat' dir='ltr'><strong><em>cordia,</em></strong></span> <span class='ocrx_word' id='word_1_64' title='bbox 374 1525 644 1602; x_wconf 72' lang='lat' dir='ltr'><strong><em>coqnovit</em></strong></span> <span class='ocrx_word' id='word_1_65' title='bbox 653 1521 1008 1601; x_wconf 72' lang='lat' dir='ltr'><strong><em>fi&#39;ymentum</em></strong></span> <span class='ocrx_word' id='word_1_66' title='bbox 1037 1530 1310 1579; x_wconf 81' lang='lat' dir='ltr'><strong><em>nostrum</em></strong></span> <span class='ocrx_word' id='word_1_67' title='bbox 1325 1563 1340 1592; x_wconf 93' lang='lat'>,</span> <span class='ocrx_word' id='word_1_68' title='bbox 1366 1519 1490 1578; x_wconf 85' lang='lat' dir='ltr'><strong><em>illis</em></strong></span> <span class='ocrx_word' id='word_1_69' title='bbox 1512 1522 1696 1578; x_wconf 89' lang='lat' dir='ltr'><strong><em>etiam</em></strong></span> <span class='ocrx_word' id='word_1_70' title='bbox 1716 1524 1852 1578; x_wconf 75' lang='lat' dir='ltr'><strong><em>vitoe</em></strong></span> <span class='ocrx_word' id='word_1_71' title='bbox 1874 1522 2208 1580; x_wconf 78' lang='lat' dir='ltr'><strong><em>remedium</em></strong></span> 
     </span>
     <span class='ocr_line' id='line_1_11' title="bbox 95 1615 2212 1697; baseline -0.001 -21"><span class='ocrx_word' id='word_1_72' title='bbox 95 1620 379 1692; x_wconf 69' lang='lat' dir='ltr'><strong><em>contulit,</em></strong></span> <span class='ocrx_word' id='word_1_73' title='bbox 414 1622 527 1696; x_wconf 84' lang='lat' dir='ltr'><strong><em>qui</em></strong></span> <span class='ocrx_word' id='word_1_74' title='bbox 549 1637 663 1675; x_wconf 84' lang='lat' dir='ltr'><strong><em>sese</em></strong></span> <span class='ocrx_word' id='word_1_75' title='bbox 677 1627 882 1697; x_wconf 88' lang='lat' dir='ltr'><strong><em>postea</em></strong></span> <span class='ocrx_word' id='word_1_76' title='bbox 907 1619 977 1673; x_wconf 93' lang='lat' dir='ltr'><strong><em>in</em></strong></span> <span class='ocrx_word' id='word_1_77' title='bbox 1009 1618 1250 1693; x_wconf 87' lang='lat' dir='ltr'><strong><em>peccati</em></strong></span> <span class='ocrx_word' id='word_1_78' title='bbox 1289 1617 1630 1672; x_wconf 83' lang='lat' dir='ltr'><strong><em>servitutem</em></strong></span> <span class='ocrx_word' id='word_1_79' title='bbox 1663 1623 1720 1671; x_wconf 93' lang='lat' dir='ltr'><strong><em>et</em></strong></span> <span class='ocrx_word' id='word_1_80' title='bbox 1744 1615 2030 1674; x_wconf 65' lang='lat' dir='ltr'><strong><em>daemonis</em></strong></span> <span class='ocrx_word' id='word_1_81' title='bbox 2057 1627 2212 1694; x_wconf 89' lang='lat' dir='ltr'><strong><em>pote-</em></strong></span> 
     </span>
     <span class='ocr_line' id='line_1_12' title="bbox 95 1708 2210 1789; baseline -0.001 -18"><span class='ocrx_word' id='word_1_82' title='bbox 95 1724 300 1771; x_wconf 79' lang='lat' dir='ltr'><strong><em>statem</em></strong></span> <span class='ocrx_word' id='word_1_83' title='bbox 339 1713 765 1781; x_wconf 82' lang='lat' dir='ltr'><strong><em>tradidissent,</em></strong></span> <span class='ocrx_word' id='word_1_84' title='bbox 792 1711 1253 1768; x_wconf 77' lang='lat' dir='ltr'><strong><em>Sacramentum</em></strong></span> <span class='ocrx_word' id='word_1_85' title='bbox 1301 1708 1574 1772; x_wconf 78' lang='lat' dir='ltr'><strong><em>videlicet</em></strong></span> <span class='ocrx_word' id='word_1_86' title='bbox 1616 1708 2033 1781; x_wconf 60' lang='lat' dir='ltr'><strong><em>Paenitentia),</em></strong></span> <span class='ocrx_word' id='word_1_87' title='bbox 2096 1731 2210 1789; x_wconf 82' lang='lat' dir='ltr'><strong><em>quo</em></strong></span> 
     </span>
     <span class='ocr_line' id='line_1_13' title="bbox 95 1803 2206 1888; baseline -0.001 -21"><span class='ocrx_word' id='word_1_88' title='bbox 95 1811 282 1888; x_wconf 86' lang='lat' dir='ltr'><strong><em>lapsis</em></strong></span> <span class='ocrx_word' id='word_1_89' title='bbox 307 1817 444 1886; x_wconf 87' lang='lat' dir='ltr'><strong><em>post</em></strong></span> <span class='ocrx_word' id='word_1_90' title='bbox 468 1808 858 1885; x_wconf 85' lang='lat' dir='ltr'><strong><em>Baptismum</em></strong></span> <span class='ocrx_word' id='word_1_91' title='bbox 889 1803 1241 1881; x_wconf 79' lang='lat' dir='ltr'><strong><em>heneficium</em></strong></span> <span class='ocrx_word' id='word_1_92' title='bbox 1267 1807 1478 1862; x_wconf 77' lang='lat' dir='ltr'><strong><em>mortis</em></strong></span> <span class='ocrx_word' id='word_1_93' title='bbox 1512 1803 1743 1863; x_wconf 77' lang='lat' dir='ltr'><strong><em>Christi</em></strong></span> <span class='ocrx_word' id='word_1_94' title='bbox 1770 1806 2206 1884; x_wconf 80' lang='lat' dir='ltr'><strong><em>applicaretur.</em></strong></span> 
     </span>
     <span class='ocr_line' id='line_1_14' title="bbox 95 1898 2211 1979; baseline 0 -19"><span class='ocrx_word' id='word_1_95' title='bbox 95 1905 178 1961; x_wconf 89' lang='lat' dir='ltr'><strong><em>De</em></strong></span> <span class='ocrx_word' id='word_1_96' title='bbox 203 1902 311 1960; x_wconf 89' lang='lat' dir='ltr'><strong><em>hoc</em></strong></span> <span class='ocrx_word' id='word_1_97' title='bbox 337 1911 459 1959; x_wconf 87' lang='lat' dir='ltr'><strong><em>tam</em></strong></span> <span class='ocrx_word' id='word_1_98' title='bbox 485 1900 808 1959; x_wconf 86' lang='lat' dir='ltr'><strong><em>necessario</em></strong></span> <span class='ocrx_word' id='word_1_99' title='bbox 835 1898 1130 1979; x_wconf 84' lang='lat' dir='ltr'><strong><em>fragilitati</em></strong></span> <span class='ocrx_word' id='word_1_100' title='bbox 1159 1909 1376 1957; x_wconf 86' lang='lat' dir='ltr'><strong><em>nostrae</em></strong></span> <span class='ocrx_word' id='word_1_101' title='bbox 1416 1899 1791 1958; x_wconf 90' lang='lat' dir='ltr'><strong><em>Sacramento</em></strong></span> <span class='ocrx_word' id='word_1_102' title='bbox 1820 1901 2029 1975; x_wconf 72' lang='lat' dir='ltr'><strong><em>acturi.,</em></strong></span> <span class='ocrx_word' id='word_1_103' title='bbox 2056 1923 2211 1960; x_wconf 91' lang='lat' dir='ltr'><strong><em>non—</em></strong></span> 
     </span>
     <span class='ocr_line' id='line_1_15' title="bbox 93 1993 2213 2076; baseline -0 -21"><span class='ocrx_word' id='word_1_104' title='bbox 93 1995 256 2056; x_wconf 81' lang='lat' dir='ltr'><strong><em>nulla</em></strong></span> <span class='ocrx_word' id='word_1_105' title='bbox 292 1997 439 2055; x_wconf 88' lang='lat' dir='ltr'><strong><em>circa</em></strong></span> <span class='ocrx_word' id='word_1_106' title='bbox 470 1995 837 2055; x_wconf 87' lang='lat' dir='ltr'><strong><em>Poenitentiae</em></strong></span> <span class='ocrx_word' id='word_1_107' title='bbox 867 1995 1048 2076; x_wconf 89' lang='lat' dir='ltr'><strong><em>ipsius</em></strong></span> <span class='ocrx_word' id='word_1_108' title='bbox 1082 1993 1388 2052; x_wconf 85' lang='lat' dir='ltr'><strong><em>notionem</em></strong></span> <span class='ocrx_word' id='word_1_109' title='bbox 1423 1994 1783 2074; x_wconf 85' lang='lat' dir='ltr'><strong><em>-praemittere</em></strong></span> <span class='ocrx_word' id='word_1_110' title='bbox 1815 2007 2213 2076; x_wconf 89' lang='lat' dir='ltr'><strong><em>peropportu-</em></strong></span> 
     </span>
     <span class='ocr_line' id='line_1_16' title="bbox 93 2087 2213 2170; baseline 0 -20"><span class='ocrx_word' id='word_1_111' title='bbox 93 2113 240 2151; x_wconf 89' lang='lat' dir='ltr'><strong><em>num</em></strong></span> <span class='ocrx_word' id='word_1_112' title='bbox 269 2090 533 2150; x_wconf 83' lang='lat' dir='ltr'><strong><em>ducimus</em></strong></span> <span class='ocrx_word' id='word_1_113' title='bbox 552 2135 568 2164; x_wconf 85' lang='lat'><strong><em>.,</em></strong></span> <span class='ocrx_word' id='word_1_114' title='bbox 592 2101 660 2148; x_wconf 91' lang='lat' dir='ltr'><strong><em>ut</em></strong></span> <span class='ocrx_word' id='word_1_115' title='bbox 687 2089 761 2148; x_wconf 89' lang='lat' dir='ltr'><strong><em>ad</em></strong></span> <span class='ocrx_word' id='word_1_116' title='bbox 789 2111 875 2166; x_wconf 80' lang='lat' dir='ltr'><strong><em>ea,</em></strong></span> <span class='ocrx_word' id='word_1_117' title='bbox 906 2109 1034 2170; x_wconf 84' lang='lat' dir='ltr'><strong><em>quae</em></strong></span> <span class='ocrx_word' id='word_1_118' title='bbox 1069 2087 1342 2169; x_wconf 85' lang='lat' dir='ltr'><strong><em>deinceps</em></strong></span> <span class='ocrx_word' id='word_1_119' title='bbox 1376 2088 1678 2148; x_wconf 85' lang='lat' dir='ltr'><strong><em>tractanda</em></strong></span> <span class='ocrx_word' id='word_1_120' title='bbox 1702 2100 1864 2165; x_wconf 68' lang='lat' dir='ltr'><strong><em>sunt,</em></strong></span> <span class='ocrx_word' id='word_1_121' title='bbox 1897 2090 2213 2151; x_wconf 82' lang='lat' dir='ltr'><strong><em>faciliorem</em></strong></span> 
     </span>
     <span class='ocr_line' id='line_1_17' title="bbox 97 2185 843 2248; baseline -0.004 -3"><span class='ocrx_word' id='word_1_122' title='bbox 97 2186 267 2245; x_wconf 87' lang='lat' dir='ltr'><strong><em>nobis</em></strong></span> <span class='ocrx_word' id='word_1_123' title='bbox 294 2186 629 2248; x_wconf 86' lang='lat' dir='ltr'><strong><em>muniamus</em></strong></span> <span class='ocrx_word' id='word_1_124' title='bbox 661 2185 843 2244; x_wconf 89' lang='lat' dir='ltr'><strong><em>viam.</em></strong></span> 
     </span>
    </p>

    <p class='ocr_par' dir='ltr' id='par_1_5' title="bbox 97 2279 2233 3221">
     <span class='ocr_line' id='line_1_18' title="bbox 177 2279 2214 2364; baseline 0.001 -24"><span class='ocrx_word' id='word_1_125' title='bbox 177 2283 235 2340; x_wconf 78' lang='lat'><strong><em>2.</em></strong></span> <span class='ocrx_word' id='word_1_126' title='bbox 281 2282 633 2341; x_wconf 88' lang='lat' dir='ltr'><strong><em>Poenitentia</em></strong></span> <span class='ocrx_word' id='word_1_127' title='bbox 681 2279 896 2362; x_wconf 86' lang='lat' dir='ltr'><strong><em>duplici</em></strong></span> <span class='ocrx_word' id='word_1_128' title='bbox 938 2281 1188 2362; x_wconf 85' lang='lat' dir='ltr'><strong><em>spectari</em></strong></span> <span class='ocrx_word' id='word_1_129' title='bbox 1225 2279 1451 2339; x_wconf 88' lang='lat' dir='ltr'><strong><em>ratione</em></strong></span> <span class='ocrx_word' id='word_1_130' title='bbox 1497 2291 1691 2361; x_wconf 86' lang='lat' dir='ltr'><strong><em>potest</em></strong></span> <span class='ocrx_word' id='word_1_131' title='bbox 1709 2325 1726 2356; x_wconf 67' lang='lat'>7</span> <span class='ocrx_word' id='word_1_132' title='bbox 1769 2281 1866 2343; x_wconf 82' lang='lat' dir='ltr'><strong><em>vel</em></strong></span> <span class='ocrx_word' id='word_1_133' title='bbox 1904 2294 2079 2364; x_wconf 90' lang='lat' dir='ltr'><strong><em>prout</em></strong></span> <span class='ocrx_word' id='word_1_134' title='bbox 2125 2294 2214 2343; x_wconf 88' lang='lat' dir='ltr'><strong><em>est</em></strong></span> 
     </span>
     <span class='ocr_line' id='line_1_19' title="bbox 97 2375 2213 2459; baseline 0 -22"><span class='ocrx_word' id='word_1_135' title='bbox 97 2377 282 2437; x_wconf 84' lang='lat' dir='ltr'><strong><em>virtus</em></strong></span> <span class='ocrx_word' id='word_1_136' title='bbox 304 2422 319 2450; x_wconf 74' lang='grc'><em>,</em></span> <span class='ocrx_word' id='word_1_137' title='bbox 344 2375 439 2437; x_wconf 86' lang='lat' dir='ltr'><strong><em>vel</em></strong></span> <span class='ocrx_word' id='word_1_138' title='bbox 463 2386 637 2457; x_wconf 90' lang='lat' dir='ltr'><strong><em>prout</em></strong></span> <span class='ocrx_word' id='word_1_139' title='bbox 652 2387 739 2434; x_wconf 92' lang='lat' dir='ltr'><strong><em>est</em></strong></span> <span class='ocrx_word' id='word_1_140' title='bbox 756 2377 1218 2435; x_wconf 83' lang='lat' dir='ltr'><strong><em>Sacramentum.</em></strong></span> <span class='ocrx_word' id='word_1_141' title='bbox 1236 2377 1535 2447; x_wconf 84' lang='lat' dir='ltr'><strong><em>Quatenus</em></strong></span> <span class='ocrx_word' id='word_1_142' title='bbox 1554 2387 1642 2436; x_wconf 88' lang='lat' dir='ltr'><strong><em>est</em></strong></span> <span class='ocrx_word' id='word_1_143' title='bbox 1660 2377 1847 2436; x_wconf 89' lang='lat' dir='ltr'><strong><em>virtus</em></strong></span> <span class='ocrx_word' id='word_1_144' title='bbox 1869 2422 1885 2453; x_wconf 66' lang='lat'><em>7</em></span> <span class='ocrx_word' id='word_1_145' title='bbox 1912 2399 1978 2437; x_wconf 90' lang='lat' dir='ltr'><strong><em>ea</em></strong></span> <span class='ocrx_word' id='word_1_146' title='bbox 2006 2379 2213 2459; x_wconf 88' lang='lat' dir='ltr'><strong><em>quovis</em></strong></span> 
     </span>
     <span class='ocr_line' id='line_1_20' title="bbox 102 2470 2217 2553; baseline 0.001 -22"><span class='ocrx_word' id='word_1_147' title='bbox 102 2483 369 2553; x_wconf 87' lang='lat' dir='ltr'><strong><em>tempore</em></strong></span> <span class='ocrx_word' id='word_1_148' title='bbox 395 2472 713 2531; x_wconf 89' lang='lat' dir='ltr'><strong><em>necessaria</em></strong></span> <span class='ocrx_word' id='word_1_149' title='bbox 735 2471 844 2529; x_wconf 89' lang='lat' dir='ltr'><strong><em>fuit</em></strong></span> <span class='ocrx_word' id='word_1_150' title='bbox 868 2470 940 2529; x_wconf 89' lang='lat' dir='ltr'><strong><em>ad</em></strong></span> <span class='ocrx_word' id='word_1_151' title='bbox 969 2470 1271 2529; x_wconf 90' lang='lat' dir='ltr'><strong><em>hominem</em></strong></span> <span class='ocrx_word' id='word_1_152' title='bbox 1295 2473 1416 2530; x_wconf 92' lang='lat' dir='ltr'><strong><em>Deo</em></strong></span> <span class='ocrx_word' id='word_1_153' title='bbox 1438 2471 1949 2532; x_wconf 85' lang='lat' dir='ltr'><strong><em>reconciliandum.</em></strong></span> <span class='ocrx_word' id='word_1_154' title='bbox 1974 2474 2217 2534; x_wconf 89' lang='lat' dir='ltr'><strong><em>Definiri</em></strong></span> 
     </span>
     <span class='ocr_line' id='line_1_21' title="bbox 100 2567 2217 2646; baseline 0.001 -20"><span class='ocrx_word' id='word_1_155' title='bbox 100 2579 295 2641; x_wconf 84' lang='lat' dir='ltr'><strong><em>autem</em></strong></span> <span class='ocrx_word' id='word_1_156' title='bbox 324 2567 499 2627; x_wconf 88' lang='lat' dir='ltr'><strong><em>solet:</em></strong></span> <span class='ocrx_word' id='word_1_157' title='bbox 547 2568 759 2627; x_wconf 76' lang='lat' dir='ltr'><strong><em>Virtus</em></strong></span> <span class='ocrx_word' id='word_1_158' title='bbox 782 2568 1307 2646; x_wconf 81' lang='lat' dir='ltr'><strong><em>supernaturalis,</em></strong></span> <span class='ocrx_word' id='word_1_159' title='bbox 1340 2586 1464 2645; x_wconf 84' lang='lat' dir='ltr'><strong><em>qua</em></strong></span> <span class='ocrx_word' id='word_1_160' title='bbox 1503 2567 1671 2625; x_wconf 73' lang='lat' dir='ltr'><strong><em>homo</em></strong></span> <span class='ocrx_word' id='word_1_161' title='bbox 1701 2580 1967 2628; x_wconf 85' lang='lat' dir='ltr'><strong><em>movetur</em></strong></span> <span class='ocrx_word' id='word_1_162' title='bbox 2001 2571 2088 2628; x_wconf 82' lang='lat' dir='ltr'><strong><em>ad</em></strong></span> <span class='ocrx_word' id='word_1_163' title='bbox 2122 2571 2217 2629; x_wconf 85' lang='lat' dir='ltr'><strong><em>de-</em></strong></span> 
     </span>
     <span class='ocr_line' id='line_1_22' title="bbox 103 2649 2217 2744; baseline 0.001 -22"><span class='ocrx_word' id='word_1_164' title='bbox 103 2669 466 2722; x_wconf 82' lang='lat' dir='ltr'><strong><em>testationem</em></strong></span> <span class='ocrx_word' id='word_1_165' title='bbox 493 2649 595 2722; x_wconf 84' lang='lat' dir='ltr'><strong><em>sui</em></strong></span> <span class='ocrx_word' id='word_1_166' title='bbox 608 2667 850 2742; x_wconf 82' lang='lat' dir='ltr'><strong><em>peccati</em></strong></span> <span class='ocrx_word' id='word_1_167' title='bbox 860 2706 881 2734; x_wconf 82' lang='lat'><em>,</em></span> <span class='ocrx_word' id='word_1_168' title='bbox 910 2664 996 2720; x_wconf 81' lang='lat' dir='ltr'><strong><em>ad</em></strong></span> <span class='ocrx_word' id='word_1_169' title='bbox 1015 2663 1268 2740; x_wconf 79' lang='lat' dir='ltr'><strong><em>firmum</em></strong></span> <span class='ocrx_word' id='word_1_170' title='bbox 1299 2664 1564 2721; x_wconf 78' lang='lat' dir='ltr'><strong><em>melioris</em></strong></span> <span class='ocrx_word' id='word_1_171' title='bbox 1589 2668 1725 2722; x_wconf 85' lang='lat' dir='ltr'><strong><em>vitoe</em></strong></span> <span class='ocrx_word' id='word_1_172' title='bbox 1739 2670 2121 2744; x_wconf 82' lang='lat' dir='ltr'><strong><em>propositum</em></strong></span> <span class='ocrx_word' id='word_1_173' title='bbox 2143 2686 2217 2725; x_wconf 92' lang='lat' dir='ltr'><strong><em>ac</em></strong></span> 
     </span>
     <span class='ocr_line' id='line_1_23' title="bbox 104 2761 2218 2839; baseline 0 -20"><span class='ocrx_word' id='word_1_174' title='bbox 104 2763 190 2819; x_wconf 83' lang='lat' dir='ltr'><strong><em>ad</em></strong></span> <span class='ocrx_word' id='word_1_175' title='bbox 215 2764 313 2818; x_wconf 88' lang='lat' dir='ltr'><strong><em>sui</em></strong></span> <span class='ocrx_word' id='word_1_176' title='bbox 336 2761 669 2819; x_wconf 82' lang='lat' dir='ltr'><strong><em>vindictam</em></strong></span> <span class='ocrx_word' id='word_1_177' title='bbox 691 2765 760 2817; x_wconf 88' lang='lat' dir='ltr'><strong><em>in</em></strong></span> <span class='ocrx_word' id='word_1_178' title='bbox 782 2762 1315 2838; x_wconf 80' lang='lat' dir='ltr'><strong><em>compensationem</em></strong></span> <span class='ocrx_word' id='word_1_179' title='bbox 1343 2761 1597 2836; x_wconf 64' lang='lat' dir='ltr'><strong><em>injuriae</em></strong></span> <span class='ocrx_word' id='word_1_180' title='bbox 1623 2761 1743 2818; x_wconf 89' lang='lat' dir='ltr'><strong><em>Deo</em></strong></span> <span class='ocrx_word' id='word_1_181' title='bbox 1763 2781 1881 2839; x_wconf 84' lang='lat' dir='ltr'><strong><em>per</em></strong></span> <span class='ocrx_word' id='word_1_182' title='bbox 1898 2771 2218 2839; x_wconf 87' lang='lat' dir='ltr'><strong><em>peccatum</em></strong></span> 
     </span>
     <span class='ocr_line' id='line_1_24' title="bbox 106 2854 2219 2935; baseline 0.001 -23"><span class='ocrx_word' id='word_1_183' title='bbox 106 2858 307 2914; x_wconf 73' lang='lat' dir='ltr'><strong><em>illatae.</em></strong></span> <span class='ocrx_word' id='word_1_184' title='bbox 344 2856 483 2928; x_wconf 86' lang='lat' dir='ltr'><strong><em>Quae</em></strong></span> <span class='ocrx_word' id='word_1_185' title='bbox 511 2854 772 2914; x_wconf 87' lang='lat' dir='ltr'><strong><em>definitio</em></strong></span> <span class='ocrx_word' id='word_1_186' title='bbox 794 2901 809 2925; x_wconf 68' lang='grc'>,</span> <span class='ocrx_word' id='word_1_187' title='bbox 849 2856 1281 2935; x_wconf 85' lang='lat' dir='ltr'><strong><em>Scripturarum</em></strong></span> <span class='ocrx_word' id='word_1_188' title='bbox 1316 2854 1658 2913; x_wconf 85' lang='lat' dir='ltr'><strong><em>auctoritate</em></strong></span> <span class='ocrx_word' id='word_1_189' title='bbox 1696 2855 1898 2914; x_wconf 86' lang='lat' dir='ltr'><strong><em>innixa</em></strong></span> <span class='ocrx_word' id='word_1_190' title='bbox 1921 2900 1937 2929; x_wconf 80' lang='lat'><strong><em>.,</em></strong></span> <span class='ocrx_word' id='word_1_191' title='bbox 1962 2855 2219 2915; x_wconf 78' lang='lat' dir='ltr'><strong><em>excludit</em></strong></span> 
     </span>
     <span class='ocr_line' id='line_1_25' title="bbox 107 2947 2219 3032; baseline 0 -24"><span class='ocrx_word' id='word_1_192' title='bbox 107 2950 346 3009; x_wconf 85' lang='lat' dir='ltr'><strong><em>Lutheri</em></strong></span> <span class='ocrx_word' id='word_1_193' title='bbox 381 2949 705 3008; x_wconf 81' lang='lat' dir='ltr'><strong><em>doctrinam</em></strong></span> <span class='ocrx_word' id='word_1_194' title='bbox 724 2994 748 3022; x_wconf 93' lang='lat'><em>,</em></span> <span class='ocrx_word' id='word_1_195' title='bbox 770 2949 871 3032; x_wconf 81' lang='lat' dir='ltr'><strong><em>qui</em></strong></span> <span class='ocrx_word' id='word_1_196' title='bbox 891 2952 953 3007; x_wconf 92' lang='lat' dir='ltr'><strong><em>in</em></strong></span> <span class='ocrx_word' id='word_1_197' title='bbox 982 2947 1103 3007; x_wconf 87' lang='lat' dir='ltr'><strong><em>sola</em></strong></span> <span class='ocrx_word' id='word_1_198' title='bbox 1132 2953 1390 3007; x_wconf 83' lang='lat' dir='ltr'><strong><em>novitate</em></strong></span> <span class='ocrx_word' id='word_1_199' title='bbox 1427 2951 1563 3006; x_wconf 82' lang='lat' dir='ltr'><strong><em>vitoe</em></strong></span> <span class='ocrx_word' id='word_1_200' title='bbox 1589 2948 1685 3008; x_wconf 86' lang='lat' dir='ltr'><strong><em>vel</em></strong></span> <span class='ocrx_word' id='word_1_201' title='bbox 1715 2954 2130 3029; x_wconf 75' lang='lat' dir='ltr'><strong><em>resipiscentia</em></strong></span> <span class='ocrx_word' id='word_1_202' title='bbox 2152 2970 2219 3008; x_wconf 88' lang='lat' dir='ltr'><strong><em>ac</em></strong></span> 
     </span>
     <span class='ocr_line' id='line_1_26' title="bbox 108 3043 2233 3125; baseline -0.001 -21"><span class='ocrx_word' id='word_1_203' title='bbox 108 3044 329 3104; x_wconf 85' lang='lat' dir='ltr'><strong><em>consilii</em></strong></span> <span class='ocrx_word' id='word_1_204' title='bbox 353 3045 676 3103; x_wconf 82' lang='lat' dir='ltr'><strong><em>mutatione</em></strong></span> <span class='ocrx_word' id='word_1_205' title='bbox 697 3044 1112 3105; x_wconf 87' lang='lat' dir='ltr'><strong><em>Poenitentiam</em></strong></span> <span class='ocrx_word' id='word_1_206' title='bbox 1141 3043 1315 3125; x_wconf 85' lang='lat' dir='ltr'><strong><em>plene</em></strong></span> <span class='ocrx_word' id='word_1_207' title='bbox 1343 3043 1629 3116; x_wconf 87' lang='lat' dir='ltr'><strong><em>contineri</em></strong></span> <span class='ocrx_word' id='word_1_208' title='bbox 1655 3043 1985 3104; x_wconf 87' lang='lat' dir='ltr'><strong><em>affirmabat</em></strong></span> <span class='ocrx_word' id='word_1_209' title='bbox 2007 3090 2023 3119; x_wconf 74' lang='grc'><em>,</em></span> <span class='ocrx_word' id='word_1_210' title='bbox 2054 3043 2233 3119; x_wconf 24' lang='lat' dir='ltr'><strong><em>nullo-</em></strong></span> 
     </span>
     <span class='ocr_line' id='line_1_27' title="bbox 105 3137 2220 3221; baseline 0 -23"><span class='ocrx_word' id='word_1_211' title='bbox 105 3139 410 3221; x_wconf 85' lang='lat' dir='ltr'><strong><em>praeteritae</em></strong></span> <span class='ocrx_word' id='word_1_212' title='bbox 451 3139 584 3200; x_wconf 84' lang='lat' dir='ltr'><strong><em>vitae</em></strong></span> <span class='ocrx_word' id='word_1_213' title='bbox 611 3138 775 3217; x_wconf 80' lang='lat' dir='ltr'><strong><em>odic,</em></strong></span> <span class='ocrx_word' id='word_1_214' title='bbox 811 3138 975 3196; x_wconf 90' lang='lat' dir='ltr'><strong><em>nullo</em></strong></span> <span class='ocrx_word' id='word_1_215' title='bbox 1013 3139 1194 3197; x_wconf 89' lang='lat' dir='ltr'><strong><em>animi</em></strong></span> <span class='ocrx_word' id='word_1_216' title='bbox 1227 3137 1426 3197; x_wconf 89' lang='lat' dir='ltr'><strong><em>dolore</em></strong></span> <span class='ocrx_word' id='word_1_217' title='bbox 1455 3150 1736 3220; x_wconf 89' lang='lat' dir='ltr'><strong><em>concepto</em></strong></span> <span class='ocrx_word' id='word_1_218' title='bbox 1768 3140 1879 3219; x_wconf 89' lang='grc'>(1).</span> <span class='ocrx_word' id='word_1_219' title='bbox 1913 3143 2038 3214; x_wconf 85' lang='lat' dir='ltr'><strong><em>Qua</em></strong></span> <span class='ocrx_word' id='word_1_220' title='bbox 2064 3140 2130 3198; x_wconf 90' lang='lat' dir='ltr'><strong><em>in</em></strong></span> <span class='ocrx_word' id='word_1_221' title='bbox 2155 3162 2220 3200; x_wconf 89' lang='lat' dir='ltr'><strong><em>re</em></strong></span> 
     </span>
    </p>
   </div>
   <div class='ocr_carea' id='block_1_5' title="bbox 106 3324 2222 3809">
    <p class='ocr_par' dir='ltr' id='par_1_6' title="bbox 106 3324 2222 3809">
     <span class='ocr_line' id='line_1_28' title="bbox 176 3324 2222 3394; baseline 0.002 -17"><span class='ocrx_word' id='word_1_222' title='bbox 176 3332 242 3394; x_wconf 92' lang='lat' dir='ltr'><strong><em>(l)</em></strong></span> <span class='ocrx_word' id='word_1_223' title='bbox 279 3328 377 3377; x_wconf 80' lang='lat' dir='ltr'><strong><em>Cfr.</em></strong></span> <span class='ocrx_word' id='word_1_224' title='bbox 401 3329 621 3377; x_wconf 85' lang='lat' dir='ltr'><strong><em>Bellarm.</em></strong></span> <span class='ocrx_word' id='word_1_225' title='bbox 646 3326 718 3377; x_wconf 88' lang='lat' dir='ltr'><strong><em>De</em></strong></span> <span class='ocrx_word' id='word_1_226' title='bbox 741 3324 923 3376; x_wconf 84' lang='lat' dir='ltr'><strong><em>Poenit.</em></strong></span> <span class='ocrx_word' id='word_1_227' title='bbox 956 3327 1042 3376; x_wconf 92' lang='lat' dir='ltr'><strong><em>lib.</em></strong></span> <span class='ocrx_word' id='word_1_228' title='bbox 1068 3344 1114 3387; x_wconf 89' lang='lat'><strong><em>1,</em></strong></span> <span class='ocrx_word' id='word_1_229' title='bbox 1201 3345 1384 3376; x_wconf 86' lang='lat' dir='ltr'><strong><em>morum</em></strong></span> <span class='ocrx_word' id='word_1_230' title='bbox 1416 3337 1657 3376; x_wconf 80' lang='lat' dir='ltr'><strong><em>auctorum</em></strong></span> <span class='ocrx_word' id='word_1_231' title='bbox 1675 3346 1782 3379; x_wconf 88' lang='lat' dir='ltr'><strong><em>usu.</em></strong></span> <span class='ocrx_word' id='word_1_232' title='bbox 1800 3329 1919 3379; x_wconf 86' lang='lat' dir='ltr'><strong><em>Nam</em></strong></span> <span class='ocrx_word' id='word_1_233' title='bbox 1945 3330 2222 3381; x_wconf 81' lang='lat' dir='ltr'><strong><em>Laurentius</em></strong></span> 
     </span>
     <span class='ocr_line' id='line_1_29' title="bbox 106 3398 2222 3478; baseline 0 -16"><span class='ocrx_word' id='word_1_234' title='bbox 106 3430 206 3478; x_wconf 81' lang='lat' dir='ltr'><strong><em>cap.</em></strong></span> <span class='ocrx_word' id='word_1_235' title='bbox 241 3429 267 3478; x_wconf 89' lang='lat'><strong>7</strong></span> <span class='ocrx_word' id='word_1_236' title='bbox 289 3450 302 3471; x_wconf 89' lang='lat'>‚</span> <span class='ocrx_word' id='word_1_237' title='bbox 330 3411 414 3459; x_wconf 87' lang='lat' dir='ltr'><strong><em>ubi</em></strong></span> <span class='ocrx_word' id='word_1_238' title='bbox 438 3413 586 3473; x_wconf 84' lang='lat' dir='ltr'><strong><em>arguit</em></strong></span> <span class='ocrx_word' id='word_1_239' title='bbox 612 3411 853 3459; x_wconf 78' lang='lat' dir='ltr'><strong><em>stultitiam</em></strong></span> <span class='ocrx_word' id='word_1_240' title='bbox 878 3410 1119 3458; x_wconf 80' lang='lat' dir='ltr'><strong><em>doctorum</em></strong></span> <span class='ocrx_word' id='word_1_241' title='bbox 1201 3407 1357 3471; x_wconf 85' lang='lat' dir='ltr'><strong><em>Valla,</em></strong></span> <span class='ocrx_word' id='word_1_242' title='bbox 1379 3409 1618 3472; x_wconf 85' lang='lat' dir='ltr'><strong><em>Erasmus,</em></strong></span> <span class='ocrx_word' id='word_1_243' title='bbox 1637 3410 1868 3460; x_wconf 84' lang='lat' dir='ltr'><strong><em>Luthcrus</em></strong></span> <span class='ocrx_word' id='word_1_244' title='bbox 1891 3450 1905 3472; x_wconf 92' lang='lat'>‚</span> <span class='ocrx_word' id='word_1_245' title='bbox 1925 3398 2041 3462; x_wconf 81' lang='lat' dir='ltr'><strong><em>Beza</em></strong></span> <span class='ocrx_word' id='word_1_246' title='bbox 2060 3429 2222 3462; x_wconf 87' lang='lat' dir='ltr'><strong><em>vocem</em></strong></span> 
     </span>
     <span class='ocr_line' id='line_1_30' title="bbox 110 3489 2222 3560; baseline -0 -18"><span class='ocrx_word' id='word_1_247' title='bbox 110 3495 436 3559; x_wconf 84' lang='lat' dir='ltr'><strong><em>illorum,qui,</em></strong></span> <span class='ocrx_word' id='word_1_248' title='bbox 457 3495 606 3558; x_wconf 85' lang='lat' dir='ltr'><strong><em>potius</em></strong></span> <span class='ocrx_word' id='word_1_249' title='bbox 623 3494 950 3558; x_wconf 81' lang='lat' dir='ltr'><strong><em>grammaticos</em></strong></span> <span class='ocrx_word' id='word_1_250' title='bbox 968 3509 1112 3558; x_wconf 82' lang='lat' dir='ltr'><strong><em>quam</em></strong></span> <span class='ocrx_word' id='word_1_251' title='bbox 1201 3489 1436 3553; x_wconf 68' lang='grc' dir='ltr'><em>μετάνοιαν</em></span> <span class='ocrx_word' id='word_1_252' title='bbox 1509 3499 1772 3542; x_wconf 84' lang='lat' dir='ltr'><strong><em>constanter</em></strong></span> <span class='ocrx_word' id='word_1_253' title='bbox 1840 3495 2222 3560; x_wconf 81' lang='lat' dir='ltr'><strong><em>resipiscentiam</em></strong></span> 
     </span>
     <span class='ocr_line' id='line_1_31' title="bbox 107 3571 2221 3641; baseline 0.001 -19"><span class='ocrx_word' id='word_1_254' title='bbox 107 3574 363 3641; x_wconf 84' lang='lat' dir='ltr'><strong><em>Theologos</em></strong></span> <span class='ocrx_word' id='word_1_255' title='bbox 377 3584 747 3639; x_wconf 74' lang='lat' dir='ltr'><strong><em>agente8‚vocum</em></strong></span> <span class='ocrx_word' id='word_1_256' title='bbox 768 3574 1118 3640; x_wconf 82' lang='lat' dir='ltr'><strong><em>significationes</em></strong></span> <span class='ocrx_word' id='word_1_257' title='bbox 1199 3571 1339 3621; x_wconf 85' lang='lat' dir='ltr'><strong><em>latine</em></strong></span> <span class='ocrx_word' id='word_1_258' title='bbox 1383 3582 1597 3633; x_wconf 79' lang='lat' dir='ltr'><strong><em>vertunt,</em></strong></span> <span class='ocrx_word' id='word_1_259' title='bbox 1657 3586 1702 3623; x_wconf 89' lang='lat' dir='ltr'><strong><em>et</em></strong></span> <span class='ocrx_word' id='word_1_260' title='bbox 1753 3587 1983 3624; x_wconf 84' lang='lat' dir='ltr'><strong><em>auctorem</em></strong></span> <span class='ocrx_word' id='word_1_261' title='bbox 2029 3576 2221 3640; x_wconf 83' lang='lat' dir='ltr'><strong><em>vulgatae</em></strong></span> 
     </span>
     <span class='ocr_line' id='line_1_32' title="bbox 111 3652 2221 3725; baseline 0 -21"><span class='ocrx_word' id='word_1_262' title='bbox 111 3673 166 3704; x_wconf 86' lang='lat' dir='ltr'><strong><em>ex</em></strong></span> <span class='ocrx_word' id='word_1_263' title='bbox 183 3656 455 3723; x_wconf 73' lang='lat' dir='ltr'><strong><em>etymologia</em></strong></span> <span class='ocrx_word' id='word_1_264' title='bbox 476 3658 742 3706; x_wconf 84' lang='lat' dir='ltr'><strong><em>maluerunt</em></strong></span> <span class='ocrx_word' id='word_1_265' title='bbox 780 3657 946 3704; x_wconf 87' lang='lat' dir='ltr'><strong><em>ducere</em></strong></span> <span class='ocrx_word' id='word_1_266' title='bbox 978 3674 1120 3722; x_wconf 85' lang='lat' dir='ltr'><strong><em>quam</em></strong></span> <span class='ocrx_word' id='word_1_267' title='bbox 1200 3652 1570 3721; x_wconf 77' lang='lat' dir='ltr'><strong><em>reprehendunt,</em></strong></span> <span class='ocrx_word' id='word_1_268' title='bbox 1606 3659 1732 3725; x_wconf 90' lang='lat' dir='ltr'><strong><em>quod</em></strong></span> <span class='ocrx_word' id='word_1_269' title='bbox 1755 3659 1948 3706; x_wconf 84' lang='lat' dir='ltr'><strong><em>verbum</em></strong></span> <span class='ocrx_word' id='word_1_270' title='bbox 1987 3655 2221 3721; x_wconf 66' lang='grc' dir='ltr'><strong><em>μετάνοιαν</em></strong></span> 
     </span>
     <span class='ocr_line' id='line_1_33' title="bbox 111 3738 2008 3809; baseline 0.003 -25"><span class='ocrx_word' id='word_1_271' title='bbox 111 3753 165 3785; x_wconf 85' lang='lat' dir='ltr'><strong><em>ex</em></strong></span> <span class='ocrx_word' id='word_1_272' title='bbox 213 3740 448 3787; x_wconf 87' lang='lat' dir='ltr'><strong><em>communi</em></strong></span> <span class='ocrx_word' id='word_1_273' title='bbox 487 3738 731 3804; x_wconf 85' lang='lat' dir='ltr'><strong><em>Scripturae</em></strong></span> <span class='ocrx_word' id='word_1_274' title='bbox 768 3748 814 3788; x_wconf 86' lang='lat' dir='ltr'><strong><em>et</em></strong></span> <span class='ocrx_word' id='word_1_275' title='bbox 859 3738 1121 3804; x_wconf 85' lang='lat' dir='ltr'><strong><em>probatissi-</em></strong></span> <span class='ocrx_word' id='word_1_276' title='bbox 1202 3741 1453 3792; x_wconf 85' lang='lat' dir='ltr'><strong><em>reddiderit</em></strong></span> <span class='ocrx_word' id='word_1_277' title='bbox 1475 3742 1821 3809; x_wconf 65' lang='lat' dir='ltr'><strong><em>poenitentiam</em></strong></span> <span class='ocrx_word' id='word_1_278' title='bbox 1852 3757 2008 3804; x_wconf 78' lang='lat' dir='ltr'><strong><em>aqere.</em></strong></span> 
     </span>
    </p>
   </div>
  </div>
 </body>
</html>
