2502 4186
313 227 427 306 100
805 271 811 275 -
888 245 1207 286 rnAcrArus
1249 246 1316 280 mi
1358 243 1823 285 conFmMA‘uonn.

313 389 651 470 scriptione,
670 406 798 465 quae
822 395 909 442 est
929 386 1022 442 De
1036 385 1380 462 Baptism05
1403 404 1575 464 quem
1599 383 1832 455 idcirce,
1858 405 1983 464 cap.
2005 389 2078 462 X,
2093 386 2181 446 his
2210 387 2396 449 verbis

311 482 598 551 absolvit:
630 481 946 550 Diximus.)
971 488 1269 555 quantum
1292 479 1696 536 mediocritati
1711 488 1920 537 nostrae
1935 480 2139 553 licuit,
2158 483 2227 539 de
2252 486 2398 540 uni-

306 581 487 636 versis
501 617 525 645 ,
557 594 687 651 quoe
714 572 1027 650 Baptismi
1045 574 1399 650 jreliyionem
1436 583 1699 630 struunt.
1733 572 1881 629 Hinc
1907 572 2165 630 unctioni
2191 575 2396 651 adjecit

308 667 770 748 degustationem
791 665 954 725 lactis
979 677 1037 726 et
1065 665 1253 726 mellis
1273 711 1288 740 ,
1327 688 1456 746 quae
1483 666 1545 723 in
1577 665 2024 725 Confirmatione
2051 665 2242 724 locum
2277 689 2397 726 non

309 762 564 834 habent3
591 759 976 834 scribityenim
994 805 1010 834 ,
1052 760 1293 819 Contra.
1322 762 1725 830 Marcionem,
1758 758 1859 817 lib.
1889 760 1945 834 I7
1969 755 2092 840 cap.
2120 761 2247 818 XIV
2267 804 2284 834 7
2325 760 2399 820 de

306 857 553 918 Christo
563 877 729 915 novae
764 854 902 933 legis
937 866 1169 924 auctore
1210 877 1223 912 ε
1267 855 1456 932 Usque
1491 875 1655 911 nuno
1678 875 1782 911 neo
1804 875 2026 931 aquam
2060 856 2402 933 reprobavit

310 954 654 1025 Creatoris
617 987 654 1022 ,
685 971 807 1028 qua
839 970 970 1007 suos
1007 951 1242 1022 abluit5
1284 971 1390 1007 neo
1423 951 1613 1006 oleam
1629 990 1652 1019 ‚
1689 969 1801 1025 quo
1835 969 1968 1005 suos
1998 954 2248 1026 ἀπ-φαίη·
2292 970 2397 1006 nec

304 1049 511 1120 mellia
538 1056 591 1104 et
624 1042 795 1102 lactis
838 1048 1165 1102 societatem
1191 1087 1211 1115 ,
1256 1065 1376 1121 qua
1416 1064 1552 1100 suos
1597 1045 1883 1119 infantat.
1925 1041 1990 1098 40
2043 1041 2396 1100 Tertulliano

303 1152 584 1203 consonat
619 1141 678 1213 S.
719 1137 1018 1197 Cornelius
1060 1141 1253 1219 Papa,
1302 1139 1399 1217 qui
1445 1137 1730 1210 affirmat
1770 1136 2280 1211 Confirmationem
2320 1134 2392 1194 ab

309 1222 587 1317 Episcopo
623 1233 803 1313 recipi
837 1224 1255 1308 deberes-uxta
1293 1233 1740 1315 ecclesiasticam
1778 1231 2068 1308 reyulam.
2106 1229 2170 1286 5⁰
2209 1232 2396 1302 Quare

304 1330 520 1411 passim
551 1329 782 1385 Veteres
808 1337 1020 1386 vocant
1045 1326 1557 1384 Confirmationem
1594 1347 1694 1384 seu
1722 1346 1929 1383 manus
1964 1323 2397 1405 impositionem

300 1427 611 1504 Raptis-mi
624 1424 1069 1500 perfectionem,
1098 1430 1164 1477 ut
1201 1419 1520 1477 Concilium
1546 1418 1960 1478 Illiberitanum
1992 1420 2116 1497 (1),
2147 1417 2242 1478 vel
2267 1440 2403 1495 sup-

294 1521 665 1600 plementum
687 1559 703 1590 .‚
728 1526 794 1572 ut
824 1516 882 1572 S.
904 1513 1222 1595 Cyprianus
1243 1513 1356 1592 (2).
1384 1514 1448 1571 60
1480 1514 1588 1586 Qui
1614 1513 1858 1594 proinde
1878 1557 1893 1586 ,
1921 1513 2116 1591 Epist.
2142 1514 2400 1584 LXXII,

305 1611 502 1672 subdit
544 1633 557 1669 :
613 1611 786 1669 Timo
819 1610 1060 1667 demum
1090 1609 1405 1687 (homines)
1436 1611 1611 1687 plene
1644 1609 2019 1684 sanctificari
2050 1618 2105 1665 et
2136 1629 2249 1666 esse
2283 1610 2406 1686 filii

302 1711 424 1767 Dei
443 1715 725 1785 possunt,
766 1709 825 1762 si
861 1706 1240 1763 Sacramento
1281 1715 1529 1782 utroque
1570 1714 1940 1770 nascantur,-
1979 1703 2201 1760 censuit
2229 1703 2401 1780 igitur

305 1823 484 1862 unum
522 1800 709 1880 reipsa
752 1791 1192 1870 Sacramentum
1237 1819 1394 1872 esse
1446 1797 1703 1878 alioquin
1749 1797 1923 1855 falsus
1967 1796 2228 1856 subesset
2276 1802 2395 1873 ejus

303 1895 606 1956 assertioni
647 1914 868 1952 sensus.
908 1894 975 1951 70
1010 1895 1132 1951 lmo
1171 1913 1277 1950 nec
1309 1895 1505 1950 Patres
1546 1892 1787 1965 desunt,
1834 1891 1931 1971 qui
1971 1890 2140 1967 hujus
2169 1891 2401 1949 Confir-

302 1990 573 2049 mationis
608 1988 889 2067 originem
919 1987 992 2046 ab
1035 1987 1319 2046 haereticis
1351 1986 1767 2045 Valentinianis
1805 1997 2114 2065 repetant·
2152 1987 2237 2043 uti
2283 1987 2401 2044 Ire-

305 2106 464 2145 naeus
478 2129 501 2157 ,
531 2085 631 2165 qui
660 2084 880 2143 Contra
915 2083 1142 2141 HoereS.
1191 2081 1294 2140 lib.
1321 2083 1379 2155 I,
1407 2077 1547 2162 ipsis
1581 2079 1925 2160 exprobrat,
1973 2079 2130 2160 quod
2172 2078 2403 2159 opobal-

304 2203 479 2240 samo·
499 2190 800 2239 ute-rentur
831 2178 904 2237 ad
928 2200 1056 2237 suos
1087 2178 1411 2259 neophytos
1437 2177 1821 2257 inungendOS.
1866 2178 1943 2233 Ut
1969 2177 2141 2254 igitur
2182 2175 2403 2256 aliquid

302 2286 636 2357 pergratum
665 2274 776 2332 illis
816 2275 980 2332 fieret
1008 2318 1023 2346 ,
1061 2274 1159 2353 qui
1195 2283 1410 2330 sectam
1447 2271 1985 2329 Valentinianorum
2025 2274 2314 2346 ejurantes
2337 2270 2400 2329 in

301 2369 611 2429 Ecclesiam
638 2389 697 2426 se
724 2368 1113 2447 recipiebant,
1143 2377 1207 2424 ut
1236 2366 1467 2443 conjicit
1500 2366 1809 2444 Basnagius
1838 2411 1854 2440 ‚
1884 2365 1945 2423 in
1967 2365 2273 2424 Ecclesiam
2305 2364 2399 2423 de-

303 2465 543 2526 ductum
574 2473 660 2521 est
698 2462 1022 2521 chrismatis
1048 2462 1385 2519 institutum
1413 2460 1521 2539 (3).
1564 2462 1729 2539 Erg0.

383 2558 481 2618 23.
527 2561 701 2638 Resp.
732 2556 881 2636 Neq.
913 2567 1038 2615 ant.
1067 2554 1153 2614 Ad
1191 2556 1267 2613 lm
1298 2554 1467 2635 prob.
1508 2557 1666 2614 Dist.
1702 2553 1979 2612 Nonnulli
2014 2554 2208 2610 Patres
2233 2553 2398 2612 silue-

303 2665 443 2712 runt
462 2697 477 2726 ,
520 2652 643 2710 aliis
676 2650 1045 2731 loquentibus
1071 2701 1083 2723 ‚
1123 2671 1312 2715 conc.,·
1340 2670 1500 2708 secus
1522 2693 1538 2722 7
1569 2670 1695 2727 neq.
1734 2648 1922 2705 Pauca
1959 2646 2272 2706 admodum
2298 2648 2405 2706 do-

305 2756 575 2805 cumenta
603 2748 802 2803 Patres
837 2744 919 2802 illi
942 2789 957 2817 a
984 2765 1125 2824 quos
1155 2754 1415 2802 recenset
1447 2743 1776 2820 Basnagius,
1811 2740 1976 2799 nobis
2001 2741 2399 2823 reliquerunt3

308 2862 509 2900 eorum
550 2850 746 2898 autem
782 2859 986 2919 scopus
1023 2859 1145 2895 non
1189 2837 1410 2896 ferebat
1433 2882 1449 2911 ,
1496 2848 1562 2894 ut
1602 2837 1674 2894 de
1713 2837 2163 2895 Confirmatione
2195 2837 2403 2918 loque-

304 2945 526 2994 rentur.
569 2932 756 2992 Ceteri
796 2954 860 2991 ac
906 2932 1023 2991 fere
1061 2953 1338 3013 suppares
1391 2931 1614 3012 copiose
1663 2931 1734 2988 de
1778 2930 1982 2988 eodem
2033 2933 2400 2990 Sacramento

307 3029 596 3087 disserunt
633 3039 908 3108 tanquam
943 3027 1014 3086 de
1043 3049 1106 3086 re
1134 3027 1522 3108 receptissima
1563 3037 1620 3084 et
1652 3027 1865 3106 passim
1891 3038 2209 3106 usurpata·
2253 3025 2400 3084 nihil

304 3124 476 3202 igitur
513 3144 693 3181 causae
742 3122 1035 3206 catholicae
1064 3121 1233 3181 obest
1273 3143 1589 3202 paucorum
1624 3121 1855 3178 illorum
1899 3121 2212 3180 silentium.
2259 3123 2398 3179 Ter-

307 3216 583 3274 tullianus
618 3238 756 3275 vero
776 3261 792 3291 ‚
835 3217 935 3297 qui
973 3216 1295 3275 luculenter
1326 3217 1468 3275 adeo
1500 3216 1572 3274 de
1604 3217 2050 3274 Confirmatione
2093 3215 2392 3289 disseruit

305 3311 401 3371 vix
443 3310 856 3392 quinquaginta
878 3312 1046 3370 annis
1072 3309 1145 3370 ab
1175 3309 1337 3370 obitu
1373 3310 1629 3392 Apostoli
1664 3310 1905 3368 Joannis
1938 3310 2155 3369 floruit.
2205 3310 2393 3368 Inter-

367 3582 437 3643 .(1)
476 3580 591 3628 Can.
625 3596 818 3628 xxxvm.
1464 3579 1530 3645 (3)
1568 3580 1676 3629 Loc.
1712 3583 1789 3629 cit.
1817 3598 1867 3628 n.
1901 3580 1950 3627 3.

366 3663 438 3726 (2)
476 3660 639 3727 Epist.
660 3677 809 3710 uxm.
