2502 4186
243 247 364 308 228

861 262 1183 302 TRACTATUS
1225 263 1295 298 DE
1338 258 1726 301 EUCHARISTIA.

241 410 610 481 inferebant,
653 427 786 466 eam
827 426 942 464 nec
981 404 1263 463 asservari
1300 423 1468 484 posse
1495 447 1510 475 a
1558 423 1668 462 nec
1703 402 1918 463 deserri
1964 409 2040 468 ad
2077 410 2376 485 infirmos;

243 508 333 566 cui
349 503 530 565 errori
546 501 730 590 alium
746 520 1035 559 canonem
1051 498 1325 580 opposuit
1345 496 1687 556 Tridentina
1705 499 1996 578 SynoduS.
2021 524 2238 585 nempe
2254 507 2378 580 Vll,

243 601 344 681 qui
371 600 454 657 ita
497 618 558 657 se
589 594 768 654 habet
804 617 818 654 :
862 595 937 652 Si
965 600 1104 673 quis
1135 594 1398 663 dixerit,
1431 613 1552 650 non
1585 598 1756 651 licere
1784 615 2026 654 sacram
2061 598 2122 658 E
2128 601 2378 659 achari—

242 699 425 754 stiam
453 697 523 751 in
551 694 826 750 sacrario
856 693 1162 749 reservari
1178 734 1194 760 .
1225 689 1330 746 sed
1357 692 1564 746 statim
1581 699 1719 766 post
1742 697 2241 751 consecrationem
2270 698 2383 754 ad-

241 788 548 848 stantibus
579 790 912 846 neeessario
945 784 1468 854 distribuendam,
1506 794 1619 840 auc
1647 804 1769 843 non
1803 787 2012 859 licere,
2049 798 2122 846 ut
2154 790 2263 847 illa
2303 791 2389 847 ad

239 884 515 962 infirmos
539 883 859 960 honorifice
878 881 1193 959 deferatur
1206 922 1230 950 ,
1259 879 1599 937 anathema.
1631 884 1725 937 sit.

328 979 464 1038 166.
515 979 603 1036 Ita
653 998 830 1058 porro
878 973 1160 1034 catholica
1197 973 1322 1032 haec
1374 973 1588 1032 veritas
1637 994 1711 1032 ex
1757 974 1951 1035 verbis
1997 980 2384 1039 institutionis

239 1075 529 1136 evincitur
557 1095 571 1130 ε
608 1073 941 1154 Antequam
970 1068 1232 1152 Apostoli
1258 1069 1687 1128 manducarent
1724 1081 1824 1128 aut
1849 1069 2122 1133 biberent
2146 1121 2161 1150 .,
2203 1075 2384 1134 verba

166 1219 169 1222 ⁴
241 1171 460 1231 Christi
504 1191 518 1227 :
554 1173 674 1227 Hoc
715 1177 833 1239 est,
871 1178 983 1226 etc.
1025 1166 1152 1226 Hie
1181 1176 1298 1236 est,
1335 1176 1451 1224 etc.
1494 1165 1594 1225 vix
1623 1164 1850 1247 prolata
1873 1211 1889 1240 a
1929 1179 1989 1226 et
2029 1188 2166 1230 vera
2208 1182 2267 1230 et
2302 1171 2384 1229 ef-

236 1267 429 1327 ficacia
455 1265 695 1324 fuerunt
713 1308 729 1338 ,
759 1283 825 1322 ac
857 1272 1095 1343 operata
1127 1271 1269 1319 sunt
1290 1261 1740 1320 conversionem
1769 1306 1785 1337 ,
1823 1283 2005 1342 quam
2030 1264 2376 1343 significant.

238 1364 385 1442 Ergo
423 1359 777 1420 Eucharistia
806 1359 1000 1438 neque
1030 1356 1093 1414 in
1118 1354 1241 1414 solo
1271 1376 1381 1413 usu
1407 1401 1423 1430 ,
1455 1377 1649 1436 neque
1682 1357 1744 1414 in
1776 1357 1896 1416 sola
1934 1362 2383 1441 consumptione

240 1456 525 1517 consistit.
567 1458 697 1514 =Imo
735 1475 877 1516 vera
914 1453 1162 1511 fuissent
1211 1451 1391 1511 etiam
1425 1451 1488 1509 in
1516 1450 1828 1534 hypo-thesi
1852 1498 1868 1529 3
1906 1455 2067 1536 quod
2122 1456 2384 1538 Apostoli

242 1552 600 1612 manducare
631 1561 734 1609 aut
775 1548 978 1608 bibere
1006 1557 1389 1606 recusassent.

326 1650 464 1709 167.
514 1649 707 1707 Omne
754 1657 1034 1728 praeterea
1069 1642 1318 1702 dubium
1364 1642 1625 1724 dispellit
1675 1647 1948 1707 universa
1992 1647 2264 1723 traditio3
2313 1671 2383 1709 ex

245 1767 360 1827 qua
404 1754 670 1816 constat,
720 1742 782 1799 1ο
834 1739 1256 1804 Eucharistiam
1302 1737 1475 1796 fuisse
1517 1761 1623 1820 per
1670 1739 1942 1801 diaconos
1987 1743 2064 1802 ad
2114 1743 2384 1804 absentes

243 1840 503 1901 delatam
525 1885 541 1914 ,
581 1836 826 1897 testibus
866 1837 925 1895 S.
970 1835 1205 1894 Justino
1235 1831 1325 1913 (1)
1369 1844 1430 1894 et
1460 1834 1516 1892 S..
1553 1835 1772 1894 Irenaeo
1808 1838 1932 1919 (2);
1971 1839 2040 1896 20
2086 1839 2263 1899 fuisse
2288 1861 2383 1898 as-

241 2019 509 2070 charistiam
539 2035 636 2066 non
654 2018 943 2077 inficiantur,
958 2012 1268 2064 consecratio-

240 2119 350 2151 nem
377 2101 535 2151 referri
549 2117 727 2166 semper
746 2100 808 2148 ad
836 2117 974 2147 usum
997 2114 1011 2160 3
1040 2097 1268 2145 Luthera-

238 2186 291 2231 ni
321 2201 428 2232 vero
468 2185 659 2230 nonita
697 2187 937 2230 coarctant
973 2181 1266 2245 praesentiam

242 2265 412 2313 Christi
440 2268 492 2312 in
528 2265 816 2312 Eucharistia
846 2264 904 2311 ad
935 2272 1230 2311 momentum
1249 2298 1263 2322 ‚

241 2364 323 2396 seu
361 2347 419 2395 ad
454 2349 632 2394 instans
678 2339 954 2411 sumptionis
991 2348 1086 2393 sive
1121 2361 1263 2403 usus,

241 2440 407 2477 utnon
424 2428 681 2490 fateantur,
699 2445 799 2477 eam
818 2445 866 2476 se
882 2445 929 2476 se
944 2426 1192 2476 extendere
1207 2426 1266 2475 ad

245 2529 409 2560 omnes
450 2514 684 2570 actiones,
728 2528 831 2577 quae
877 2510 1148 2558 relationem
1181 2507 1267 2556 ali·

245 2613 388 2661 quam
432 2594 490 2643 ad
535 2596 709 2659 ipsum=
737 2592 963 2641 habeant.
1006 2591 1268 2640 Discrimen

243 2680 385 2743 igitur
403 2715 416 2738 ‚
443 2678 592 2743 pergit
623 2679 720 2741 ipse
742 2712 755 2736 ‚
784 2684 853 2724 est
877 2677 1031 2739 potius
1054 2676 1104 2721 in
1140 2676 1266 2738 praxi

246 2777 390 2825 quam
411 2761 460 2806 in
482 2759 696 2823 dogmate
721 2793 735 2820 ‚
755 2760 807 2805 in
825 2774 878 2805 eo
902 2755 1075 2805 scilicet
1097 2792 1112 2816 ‚
1139 2755 1267 2821 quod

244 2841 516 2890 Lutheraniv
544 2839 827 2888 contendant
847 2876 860 2900 ,
910 2838 1266 2887 Sacramentum

245 2940 345 2971 non
362 2940 460 2971 esse
483 2921 812 2970 asservandum
834 2958 848 2981 ,
871 2922 962 2968 nisi
978 2930 1164 2985 propter
1191 2937 1268 2969 so-

246 3006 348 3053 lum
375 3022 516 3053 usum
535 3038 551 3065 ‚
593 3005 790 3052 minime
818 3018 929 3051 vero
955 3039 969 3062 ‚
999 3015 1052 3051 ut
1087 3003 1267 3051 faciunt

245 3085 498 3148 Catholici,
549 3086 609 3134 ad
637 3086 757 3147 hoc,
788 3094 842 3133 ut
880 3094 1108 3152 ‘tanquam
1132 3085 1268 3151 >obje-

245 3179 374 3218 ctum
401 3168 685 3217 adorationis
710 3177 926 3233 praeterea
946 3170 1228 3216 constituant
1250 3204 1263 3226 ‚

243 3267 300 3300 ac
334 3249 544 3299 deferant
581 3252 631 3297 in
679 3250 881 3314 publicis
926 3250 1269 3315 supplicationi-

243 3332 367 3391 bus,
403 3348 458 3379 ac
491 3330 691 3396 publicae
742 3331 999 3379 adorationi
1035 3341 1267 3396 exponant

248 3413 426 3480 absque
468 3413 564 3461 ulla
603 3413 829 3462 relatione
874 3413 933 3461 ad
973 3415 1264 3462 communio-

246 3514 375 3545 nem.
403 3495 459 3543 ln
477 3495 569 3543 hoc
597 3494 816 3542 affirmari
835 3505 982 3559 potest
1002 3529 1017 3555 ,
1049 3495 1196 3561 quod,
1231 3498 1268 3544 si

245 3595 347 3626 mos
377 3577 592 3627 servandi
620 3576 960 3625 Eucharistiam
984 3586 1173 3642 propter
1192 3581 1242 3625 in

244 3662 404 3709 firmos
431 3662 574 3724 magis
604 3662 662 3707 sit
687 3670 1025 3708 consentaneus
1052 3662 1262 3727 antiqui-

242 3745 324 3793 tati
348 3778 362 3804 ,
396 3759 497 3792 mos
511 3751 669 3792 tamen
687 3759 789 3792 eam
815 3743 1000 3808 praecise
1025 3742 1261 3805 servandi,

1363 2023 1415 2061 ut
1445 2013 1674 2063 efficiatur
1708 2015 1949 2082 objectum
1982 2018 2133 2066 cultus
2161 2056 2174 2078 ,
2211 2021 2268 2066 sit
2297 2018 2381 2067 ab·

1361 2095 1509 2144 solute
1537 2099 1793 2146 contrarius
1821 2101 1949 2162 praxi
1986 2099 2200 2148 Ecclesiae
2227 2103 2387 2165 primi-

1358 2179 1494 2238 tivae,
1556 2177 1689 2244 cujus
1750 2180 1937 2228 nullum
1976 2192 2163 2247 apparet
2202 2185 2253 2230 in
2290 2193 2385 2231 tota

1359 2263 1637 2326 antiquitate
1665 2264 1926 2328 vestigium.
1949 2263 2018 2312 Ita
2033 2263 2112 2312 hic
2128 2265 2385 2330 postillator

1358 2353 1583 2408 apostata.
1614 2343 1672 2393 At
1691 2345 1939 2410 multiplici
1964 2345 2151 2395 ratione
2188 2347 2380 2396 labitur.

1358 2425 1428 2474 De
1451 2443 1558 2474 vera
1585 2429 1712 2475 enim
1736 2431 1965 2476 sententia
2005 2428 2379 2477 Lutheranorum

1357 2518 1534 2556 constat
1568 2517 1617 2556 1⁰
1658 2525 1714 2558 ex
1750 2509 1960 2558 Concilio
1988 2509 2291 2570 Tridentino,
2327 2519 2382 2558 2⁰

1358 2608 1413 2638 ex
1458 2593 1741 2656 argumentis
1779 2591 2151 2640 Lutberanorum
2183 2629 2196 2652 ,
2234 2590 2292 2638 3⁰
2326 2610 2381 2640 ex

1357 2673 1604 2731 collatione
1620 2708 1637 2734 ,
1664 2691 1765 2738 quae
1792 2673 1850 2721 ab
1871 2675 1981 2738 ipsis
2004 2673 2057 2721 fit
2081 2673 2379 2721 Eucharistiae

1357 2771 1467 2803 cum
1495 2752 1807 2818 Sacramentis
1823 2755 2014 2821 reliquis
2035 2793 2048 2814 ,
2077 2772 2182 2821 quae
2199 2758 2250 2803 in
2272 2767 2381 2805 actu

1357 2846 1624 2884 transeunte
1654 2838 1911 2885 consistunt
1931 2856 2012 2886 seu
2030 2836 2343 2902 perficiuntur
2361 2876 2374 2899 ‚

1357 2918 1414 2984 4⁰
1446 2935 1503 2966 ex
1530 2921 1657 2983 praxi
1689 2919 2067 2968 Lutheranorum
2088 2957 2102 2979 ,
2147 2917 2200 2968 5‘?
2225 2938 2278 2968 ex
2303 2923 2377 2984 ip-

1357 3017 1514 3050 sorum
1537 3002 1829 3050 consessione
1852 3037 1864 3060 ,
1900 3012 1951 3050 ut
1987 3001 2232 3050 Leibnitzii
2250 3038 2264 3062 ‚
2291 3019 2376 3050 cu-

1355 3085 1432 3149 jus
1450 3082 1587 3131 verba
1611 3084 1918 3148 proferemus.
1948 3082 2134 3131 Falsum
2162 3093 2379 3149 praeterea

1359 3182 1455 3214 esse
1471 3201 1488 3227 ,
1518 3166 1643 3231 quod
1667 3169 1858 3214 assumit
1889 3165 2183 3232 Courajerius
2211 3166 2268 3214 de
2288 3182 2379 3213 usu

1358 3265 1440 3295 seu
1478 3250 1610 3312 praxi
1640 3251 1927 3315 antiquitatis
1962 3257 2226 3313 comparata
2269 3264 2378 3294 cum

1359 3333 1489 3396 praxi
1527 3334 1772 3396 praesentis
1817 3332 2073 3393 Ecclesiae,
2118 3329 2378 3378 luculenter

1358 3414 1671 3477 ostendemus-

1426 3498 1491 3563 (l)
1530 3497 1680 3565 Apol.
1697 3507 1751 3558 ι’,
1782 3515 1836 3547 n.
1859 3496 1946 3564 67.

1429 3582 1492 3645 (2)
1530 3581 1670 3647 Apud
1689 3579 2010 3630 Euseb.Hist.
2030 3577 2168 3627 Ecel.
2197 3575 2283 3624 lib.
2321 3594 2367 3635 v,

1364 3681 1471 3730 cap.
1504 3661 1585 3728 44.
