2502 4186
2102 266 2217 325 359

604 287 728 324 CAP.
779 288 862 325 lv.
913 289 980 324 DE
1023 285 1328 337 mmmmm,
1380 285 1557 338 voca.
1602 287 1718 323 B'rc.

108 426 415 508 colligunt,
457 429 614 511 quod
656 430 824 513 plura
854 430 916 489 in
950 452 1067 489 una
1093 428 1413 511 eademque
1439 427 1703 488 Ecclesia
1730 427 1970 489 humata
1999 429 2217 489 fuerint

52 546 53 549 ¹
107 534 437 582 sanctorum
458 526 778 605 Martyrum
802 546 1075 607 corpora3
1118 525 1343 605 quoties
1377 545 1515 583 vero
1538 525 1810 602 martyris
1839 525 2075 604 alicujus
2099 546 2217 585 cor-

101 641 211 700 pus
239 619 591 679 humabatur
611 666 626 695 .,
663 621 831 680 toties
863 642 1041 702 super
1073 619 1223 679 illud
1266 620 1584 699 erigeretur
1616 618 1797 679 altare
1828 620 1939 701 (l).
1973 623 2214 681 Constat

102 725 413 794 praeterea,
457 715 520 772 in
564 713 798 775 basilica
833 717 1096 776 vaticana
1138 713 1275 772 olim
1318 713 1502 794 plura
1521 717 1646 792 jam
1698 713 1900 773 altaria
1928 715 2204 775 collocata

100 809 274 881 fuisse
301 810 388 889 (2)
407 854 423 884 .,
457 809 542 867 uti
568 820 627 868 et
646 810 709 868 in
734 810 1054 870 basilicas.
1087 807 1246 868 Pauli
1270 804 1362 869 'via
1397 809 1652 868 Ostiensi
1680 808 1791 890 (3).
1823 810 1889 868 In
1907 810 2123 870 celebri
2145 830 2210 870 ac

99 903 489 963 vetustissimo
513 904 740 985 templo
774 907 832 964 S.
867 904 1125 986 Sepulcri
1169 902 1583 983 Hierosolymis
1610 925 1643 963 a
1680 904 2070 964 Constantino
2107 927 2215 965 ex-

99 1007 290 1055 tructo
324 998 434 1056 tria
475 999 722 1058 excitata
757 1010 896 1058 sunt
925 998 1125 1058 altaria
1160 998 1292 1077 (4);
1338 997 1596 1079 plurium
1641 997 1912 1057 altarium
1945 1000 2215 1058 meminit

98 1092 155 1148 S.
190 1089 523 1151 Ambrosius
546 1138 561 1166 7
587 1093 731 1152 dum
759 1093 939 1152 refert
957 1137 975 1167 ‚
1000 1094 1220 1151 milites
1257 1097 1514 1152 irruisse
1538 1098 1610 1152 in
1653 1095 1883 1152 altaria
1908 1092 2031 1173 (5);
2070 1094 2213 1153 item

98 1186 155 1243 S.
193 1185 464 1246 Paulinus
491 1187 747 1247 Nolanus
782 1186 899 1267 (6);
938 1189 998 1246 S.
1033 1190 1234 1247 Petrus
1274 1186 1661 1268 Chrysologus
1693 1187 1908 1246 obtulit
1942 1187 2211 1248 diadema

96 1301 336 1341 aureum
365 1281 621 1342 Ecclesiae
659 1284 716 1341 S.
755 1282 1008 1341 Cassiani
1041 1281 1564 1342 Forocorneliensis
1607 1294 1665 1341 et
1693 1281 1996 1344 collocavit
2035 1304 2211 1365 super

97 1377 287 1434 altare
306 1382 509 1455 majus
524 1376 645 1455 (7);
673 1377 982 1458 Gregorius
1013 1378 1091 1436 M.
1109 1376 1366 1436 scribens
1389 1377 1464 1435 ad
1488 1376 1809 1437 Palladium
1837 1379 2213 1437 Sanctonien-

98 1489 221 1528 sem
247 1471 593 1553 Episcopum
625 1494 638 1530 ς
678 1473 967 1543 Veniens,
993 1473 1215 1553 inquit,
1232 1473 1388 1530 lator
1399 1476 1824 1550 praesentiam,
1860 1476 2210 1531 insinuavit

97 1565 268 1622 nobis
291 1607 313 1636 ,
344 1568 796 1644 fraternitatem
840 1577 1095 1626 vestram
1119 1567 1522 1626 Ecclesiam...
1563 1572 1962 1626 construaisse
1981 1612 1996 1642 ‚
2036 1578 2211 1646 atque

95 1661 223 1718 illic
243 1661 519 1719 tredecim
543 1664 770 1720 altaria
791 1663 1088 1720 collocasse
1117 1660 1225 1740 (8).
1250 1662 1319 1719 Et
1341 1659 1465 1720 haec
1491 1659 1683 1742 quoad
1716 1661 1974 1720 LatinoS.
2007 1660 2209 1734 Quoad

98 1755 325 1813 Graecos
360 1776 497 1814 vero
524 1800 540 1830 7
573 1755 807 1814 tametsi
833 1766 900 1814 ut
922 1754 1248 1836 plurimum
1275 1755 1510 1813 nonnisi
1541 1755 1778 1813 unicum
1803 1755 1984 1814 altare
2016 1757 2079 1814 in
2107 1756 2214 1814 Ec-

95 1847 266 1907 clesia
302 1847 560 1908 habeant
585 1895 600 1924 ,
640 1849 812 1931 plura
853 1861 1081 1924 tamen,
1123 1850 1317 1932 inquit
1357 1849 1527 1911 Card.
1561 1852 1718 1909 Bona
1748 1895 1763 1925 ,
1802 1850 1914 1932 ipsi
1953 1849 2216 1910 Ecclesia}

95 1943 362 2025 proxima
382 1965 666 2027 muroque
701 1945 987 2024 disjuncta
1004 1957 1355 2006 construunt
1375 1945 1585 2006 sacella
1609 1946 1732 2006 sive
1749 1945 1998 2004 oratoria
2023 1990 2038 2020 ,
2076 1966 2207 2027 quae

83 2042 463 2119 p‘arecclesioe
495 2039 570 2099 ab
596 2040 720 2099 aliis
757 2053 1075 2115 vocantur,
1112 2042 1277 2123 quasi
1302 2040 1672 2101 ecclesiarum
1708 2041 2060 2124 appendices
2087 2087 2102 2116 ,
2148 2042 2211 2099 in

1190 2229 1234 2268 et
1275 2218 1331 2267 ad
1365 2219 1682 2266 ministrorum
1717 2217 1899 2278 officia,
1942 2234 2045 2284 quae
2101 2216 2212 2283 Epi-

1192 2317 1328 2365 scopo
1368 2299 1620 2348 celebranti
1659 2299 1715 2348 ad
1758 2299 1897 2347 altare
1925 2302 2029 2347 usui
2060 2308 2210 2348 erant.

1191 2380 1313 2429 Hinc
1330 2397 1591 2429 mensarum
1613 2381 1833 2446 frequens
1859 2381 2031 2429 mentio
2048 2381 2098 2427 in
2125 2377 2212 2427 Or-

1190 2463 1299 2510 dine
1316 2473 1360 2510 et
1374 2461 1553 2510 Diui-no
1567 2479 1758 2509 romano
1772 2495 1789 2523 ,
1808 2463 1901 2527 qu'o
1924 2460 2213 2509 denotaban-

1193 2553 1269 2592 tur
1291 2544 1393 2592 loca
1419 2544 1477 2592 ad
1503 2544 1766 2609 recipienda
1791 2561 1897 2592 vasa
1916 2561 2043 2592 sacra
2061 2580 2074 2601 ‚
2099 2559 2216 2609 quo-

1193 2643 1298 2674 rum
1327 2635 1422 2673 erat
1442 2624 1597 2672 varius
1626 2635 1670 2673 et
1690 2625 1930 2690 multiplex
1952 2642 2076 2673 usus.

164 2215 228 2277 (1)
243 2215 574 2266 Cfr.Baronius
587 2215 645 2267 ad
659 2217 901 2285 annum57
911 2236 979 2281 ‚n.
993 2235 1009 2266 1
1019 2216 1102 2267 05.

168 2297 233 2361 (2)
262 2297 361 2348 Cfr.
391 2298 690 2364 Ciampinus‚
721 2299 803 2348 De
826 2302 978 2348 sacris
994 2299 1106 2348 aedi-

94 2380 177 2444 fic.
206 2396 306 2444 cap.
331 2377 364 2443 4
382 2418 396 2440 ,
423 2390 536 2430 sect.
559 2378 593 2444 4
616 2418 628 2440 ,
665 2399 772 2446 pag.
803 2379 882 2430 51.
1090 2368 1092 2371 .

165 2458 233 2524 (3)
270 2460 594 2524 Mabillonius,
629 2462 892 2511 Commeat.
924 2464 982 2511 in
1008 2463 1107 2511 Or-

98 2540 257 2593 dinem
277 2540 419 2591 Rom.
444 2561 494 2591 n.
524 2541 557 2606 4
578 2580 590 2602 ,
612 2562 717 2608 pag.
749 2541 833 2607 46.
933 2548 935 2551 ’

170 2622 230 2684 (Ιι)
255 2622 334 2671 cfr
353 2658 365 2672 .
382 2624 506 2672 idem
528 2634 647 2672 auct.
669 2627 718 2672 in
734 2626 876 2674 Actis
898 2624 991 2674 SS.
1011 2625 1108 2673 Be-

101 2703 332 2754 nedictin.
363 2707 507 2755 secul.
539 2723 593 2755 111
613 2742 626 2765 ,
657 2717 776 2772 part.
792 2725 809 2754 ι
828 2746 840 2766 ,
867 2725 968 2773 pag.
989 2705 1107 2770 504.

104 2784 367 2833 Anastasius
382 2786 763 2837 Bibliothecarius
777 2791 825 2836 in
844 2791 934 2836 vita
948 2789 999 2837 S.
1019 2789 1110 2836 Sil-

104 2868 241 2914 vestri
270 2869 387 2915 inter
418 2878 564 2917 cetera
597 2870 748 2930 dona,
780 2886 883 2936 quae
910 2870 1112 2920 basilicae

115 2947 502 2998 Constantinianae
528 2951 692 3000 obtulit
716 2954 964 3017 imperator
984 2952 1111 3001 Con-

107 3032 354 3090 stantinus,
374 3043 576 3080 recenset
597 3032 775 3081 altaria
791 3043 964 3099 septem
975 3051 1033 3082 ea·
1045 3051 1115 3082 ar-

106 3120 242 3177 qento
265 3110 456 3159 batutili
472 3116 731 3178 pensantia
747 3114 940 3179 εἰη-(μαῖα
967 3115 1117 3164 libras

108 3191 356 3242 dzccenta's.
383 3194 480 3243 Cfr.
509 3198 559 3243 in
587 3196 694 3244 edit.
710 3193 877 3245 Franc.
895 3196 1116 3246 Blanchi-

109 3278 209 3338 nii,
230 3276 387 3324 Romae
413 3273 538 3343 1718
560 3314 572 3336 ‚
593 3287 707 3326 tom.
726 3294 776 3337 ι,
806 3294 907 3342 pag.
927 3277 1008 3327 38.
1030 3278 1120 3327 Ve-

110 3375 216 3405 rum
231 3361 405 3418 nescio,
428 3377 488 3407 an
501 3375 556 3407 ex
570 3359 658 3407 hoc
674 3361 812 3424 possit
831 3360 1006 3425 aliquid
1022 3363 1120 3408 erui

111 3458 193 3504 pro
223 3440 439 3488 altarium
458 3440 760 3489 multitudine
783 3444 833 3489 in
861 3442 1022 3490 eadem
1037 3441 1123 3490 Ec-

113 3520 282 3581 clesia3
312 3523 543 3587 siquidem
563 3559 575 3583 ‚
603 3533 654 3570 ut
686 3523 894 3571 observat
933 3522 1123 3572 Bencini

116 3604 237 3668 apud
258 3605 474 3653 eumdem
517 3604 843 3653 Blanchinium
865 3642 878 3666 ‚
911 3615 1027 3655 tom.
1050 3623 1086 3654 ιι
1103 3641 1120 3667 ,

118 3700 227 3749 pag.
248 3686 347 3734 310
362 3723 376 3746 ‚
405 3687 562 3735 altaria
581 3686 690 3735 olim
709 3687 980 3736 dicebantur
990 3705 1124 3737 men-

121 3779 179 3811 sae
206 3768 517 3818 ministeriales
539 3769 762 3834 deputatae
791 3769 849 3818 ad
877 3787 1000 3819 sacra
1020 3786 1126 3819 vasa

1263 2707 1323 2770 (5)
1361 2708 1528 2772 Epist.
1558 2723 1653 2767 xx,
1677 2724 1723 2753 n.
1751 2705 1836 2765 26,
1855 2708 1967 2755 edit.
1996 2706 2151 2755 Maur.

1261 2787 1327 2851 (6)
1346 2790 1412 2835 In
1429 2787 1595 2836 Natal.
1617 2804 1664 2836 ιι
1696 2786 1753 2836 S.
1769 2787 1953 2836 Felicis
1971 2826 1983 2847 ‚
2007 2806 2055 2837 v.
2078 2785 2177 2854 398
2200 2824 2214 2847 ,

1197 2871 1309 2919 edit.
1339 2869 1563 2917 Mur-ator.
1584 2867 1776 2917 Veronae
1801 2867 1930 2935 1736
1949 2906 1964 2930 ‚
1992 2873 2043 2917 in
2072 2886 2213 2936 quem

1200 2953 1354 3000 locum
1381 2951 1463 3000 cfr.
1487 2951 1672 2999 editoris
1697 2951 1948 3000 adnotatio.

1270 3033 1339 3097 (7)
1361 3033 1422 3082 Ut
1443 3036 1493 3081 in
1508 3031 1719 3100 ejusdem
1735 3033 2011 3082 lectionibus
2027 3031 2218 3081 secundi

1203 3118 1422 3163 nocturni
1447 3116 1631 3180 legitur.

1272 3196 1340 3259 (8)
1362 3194 1461 3245 L'ib.
1478 3215 1546 3258 vr,
1562 3199 1723 3246 indict.
1746 3215 1823 3246 xlv
1838 3231 1856 3255 ‚
1871 3214 1946 3262 ep.
1965 3211 2084 3256 xux,
2103 3195 2214 3243 edit.

1203 3281 1356 3329 Maur.
1386 3281 1520 3328 Plura
1556 3279 1643 3327 alia
1676 3280 1953 3328 documenta
1979 3279 2063 3327 cfr.
2086 3274 2215 3342 apud

1203 3361 1326 3411 Rob.
1359 3362 1463 3410 Sala
1487 3366 1536 3410 in
1573 3372 1731 3410 annot.
1774 3362 1830 3410 ad
1851 3360 1935 3409 lib.
1962 3378 1978 3408 1
2009 3362 2134 3408 Rer.
2167 3357 2220 3404 li-

1204 3452 1333 3509 turq.
1368 3444 1505 3493 Card.
1528 3444 1682 3503 Bona,
1714 3461 1811 3509 cap.
1852 3440 1912 3506 14
1931 3478 1944 3502 ,
1971 3440 1999 3507 ξ
2028 3441 2058 3489 3
2093 3449 2140 3488 et
2167 3436 2221 3501 4.

1207 3528 1307 3577 Cfr.
1339 3537 1554 3592 praeterea
1579 3527 1840 3575 Paulowich
1861 3529 1912 3574 in
1935 3542 2008 3589 op.
2040 3520 2222 3570 Sacro-

1207 3625 1316 3657 rum
1345 3608 1598 3657 Altarium
1634 3606 1968 3672 multiplicitas
1994 3612 2040 3652 et
2067 3601 2222 3651 cultus

1209 3706 1240 3737 a
1271 3685 1569 3756 Ningatorum
1591 3689 1771 3737 technis
1793 3696 1838 3735 et
1858 3689 2039 3752 impetu
2068 3683 2223 3733 vindi·

1213 3779 1365 3821 catus.
1397 3775 1595 3820 Anconae
1627 3764 1772 3835 17'91.
