<?xml version="1.0" encoding="UTF-8"?>
<!DOCTYPE html PUBLIC "-//W3C//DTD XHTML 1.0 Transitional//EN"
    "http://www.w3.org/TR/xhtml1/DTD/xhtml1-transitional.dtd">
<html xmlns="http://www.w3.org/1999/xhtml" xml:lang="en" lang="en">
 <head>
  <title>
</title>
<meta http-equiv="Content-Type" content="text/html;charset=utf-8" />
  <meta name='ocr-system' content='tesseract 3.04.00' />
  <meta name='ocr-capabilities' content='ocr_page ocr_carea ocr_par ocr_line ocrx_word'/>
</head>
<body>
  <div class='ocr_page' id='page_1' title='image "a603693806perruoft_0193.png"; bbox 0 0 2502 4186; ppageno 0'>
   <div class='ocr_carea' id='block_1_1' title="bbox 2116 254 2231 313">
    <p class='ocr_par' dir='ltr' id='par_1_1' title="bbox 2116 254 2231 313">
     <span class='ocr_line' id='line_1_1' title="bbox 2116 254 2231 313; baseline 0 -1"><span class='ocrx_word' id='word_1_1' title='bbox 2116 254 2231 313; x_wconf 88' lang='lat'><strong>185</strong></span> 
     </span>
    </p>
   </div>
   <div class='ocr_carea' id='block_1_2' title="bbox 400 276 1999 330">
    <p class='ocr_par' dir='ltr' id='par_1_2' title="bbox 400 276 1999 330">
     <span class='ocr_line' id='line_1_2' title="bbox 400 276 1999 330; baseline -0.006 -4"><span class='ocrx_word' id='word_1_2' title='bbox 400 289 523 326; x_wconf 80' lang='lat' dir='ltr'><strong>CAP.</strong></span> <span class='ocrx_word' id='word_1_3' title='bbox 570 290 610 326; x_wconf 89' lang='lat'><strong>1.</strong></span> <span class='ocrx_word' id='word_1_4' title='bbox 659 289 726 325; x_wconf 78' lang='lat' dir='ltr'><strong>DE</strong></span> <span class='ocrx_word' id='word_1_5' title='bbox 769 286 931 326; x_wconf 73' lang='lat' dir='ltr'><strong>REALI</strong></span> <span class='ocrx_word' id='word_1_6' title='bbox 972 283 1186 323; x_wconf 80' lang='lat' dir='ltr'>CHRISTI</span> <span class='ocrx_word' id='word_1_7' title='bbox 1228 279 1546 319; x_wconf 71' lang='lat' dir='ltr'><strong>PRAESERTIA</strong></span> <span class='ocrx_word' id='word_1_8' title='bbox 1589 279 1649 314; x_wconf 77' lang='lat' dir='ltr'><strong>IN</strong></span> <span class='ocrx_word' id='word_1_9' title='bbox 1691 276 1936 317; x_wconf 73' lang='lat' dir='ltr'><strong>RUGHAR.</strong></span> <span class='ocrx_word' id='word_1_10' title='bbox 1995 327 1999 330; x_wconf 18' lang='grc' dir='ltr'>η</span> 
     </span>
    </p>
   </div>
   <div class='ocr_carea' id='block_1_3' title="bbox 135 422 2236 510">
    <p class='ocr_par' dir='ltr' id='par_1_3' title="bbox 135 422 2236 510">
     <span class='ocr_line' id='line_1_3' title="bbox 135 422 2236 510; baseline -0.007 -19"><span class='ocrx_word' id='word_1_11' title='bbox 135 433 200 491; x_wconf 85' lang='grc'><strong>111</strong></span> <span class='ocrx_word' id='word_1_12' title='bbox 234 429 465 510; x_wconf 82' lang='lat' dir='ltr'>liturgia</span> <span class='ocrx_word' id='word_1_13' title='bbox 505 451 745 490; x_wconf 89' lang='lat' dir='ltr'><strong>romana</strong></span> <span class='ocrx_word' id='word_1_14' title='bbox 788 450 970 510; x_wconf 86' lang='lat' dir='ltr'><strong>eaque</strong></span> <span class='ocrx_word' id='word_1_15' title='bbox 1007 424 1404 508; x_wconf 89' lang='lat' dir='ltr'><strong>antiquissima</strong></span> <span class='ocrx_word' id='word_1_16' title='bbox 1426 469 1441 498; x_wconf 76' lang='grc'><em>,</em></span> <span class='ocrx_word' id='word_1_17' title='bbox 1486 422 1575 502; x_wconf 91' lang='lat' dir='ltr'><strong>(l)</strong></span> <span class='ocrx_word' id='word_1_18' title='bbox 1602 433 1674 480; x_wconf 78' lang='lat' dir='ltr'><strong>ut</strong></span> <span class='ocrx_word' id='word_1_19' title='bbox 1703 424 1875 482; x_wconf 73' lang='lat' dir='ltr'><strong>nohis</strong></span> <span class='ocrx_word' id='word_1_20' title='bbox 1913 422 2142 502; x_wconf 78' lang='lat' dir='ltr'><strong>Corpus</strong></span> <span class='ocrx_word' id='word_1_21' title='bbox 2181 429 2236 478; x_wconf 78' lang='lat' dir='ltr'><strong>et</strong></span> 
     </span>
    </p>
   </div>
   <div class='ocr_carea' id='block_1_4' title="bbox 132 514 2236 700">
    <p class='ocr_par' dir='ltr' id='par_1_4' title="bbox 132 514 2236 700">
     <span class='ocr_line' id='line_1_4' title="bbox 132 514 2235 604; baseline -0.006 -20"><span class='ocrx_word' id='word_1_22' title='bbox 132 527 396 604; x_wconf 71' lang='lat' dir='ltr'><strong>Saozym‘s</strong></span> <span class='ocrx_word' id='word_1_23' title='bbox 439 526 554 603; x_wconf 81' lang='lat' dir='ltr'><strong>fiat</strong></span> <span class='ocrx_word' id='word_1_24' title='bbox 585 527 666 585; x_wconf 91' lang='lat' dir='ltr'><strong>D.</strong></span> <span class='ocrx_word' id='word_1_25' title='bbox 701 524 786 586; x_wconf 87' lang='lat' dir='ltr'><strong>N.</strong></span> <span class='ocrx_word' id='word_1_26' title='bbox 836 526 898 584; x_wconf 91' lang='lat' dir='ltr'><strong>J.</strong></span> <span class='ocrx_word' id='word_1_27' title='bbox 948 523 1011 584; x_wconf 86' lang='lat' dir='ltr'><strong>C.</strong></span> <span class='ocrx_word' id='word_1_28' title='bbox 1064 523 1480 599; x_wconf 80' lang='lat' dir='ltr'><strong>Argumentum</strong></span> <span class='ocrx_word' id='word_1_29' title='bbox 1496 527 1711 595; x_wconf 71' lang='lat' dir='ltr'><strong>⁴autem</strong></span> <span class='ocrx_word' id='word_1_30' title='bbox 1747 517 1905 598; x_wconf 87' lang='lat' dir='ltr'><strong>quod</strong></span> <span class='ocrx_word' id='word_1_31' title='bbox 1948 538 2018 576; x_wconf 87' lang='lat' dir='ltr'><strong>ex</strong></span> <span class='ocrx_word' id='word_1_32' title='bbox 2062 514 2235 574; x_wconf 87' lang='lat' dir='ltr'><strong>litur-</strong></span> 
     </span>
     <span class='ocr_line' id='line_1_5' title="bbox 132 610 2236 700; baseline -0.005 -22"><span class='ocrx_word' id='word_1_33' title='bbox 132 620 356 700; x_wconf 81' lang='lat' dir='ltr'><strong>giarum</strong></span> <span class='ocrx_word' id='word_1_34' title='bbox 386 640 671 678; x_wconf 89' lang='lat' dir='ltr'><strong>consensu</strong></span> <span class='ocrx_word' id='word_1_35' title='bbox 699 618 919 677; x_wconf 91' lang='lat' dir='ltr'><strong>eruitur</strong></span> <span class='ocrx_word' id='word_1_36' title='bbox 937 662 952 692; x_wconf 72' lang='grc'><em>,</em></span> <span class='ocrx_word' id='word_1_37' title='bbox 983 627 1068 675; x_wconf 90' lang='lat' dir='ltr'><strong>est</strong></span> <span class='ocrx_word' id='word_1_38' title='bbox 1097 613 1270 696; x_wconf 90' lang='lat' dir='ltr'><strong>plane</strong></span> <span class='ocrx_word' id='word_1_39' title='bbox 1302 610 1706 686; x_wconf 78' lang='lat' dir='ltr'><strong>ineluctabile3</strong></span> <span class='ocrx_word' id='word_1_40' title='bbox 1739 613 1957 672; x_wconf 80' lang='lat' dir='ltr'><strong>etenim</strong></span> <span class='ocrx_word' id='word_1_41' title='bbox 1994 612 2236 694; x_wconf 74' lang='lat' dir='ltr'><strong>Praeter-</strong></span> 
     </span>
    </p>
   </div>
   <div class='ocr_carea' id='block_1_5' title="bbox 121 703 2246 2213">
    <p class='ocr_par' dir='ltr' id='par_1_5' title="bbox 121 703 2240 1832">
     <span class='ocr_line' id='line_1_6' title="bbox 132 703 2237 795; baseline -0.005 -23"><span class='ocrx_word' id='word_1_42' title='bbox 132 712 467 795; x_wconf 87' lang='lat' dir='ltr'><strong>quamquod</strong></span> <span class='ocrx_word' id='word_1_43' title='bbox 501 712 611 771; x_wconf 85' lang='lat' dir='ltr'><strong>illae</strong></span> <span class='ocrx_word' id='word_1_44' title='bbox 650 711 723 770; x_wconf 91' lang='lat' dir='ltr'><strong>ab</strong></span> <span class='ocrx_word' id='word_1_45' title='bbox 759 710 1067 794; x_wconf 91' lang='lat' dir='ltr'><strong>apostolica</strong></span> <span class='ocrx_word' id='word_1_46' title='bbox 1120 707 1463 782; x_wconf 82' lang='lat' dir='ltr'><strong>traditione,</strong></span> <span class='ocrx_word' id='word_1_47' title='bbox 1498 705 1704 766; x_wconf 89' lang='lat' dir='ltr'><strong>saltem</strong></span> <span class='ocrx_word' id='word_1_48' title='bbox 1743 707 1935 787; x_wconf 87' lang='lat' dir='ltr'><strong>quoad</strong></span> <span class='ocrx_word' id='word_1_49' title='bbox 1982 706 2069 766; x_wconf 91' lang='lat' dir='ltr'><strong>rei</strong></span> <span class='ocrx_word' id='word_1_50' title='bbox 2105 703 2237 764; x_wconf 90' lang='lat' dir='ltr'><strong>sub-</strong></span> 
     </span>
     <span class='ocr_line' id='line_1_7' title="bbox 132 798 2238 887; baseline -0.004 -21"><span class='ocrx_word' id='word_1_51' title='bbox 132 807 442 882; x_wconf 85' lang='lat' dir='ltr'>stantiam,</span> <span class='ocrx_word' id='word_1_52' title='bbox 486 805 560 864; x_wconf 88' lang='lat' dir='ltr'><strong>ad</strong></span> <span class='ocrx_word' id='word_1_53' title='bbox 601 828 708 864; x_wconf 90' lang='lat' dir='ltr'><strong>nos</strong></span> <span class='ocrx_word' id='word_1_54' title='bbox 755 812 1154 887; x_wconf 88' lang='lat' dir='ltr'><strong>pervenerunt</strong></span> <span class='ocrx_word' id='word_1_55' title='bbox 1196 802 1321 881; x_wconf 74' lang='lat'>(2),</span> <span class='ocrx_word' id='word_1_56' title='bbox 1372 811 1430 861; x_wconf 91' lang='lat' dir='ltr'><strong>et</strong></span> <span class='ocrx_word' id='word_1_57' title='bbox 1477 800 1664 880; x_wconf 80' lang='lat' dir='ltr'><strong>agitur</strong></span> <span class='ocrx_word' id='word_1_58' title='bbox 1704 801 1767 859; x_wconf 93' lang='lat' dir='ltr'><strong>in</strong></span> <span class='ocrx_word' id='word_1_59' title='bbox 1814 800 1904 859; x_wconf 91' lang='lat' dir='ltr'><strong>his</strong></span> <span class='ocrx_word' id='word_1_60' title='bbox 1955 800 2028 860; x_wconf 89' lang='lat' dir='ltr'><strong>de</strong></span> <span class='ocrx_word' id='word_1_61' title='bbox 2075 798 2238 860; x_wconf 87' lang='lat' dir='ltr'><strong>cultu</strong></span> 
     </span>
     <span class='ocr_line' id='line_1_8' title="bbox 131 888 2230 983; baseline -0.003 -23"><span class='ocrx_word' id='word_1_62' title='bbox 131 900 394 983; x_wconf 74' lang='lat' dir='ltr'><strong>publico,</strong></span> <span class='ocrx_word' id='word_1_63' title='bbox 435 888 493 960; x_wconf 77' lang='lat' dir='ltr'><strong>et</strong></span> <span class='ocrx_word' id='word_1_64' title='bbox 527 901 668 960; x_wconf 87' lang='lat' dir='ltr'>fides</span> <span class='ocrx_word' id='word_1_65' title='bbox 701 902 905 982; x_wconf 91' lang='lat' dir='ltr'><strong>patefit</strong></span> <span class='ocrx_word' id='word_1_66' title='bbox 941 921 1062 958; x_wconf 89' lang='lat' dir='ltr'><strong>non</strong></span> <span class='ocrx_word' id='word_1_67' title='bbox 1089 898 1257 956; x_wconf 90' lang='lat' dir='ltr'><strong>unius</strong></span> <span class='ocrx_word' id='word_1_68' title='bbox 1285 908 1383 955; x_wconf 90' lang='lat' dir='ltr'><strong>aut</strong></span> <span class='ocrx_word' id='word_1_69' title='bbox 1419 895 1653 955; x_wconf 88' lang='lat' dir='ltr'><strong>alterius</strong></span> <span class='ocrx_word' id='word_1_70' title='bbox 1688 896 1904 977; x_wconf 91' lang='lat' dir='ltr'><strong>privati</strong></span> <span class='ocrx_word' id='word_1_71' title='bbox 1942 895 2193 954; x_wconf 88' lang='lat' dir='ltr'><strong>doctoris</strong></span> <span class='ocrx_word' id='word_1_72' title='bbox 2214 939 2230 969; x_wconf 85' lang='lat'><strong>.‚</strong></span> 
     </span>
     <span class='ocr_line' id='line_1_9' title="bbox 133 989 2234 1077; baseline -0.003 -24"><span class='ocrx_word' id='word_1_73' title='bbox 133 995 235 1054; x_wconf 91' lang='lat' dir='ltr'><strong>sed</strong></span> <span class='ocrx_word' id='word_1_74' title='bbox 274 996 453 1077; x_wconf 91' lang='lat' dir='ltr'><strong>ipsius</strong></span> <span class='ocrx_word' id='word_1_75' title='bbox 502 996 780 1055; x_wconf 85' lang='lat' dir='ltr'><strong>Ecclesiae.</strong></span> <span class='ocrx_word' id='word_1_76' title='bbox 820 993 1050 1055; x_wconf 83' lang='lat' dir='ltr'><strong>Accedit</strong></span> <span class='ocrx_word' id='word_1_77' title='bbox 1083 1013 1213 1051; x_wconf 91' lang='lat' dir='ltr'><strong>usus</strong></span> <span class='ocrx_word' id='word_1_78' title='bbox 1261 991 1702 1073; x_wconf 85' lang='lat' dir='ltr'><strong>antiquissimus</strong></span> <span class='ocrx_word' id='word_1_79' title='bbox 1751 1002 1811 1050; x_wconf 92' lang='lat' dir='ltr'><strong>et</strong></span> <span class='ocrx_word' id='word_1_80' title='bbox 1850 989 2234 1065; x_wconf 83' lang='lat' dir='ltr'><strong>universalis,</strong></span> 
     </span>
     <span class='ocr_line' id='line_1_10' title="bbox 132 1085 2234 1172; baseline -0.002 -25"><span class='ocrx_word' id='word_1_81' title='bbox 132 1090 233 1171; x_wconf 91' lang='lat' dir='ltr'><strong>qui</strong></span> <span class='ocrx_word' id='word_1_82' title='bbox 267 1111 372 1171; x_wconf 90' lang='lat' dir='ltr'><strong>per</strong></span> <span class='ocrx_word' id='word_1_83' title='bbox 413 1091 581 1172; x_wconf 92' lang='lat' dir='ltr'><strong>plura</strong></span> <span class='ocrx_word' id='word_1_84' title='bbox 611 1090 798 1150; x_wconf 89' lang='lat' dir='ltr'><strong>secula</strong></span> <span class='ocrx_word' id='word_1_85' title='bbox 839 1090 901 1147; x_wconf 89' lang='lat' dir='ltr'><strong>in</strong></span> <span class='ocrx_word' id='word_1_86' title='bbox 939 1087 1182 1146; x_wconf 84' lang='lat' dir='ltr'><strong>Ecclesia</strong></span> <span class='ocrx_word' id='word_1_87' title='bbox 1211 1086 1422 1166; x_wconf 78' lang='lat' dir='ltr'><strong>viguit,</strong></span> <span class='ocrx_word' id='word_1_88' title='bbox 1457 1095 1523 1143; x_wconf 92' lang='lat' dir='ltr'><strong>ut</strong></span> <span class='ocrx_word' id='word_1_89' title='bbox 1561 1086 1833 1145; x_wconf 88' lang='lat' dir='ltr'><strong>Sacerdos</strong></span> <span class='ocrx_word' id='word_1_90' title='bbox 1868 1085 2234 1144; x_wconf 87' lang='lat' dir='ltr'><strong>administra-</strong></span> 
     </span>
     <span class='ocr_line' id='line_1_11' title="bbox 131 1179 2237 1261; baseline -0.002 -18"><span class='ocrx_word' id='word_1_91' title='bbox 131 1196 296 1243; x_wconf 82' lang='lat' dir='ltr'><strong>turus</strong></span> <span class='ocrx_word' id='word_1_92' title='bbox 331 1186 746 1244; x_wconf 87' lang='lat' dir='ltr'><strong>Eucharistiam</strong></span> <span class='ocrx_word' id='word_1_93' title='bbox 780 1183 994 1242; x_wconf 91' lang='lat' dir='ltr'><strong>diceret</strong></span> <span class='ocrx_word' id='word_1_94' title='bbox 1012 1227 1028 1258; x_wconf 70' lang='grc'><em>,</em></span> <span class='ocrx_word' id='word_1_95' title='bbox 1055 1181 1307 1241; x_wconf 90' lang='lat' dir='ltr'><strong>hostiam</strong></span> <span class='ocrx_word' id='word_1_96' title='bbox 1338 1179 1650 1241; x_wconf 90' lang='lat' dir='ltr'><strong>ostendens</strong></span> <span class='ocrx_word' id='word_1_97' title='bbox 1678 1204 1692 1239; x_wconf 79' lang='lat' dir='ltr'><em>z</em></span> <span class='ocrx_word' id='word_1_98' title='bbox 1730 1182 1962 1261; x_wconf 74' lang='lat' dir='ltr'><strong>Corpus</strong></span> <span class='ocrx_word' id='word_1_99' title='bbox 1988 1181 2237 1252; x_wconf 50' lang='lat' dir='ltr'><strong>Christi,</strong></span> 
     </span>
     <span class='ocr_line' id='line_1_12' title="bbox 133 1274 2231 1361; baseline -0.002 -23"><span class='ocrx_word' id='word_1_100' title='bbox 133 1290 194 1338; x_wconf 92' lang='lat' dir='ltr'><strong>et</strong></span> <span class='ocrx_word' id='word_1_101' title='bbox 221 1281 617 1361; x_wconf 87' lang='lat' dir='ltr'><strong>unusquisque</strong></span> <span class='ocrx_word' id='word_1_102' title='bbox 638 1277 1051 1359; x_wconf 87' lang='lat' dir='ltr'><strong>responderet:</strong></span> <span class='ocrx_word' id='word_1_103' title='bbox 1073 1277 1266 1336; x_wconf 81' lang='lat' dir='ltr'><strong>Amen</strong></span> <span class='ocrx_word' id='word_1_104' title='bbox 1281 1319 1302 1348; x_wconf 87' lang='lat'><em>,</em></span> <span class='ocrx_word' id='word_1_105' title='bbox 1322 1275 1385 1334; x_wconf 88' lang='lat' dir='ltr'><strong>id</strong></span> <span class='ocrx_word' id='word_1_106' title='bbox 1400 1286 1509 1350; x_wconf 77' lang='lat' dir='ltr'><strong>est,</strong></span> <span class='ocrx_word' id='word_1_107' title='bbox 1535 1297 1745 1335; x_wconf 80' lang='lat' dir='ltr'><strong>verum</strong></span> <span class='ocrx_word' id='word_1_108' title='bbox 1773 1288 1883 1352; x_wconf 77' lang='lat' dir='ltr'><strong>est,</strong></span> <span class='ocrx_word' id='word_1_109' title='bbox 1908 1281 1997 1336; x_wconf 78' lang='lat' dir='ltr'><strong>ita</strong></span> <span class='ocrx_word' id='word_1_110' title='bbox 2020 1287 2105 1335; x_wconf 77' lang='lat' dir='ltr'><strong>est</strong></span> <span class='ocrx_word' id='word_1_111' title='bbox 2123 1274 2231 1356; x_wconf 87' lang='lat'><strong>(3).</strong></span> 
     </span>
     <span class='ocr_line' id='line_1_13' title="bbox 135 1373 2238 1457; baseline -0.002 -24"><span class='ocrx_word' id='word_1_112' title='bbox 135 1375 342 1433; x_wconf 90' lang='lat' dir='ltr'><strong>Merito</strong></span> <span class='ocrx_word' id='word_1_113' title='bbox 382 1386 686 1457; x_wconf 89' lang='lat' dir='ltr'><strong>propterea</strong></span> <span class='ocrx_word' id='word_1_114' title='bbox 733 1375 964 1433; x_wconf 89' lang='lat' dir='ltr'><strong>Grotius</strong></span> <span class='ocrx_word' id='word_1_115' title='bbox 1009 1374 1072 1431; x_wconf 90' lang='lat' dir='ltr'><strong>in</strong></span> <span class='ocrx_word' id='word_1_116' title='bbox 1133 1375 1269 1434; x_wconf 81' lang='lat' dir='ltr'><strong>Voto</strong></span> <span class='ocrx_word' id='word_1_117' title='bbox 1295 1393 1414 1452; x_wconf 78' lang='lat' dir='ltr'><strong>pro</strong></span> <span class='ocrx_word' id='word_1_118' title='bbox 1437 1393 1591 1452; x_wconf 80' lang='lat' dir='ltr'><strong>pace</strong></span> <span class='ocrx_word' id='word_1_119' title='bbox 1645 1383 1854 1432; x_wconf 78' lang='lat' dir='ltr'><strong>contra</strong></span> <span class='ocrx_word' id='word_1_120' title='bbox 1904 1373 2192 1431; x_wconf 77' lang='lat' dir='ltr'><strong>Rivetum</strong></span> <span class='ocrx_word' id='word_1_121' title='bbox 2218 1394 2238 1429; x_wconf 83' lang='lat'><strong>.-</strong></span> 
     </span>
     <span class='ocr_line' id='line_1_14' title="bbox 141 1468 2240 1551; baseline -0.001 -24"><span class='ocrx_word' id='word_1_122' title='bbox 141 1469 466 1528; x_wconf 74' lang='lat' dir='ltr'><strong>Consemus</strong></span> <span class='ocrx_word' id='word_1_123' title='bbox 483 1513 507 1541; x_wconf 86' lang='lat'><em>,</em></span> <span class='ocrx_word' id='word_1_124' title='bbox 544 1468 738 1551; x_wconf 90' lang='lat' dir='ltr'><strong>inquit</strong></span> <span class='ocrx_word' id='word_1_125' title='bbox 761 1515 776 1543; x_wconf 75' lang='grc'><em>,</em></span> <span class='ocrx_word' id='word_1_126' title='bbox 816 1470 1216 1548; x_wconf 74' lang='lat' dir='ltr'><strong>lituryiarwm</strong></span> <span class='ocrx_word' id='word_1_127' title='bbox 1241 1488 1361 1546; x_wconf 78' lang='lat' dir='ltr'><strong>per</strong></span> <span class='ocrx_word' id='word_1_128' title='bbox 1394 1471 1600 1525; x_wconf 81' lang='lat' dir='ltr'><strong>omm‘a</strong></span> <span class='ocrx_word' id='word_1_129' title='bbox 1637 1473 1762 1525; x_wconf 82' lang='lat' dir='ltr'><strong>loca</strong></span> <span class='ocrx_word' id='word_1_130' title='bbox 1788 1478 1846 1525; x_wconf 79' lang='lat' dir='ltr'><strong>ct</strong></span> <span class='ocrx_word' id='word_1_131' title='bbox 1876 1478 2142 1546; x_wconf 81' lang='lat' dir='ltr'><strong>tempora</strong></span> <span class='ocrx_word' id='word_1_132' title='bbox 2169 1470 2240 1524; x_wconf 74' lang='lat' dir='ltr'><strong>in</strong></span> 
     </span>
     <span class='ocr_line' id='line_1_15' title="bbox 121 1562 2237 1642; baseline 0 -22"><span class='ocrx_word' id='word_1_133' title='bbox 121 1565 410 1641; x_wconf 77' lang='lat' dir='ltr'><strong>precibus</strong></span> <span class='ocrx_word' id='word_1_134' title='bbox 433 1566 556 1622; x_wconf 72' lang='lat' dir='ltr'><strong>illis</strong></span> <span class='ocrx_word' id='word_1_135' title='bbox 570 1607 594 1635; x_wconf 91' lang='lat'><em>,</em></span> <span class='ocrx_word' id='word_1_136' title='bbox 620 1574 692 1621; x_wconf 77' lang='lat' dir='ltr'><strong>ut</strong></span> <span class='ocrx_word' id='word_1_137' title='bbox 711 1565 875 1624; x_wconf 76' lang='lat' dir='ltr'><strong>Deus</strong></span> <span class='ocrx_word' id='word_1_138' title='bbox 899 1565 1057 1622; x_wconf 82' lang='lat' dir='ltr'><strong>dona</strong></span> <span class='ocrx_word' id='word_1_139' title='bbox 1080 1583 1199 1642; x_wconf 77' lang='lat' dir='ltr'><strong>per</strong></span> <span class='ocrx_word' id='word_1_140' title='bbox 1225 1564 1530 1641; x_wconf 77' lang='lat' dir='ltr'><strong>Spiritum</strong></span> <span class='ocrx_word' id='word_1_141' title='bbox 1567 1562 1858 1620; x_wconf 75' lang='lat' dir='ltr'><strong>Sanctum</strong></span> <span class='ocrx_word' id='word_1_142' title='bbox 1882 1563 2237 1640; x_wconf 73' lang='lat' dir='ltr'><strong>sanctificet,</strong></span> 
     </span>
     <span class='ocr_line' id='line_1_16' title="bbox 132 1655 2239 1737; baseline 0 -23"><span class='ocrx_word' id='word_1_143' title='bbox 132 1678 311 1737; x_wconf 80' lang='lat' dir='ltr'><strong>eaque</strong></span> <span class='ocrx_word' id='word_1_144' title='bbox 340 1662 538 1737; x_wconf 75' lang='lat' dir='ltr'><strong>faciat</strong></span> <span class='ocrx_word' id='word_1_145' title='bbox 581 1658 809 1736; x_wconf 78' lang='lat' dir='ltr'><strong>Corpus</strong></span> <span class='ocrx_word' id='word_1_146' title='bbox 844 1669 901 1716; x_wconf 76' lang='lat' dir='ltr'><strong>et</strong></span> <span class='ocrx_word' id='word_1_147' title='bbox 934 1659 1308 1737; x_wconf 75' lang='lat' dir='ltr'><strong>Sanquinem</strong></span> <span class='ocrx_word' id='word_1_148' title='bbox 1359 1655 1583 1714; x_wconf 70' lang='lat' dir='ltr'><strong>Christi</strong></span> <span class='ocrx_word' id='word_1_149' title='bbox 1602 1700 1618 1729; x_wconf 90' lang='lat'>‚</span> <span class='ocrx_word' id='word_1_150' title='bbox 1668 1678 1759 1714; x_wconf 87' lang='lat' dir='ltr'><strong>me</strong></span> <span class='ocrx_word' id='word_1_151' title='bbox 1790 1658 2076 1716; x_wconf 74' lang='lat' dir='ltr'><strong>dubitare</strong></span> <span class='ocrx_word' id='word_1_152' title='bbox 2119 1677 2239 1715; x_wconf 79' lang='lat' dir='ltr'><strong>non</strong></span> 
     </span>
     <span class='ocr_line' id='line_1_17' title="bbox 132 1751 1952 1832; baseline 0.001 -23"><span class='ocrx_word' id='word_1_153' title='bbox 132 1755 311 1825; x_wconf 76' lang='lat' dir='ltr'><strong>sinit,</strong></span> <span class='ocrx_word' id='word_1_154' title='bbox 341 1758 535 1811; x_wconf 81' lang='lat' dir='ltr'><strong>venire</strong></span> <span class='ocrx_word' id='word_1_155' title='bbox 565 1752 668 1810; x_wconf 78' lang='grc'>1100</span> <span class='ocrx_word' id='word_1_156' title='bbox 700 1775 739 1810; x_wconf 83' lang='lat' dir='ltr'><strong><em>a</em></strong></span> <span class='ocrx_word' id='word_1_157' title='bbox 758 1758 971 1831; x_wconf 76' lang='lat' dir='ltr'><strong>prima</strong></span> <span class='ocrx_word' id='word_1_158' title='bbox 995 1753 1407 1832; x_wconf 74' lang='lat' dir='ltr'><strong>Apostolorum</strong></span> <span class='ocrx_word' id='word_1_159' title='bbox 1429 1754 1807 1810; x_wconf 77' lang='lat' dir='ltr'><strong>institutione</strong></span> <span class='ocrx_word' id='word_1_160' title='bbox 1842 1751 1952 1832; x_wconf 77' lang='lat'><strong>(4).</strong></span> 
     </span>
    </p>

    <p class='ocr_par' dir='ltr' id='par_1_6' title="bbox 128 1846 2246 2213">
     <span class='ocr_line' id='line_1_18' title="bbox 215 1846 2246 1930; baseline 0.001 -26"><span class='ocrx_word' id='word_1_161' title='bbox 215 1847 310 1905; x_wconf 82' lang='lat'><strong>69.</strong></span> <span class='ocrx_word' id='word_1_162' title='bbox 357 1849 486 1907; x_wconf 81' lang='lat'><strong>1110.</strong></span> <span class='ocrx_word' id='word_1_163' title='bbox 522 1849 702 1907; x_wconf 86' lang='lat' dir='ltr'><strong>Sectae</strong></span> <span class='ocrx_word' id='word_1_164' title='bbox 721 1869 923 1906; x_wconf 91' lang='lat' dir='ltr'><strong>omnes</strong></span> <span class='ocrx_word' id='word_1_165' title='bbox 945 1893 960 1923; x_wconf 62' lang='lat'>7</span> <span class='ocrx_word' id='word_1_166' title='bbox 987 1868 1180 1929; x_wconf 84' lang='lat' dir='ltr'><strong>eaeque</strong></span> <span class='ocrx_word' id='word_1_167' title='bbox 1201 1846 1635 1927; x_wconf 71' lang='lat' dir='ltr'><strong>antiquissimae,</strong></span> <span class='ocrx_word' id='word_1_168' title='bbox 1667 1846 1763 1907; x_wconf 89' lang='lat' dir='ltr'><strong>vel</strong></span> <span class='ocrx_word' id='word_1_169' title='bbox 1780 1869 1811 1906; x_wconf 93' lang='lat' dir='ltr'><strong>a</strong></span> <span class='ocrx_word' id='word_1_170' title='bbox 1838 1847 2042 1930; x_wconf 89' lang='lat' dir='ltr'><strong>primis</strong></span> <span class='ocrx_word' id='word_1_171' title='bbox 2067 1847 2246 1906; x_wconf 85' lang='lat' dir='ltr'><strong>chris-</strong></span> 
     </span>
     <span class='ocr_line' id='line_1_19' title="bbox 130 1941 2239 2023; baseline 0.001 -24"><span class='ocrx_word' id='word_1_172' title='bbox 130 1941 274 2000; x_wconf 91' lang='lat' dir='ltr'><strong>tiani</strong></span> <span class='ocrx_word' id='word_1_173' title='bbox 314 1943 568 2002; x_wconf 89' lang='lat' dir='ltr'><strong>nominis</strong></span> <span class='ocrx_word' id='word_1_174' title='bbox 604 1943 807 2011; x_wconf 77' lang='lat' dir='ltr'><strong>seculis</strong></span> <span class='ocrx_word' id='word_1_175' title='bbox 838 1942 911 2002; x_wconf 92' lang='lat' dir='ltr'><strong>ab</strong></span> <span class='ocrx_word' id='word_1_176' title='bbox 943 1943 1187 2002; x_wconf 87' lang='lat' dir='ltr'><strong>Ecclesia</strong></span> <span class='ocrx_word' id='word_1_177' title='bbox 1227 1941 1519 2003; x_wconf 88' lang='lat' dir='ltr'><strong>Catholica</strong></span> <span class='ocrx_word' id='word_1_178' title='bbox 1557 1954 1834 2023; x_wconf 78' lang='lat' dir='ltr'><strong>separatae</strong></span> <span class='ocrx_word' id='word_1_179' title='bbox 1856 1990 1871 2018; x_wconf 84' lang='lat'><strong>.,</strong></span> <span class='ocrx_word' id='word_1_180' title='bbox 1919 1943 2239 2022; x_wconf 86' lang='lat' dir='ltr'><strong>cujusmodi</strong></span> 
     </span>
     <span class='ocr_line' id='line_1_20' title="bbox 128 2036 2242 2119; baseline 0.002 -26"><span class='ocrx_word' id='word_1_181' title='bbox 128 2049 267 2095; x_wconf 87' lang='lat' dir='ltr'><strong>sunt</strong></span> <span class='ocrx_word' id='word_1_182' title='bbox 296 2038 633 2097; x_wconf 89' lang='lat' dir='ltr'><strong>Marcosiani</strong></span> <span class='ocrx_word' id='word_1_183' title='bbox 652 2083 667 2112; x_wconf 74' lang='grc'><em>,</em></span> <span class='ocrx_word' id='word_1_184' title='bbox 711 2038 907 2118; x_wconf 84' lang='lat' dir='ltr'><strong>plures</strong></span> <span class='ocrx_word' id='word_1_185' title='bbox 948 2038 1352 2097; x_wconf 86' lang='lat' dir='ltr'><strong>Gnosticorum</strong></span> <span class='ocrx_word' id='word_1_186' title='bbox 1399 2036 1629 2097; x_wconf 83' lang='lat' dir='ltr'><strong>familiae</strong></span> <span class='ocrx_word' id='word_1_187' title='bbox 1657 2038 1744 2119; x_wconf 85' lang='lat'><strong>(5)</strong></span> <span class='ocrx_word' id='word_1_188' title='bbox 1765 2084 1780 2112; x_wconf 79' lang='lat'><strong>.,</strong></span> <span class='ocrx_word' id='word_1_189' title='bbox 1809 2037 2080 2118; x_wconf 89' lang='lat' dir='ltr'><strong>deinceps</strong></span> <span class='ocrx_word' id='word_1_190' title='bbox 2104 2041 2242 2097; x_wconf 87' lang='lat' dir='ltr'><strong>Nes-</strong></span> 
     </span>
     <span class='ocr_line' id='line_1_21' title="bbox 135 2131 2244 2213; baseline 0.002 -25"><span class='ocrx_word' id='word_1_191' title='bbox 135 2131 343 2190; x_wconf 89' lang='lat' dir='ltr'><strong>toriani</strong></span> <span class='ocrx_word' id='word_1_192' title='bbox 359 2175 380 2205; x_wconf 89' lang='lat'><em>,</em></span> <span class='ocrx_word' id='word_1_193' title='bbox 422 2132 806 2212; x_wconf 76' lang='lat' dir='ltr'><strong>Eutychiani,</strong></span> <span class='ocrx_word' id='word_1_194' title='bbox 857 2133 1123 2206; x_wconf 88' lang='lat' dir='ltr'><strong>Armeni,</strong></span> <span class='ocrx_word' id='word_1_195' title='bbox 1171 2133 1292 2213; x_wconf 72' lang='lat' dir='ltr'><strong>Syri</strong></span> <span class='ocrx_word' id='word_1_196' title='bbox 1322 2131 1617 2211; x_wconf 74' lang='lat' dir='ltr'><strong>jacobitae,</strong></span> <span class='ocrx_word' id='word_1_197' title='bbox 1659 2134 1845 2192; x_wconf 89' lang='lat' dir='ltr'><strong>Graeci</strong></span> <span class='ocrx_word' id='word_1_198' title='bbox 1895 2133 2244 2193; x_wconf 87' lang='lat' dir='ltr'><strong>schismatici</strong></span> 
     </span>
    </p>
   </div>
   <div class='ocr_carea' id='block_1_6' title="bbox 129 2308 1144 3848">
    <p class='ocr_par' dir='ltr' id='par_1_7' title="bbox 129 2308 1144 3601">
     <span class='ocr_line' id='line_1_22' title="bbox 134 2308 1143 2374; baseline 0.002 -18"><span class='ocrx_word' id='word_1_199' title='bbox 134 2310 221 2374; x_wconf 81' lang='lat' dir='ltr'><strong>qui</strong></span> <span class='ocrx_word' id='word_1_200' title='bbox 244 2308 300 2356; x_wconf 83' lang='lat' dir='ltr'><strong>de</strong></span> <span class='ocrx_word' id='word_1_201' title='bbox 316 2310 527 2373; x_wconf 72' lang='lat' dir='ltr'><strong>tefluoeit</strong></span> <span class='ocrx_word' id='word_1_202' title='bbox 549 2309 605 2356; x_wconf 78' lang='lat' dir='ltr'><strong>in</strong></span> <span class='ocrx_word' id='word_1_203' title='bbox 621 2325 760 2356; x_wconf 80' lang='lat' dir='ltr'><strong>cruce</strong></span> <span class='ocrx_word' id='word_1_204' title='bbox 782 2308 1015 2358; x_wconf 73' lang='lat' dir='ltr'><strong>exlatere.</strong></span> <span class='ocrx_word' id='word_1_205' title='bbox 1036 2309 1143 2358; x_wconf 87' lang='lat' dir='ltr'><strong>Post</strong></span> 
     </span>
     <span class='ocr_line' id='line_1_23' title="bbox 135 2391 1142 2456; baseline -0.001 -17"><span class='ocrx_word' id='word_1_206' title='bbox 135 2393 386 2439; x_wconf 83' lang='lat' dir='ltr'><strong>orationem</strong></span> <span class='ocrx_word' id='word_1_207' title='bbox 414 2409 518 2439; x_wconf 85' lang='lat' dir='ltr'><strong>vero</strong></span> <span class='ocrx_word' id='word_1_208' title='bbox 545 2391 827 2439; x_wconf 88' lang='lat' dir='ltr'><strong>dominicam</strong></span> <span class='ocrx_word' id='word_1_209' title='bbox 849 2393 1142 2456; x_wconf 78' lang='lat' dir='ltr'><strong>prosequitur</strong></span> 
     </span>
     <span class='ocr_line' id='line_1_24' title="bbox 134 2470 1141 2532; baseline 0.001 -13"><span class='ocrx_word' id='word_1_210' title='bbox 134 2470 351 2520; x_wconf 83' lang='lat' dir='ltr'><strong>Sacerdos</strong></span> <span class='ocrx_word' id='word_1_211' title='bbox 374 2489 388 2519; x_wconf 73' lang='lat' dir='ltr'><strong><em>z</em></strong></span> <span class='ocrx_word' id='word_1_212' title='bbox 419 2471 597 2519; x_wconf 84' lang='lat' dir='ltr'><strong>Libera</strong></span> <span class='ocrx_word' id='word_1_213' title='bbox 628 2488 756 2519; x_wconf 79' lang='lat' dir='ltr'><strong>nosa</strong></span> <span class='ocrx_word' id='word_1_214' title='bbox 771 2471 893 2519; x_wconf 86' lang='lat' dir='ltr'><strong>malo</strong></span> <span class='ocrx_word' id='word_1_215' title='bbox 911 2508 927 2532; x_wconf 90' lang='lat'><strong><em>,</em></strong></span> <span class='ocrx_word' id='word_1_216' title='bbox 951 2471 1141 2520; x_wconf 78' lang='lat' dir='ltr'><strong>Christe</strong></span> 
     </span>
     <span class='ocr_line' id='line_1_25' title="bbox 134 2550 1144 2618; baseline 0 -17"><span class='ocrx_word' id='word_1_217' title='bbox 134 2550 284 2614; x_wconf 80' lang='lat' dir='ltr'><strong>Jesu,</strong></span> <span class='ocrx_word' id='word_1_218' title='bbox 328 2551 512 2617; x_wconf 83' lang='lat' dir='ltr'><strong>Corpus</strong></span> <span class='ocrx_word' id='word_1_219' title='bbox 555 2561 690 2600; x_wconf 80' lang='lat' dir='ltr'><strong>tuum</strong></span> <span class='ocrx_word' id='word_1_220' title='bbox 711 2570 800 2618; x_wconf 84' lang='lat' dir='ltr'><strong>pro</strong></span> <span class='ocrx_word' id='word_1_221' title='bbox 829 2553 967 2600; x_wconf 77' lang='lat' dir='ltr'><strong>nobis</strong></span> <span class='ocrx_word' id='word_1_222' title='bbox 988 2554 1144 2601; x_wconf 82' lang='lat' dir='ltr'><strong>cruci-</strong></span> 
     </span>
     <span class='ocr_line' id='line_1_26' title="bbox 129 2633 1142 2698; baseline 0.001 -17"><span class='ocrx_word' id='word_1_223' title='bbox 129 2634 284 2696; x_wconf 71' lang='lat' dir='ltr'><strong>fixum</strong></span> <span class='ocrx_word' id='word_1_224' title='bbox 310 2634 496 2681; x_wconf 81' lang='lat' dir='ltr'><strong>edimus</strong></span> <span class='ocrx_word' id='word_1_225' title='bbox 512 2670 524 2694; x_wconf 89' lang='lat'>‚</span> <span class='ocrx_word' id='word_1_226' title='bbox 544 2643 588 2681; x_wconf 83' lang='lat' dir='ltr'><strong>et</strong></span> <span class='ocrx_word' id='word_1_227' title='bbox 603 2633 907 2698; x_wconf 74' lang='lat' dir='ltr'><strong>Sanquinem</strong></span> <span class='ocrx_word' id='word_1_228' title='bbox 924 2644 1142 2682; x_wconf 78' lang='lat' dir='ltr'><strong>sanctum</strong></span> 
     </span>
     <span class='ocr_line' id='line_1_27' title="bbox 134 2717 1137 2784; baseline 0.004 -21"><span class='ocrx_word' id='word_1_229' title='bbox 134 2724 270 2764; x_wconf 78' lang='lat' dir='ltr'><strong>tuum</strong></span> <span class='ocrx_word' id='word_1_230' title='bbox 313 2733 405 2782; x_wconf 81' lang='lat' dir='ltr'><strong>pro</strong></span> <span class='ocrx_word' id='word_1_231' title='bbox 450 2717 590 2765; x_wconf 78' lang='lat' dir='ltr'><strong>nobis</strong></span> <span class='ocrx_word' id='word_1_232' title='bbox 640 2719 846 2784; x_wconf 75' lang='lat' dir='ltr'><strong>effusum</strong></span> <span class='ocrx_word' id='word_1_233' title='bbox 905 2718 1137 2767; x_wconf 78' lang='lat' dir='ltr'><strong>bibimus.</strong></span> 
     </span>
     <span class='ocr_line' id='line_1_28' title="bbox 135 2797 1140 2862; baseline 0.003 -17"><span class='ocrx_word' id='word_1_234' title='bbox 135 2797 300 2862; x_wconf 86' lang='lat' dir='ltr'><strong>Surgat</strong></span> <span class='ocrx_word' id='word_1_235' title='bbox 343 2816 469 2847; x_wconf 90' lang='lat' dir='ltr'><strong>nunc</strong></span> <span class='ocrx_word' id='word_1_236' title='bbox 514 2798 731 2847; x_wconf 84' lang='lat' dir='ltr'><strong>Calvinus</strong></span> <span class='ocrx_word' id='word_1_237' title='bbox 767 2817 875 2848; x_wconf 86' lang='lat' dir='ltr'><strong>cum</strong></span> <span class='ocrx_word' id='word_1_238' title='bbox 919 2800 1140 2849; x_wconf 88' lang='lat' dir='ltr'><strong>omnibus</strong></span> 
     </span>
     <span class='ocr_line' id='line_1_29' title="bbox 134 2875 1139 2941; baseline 0.004 -15"><span class='ocrx_word' id='word_1_239' title='bbox 134 2879 412 2928; x_wconf 84' lang='lat' dir='ltr'><strong>Calvinianis</strong></span> <span class='ocrx_word' id='word_1_240' title='bbox 453 2883 573 2941; x_wconf 87' lang='lat' dir='ltr'><strong>suis,</strong></span> <span class='ocrx_word' id='word_1_241' title='bbox 609 2899 662 2930; x_wconf 86' lang='lat' dir='ltr'><strong>ac</strong></span> <span class='ocrx_word' id='word_1_242' title='bbox 689 2882 845 2930; x_wconf 88' lang='lat' dir='ltr'><strong>eludat</strong></span> <span class='ocrx_word' id='word_1_243' title='bbox 874 2882 975 2930; x_wconf 86' lang='lat' dir='ltr'><strong>haec</strong></span> <span class='ocrx_word' id='word_1_244' title='bbox 1012 2875 1139 2930; x_wconf 86' lang='lat' dir='ltr'><strong>testi-</strong></span> 
     </span>
     <span class='ocr_line' id='line_1_30' title="bbox 134 2964 1142 3030; baseline 0.004 -20"><span class='ocrx_word' id='word_1_245' title='bbox 134 2964 320 3022; x_wconf 84' lang='lat' dir='ltr'><strong>monia,</strong></span> <span class='ocrx_word' id='word_1_246' title='bbox 359 2972 402 3010; x_wconf 84' lang='lat' dir='ltr'><strong>et</strong></span> <span class='ocrx_word' id='word_1_247' title='bbox 441 2965 759 3029; x_wconf 86' lang='lat' dir='ltr'><strong>interpretetur</strong></span> <span class='ocrx_word' id='word_1_248' title='bbox 803 2966 858 3013; x_wconf 93' lang='lat' dir='ltr'><strong>de</strong></span> <span class='ocrx_word' id='word_1_249' title='bbox 892 2966 1049 3030; x_wconf 74' lang='lat' dir='ltr'><strong>fiqura</strong></span> <span class='ocrx_word' id='word_1_250' title='bbox 1097 2974 1142 3014; x_wconf 82' lang='lat' dir='ltr'><strong>et</strong></span> 
     </span>
     <span class='ocr_line' id='line_1_31' title="bbox 133 3043 1136 3111; baseline 0.007 -22"><span class='ocrx_word' id='word_1_251' title='bbox 133 3043 335 3108; x_wconf 80' lang='lat' dir='ltr'><strong>symbolo</strong></span> <span class='ocrx_word' id='word_1_252' title='bbox 364 3044 573 3108; x_wconf 84' lang='lat' dir='ltr'><strong>Corporis</strong></span> <span class='ocrx_word' id='word_1_253' title='bbox 605 3056 651 3094; x_wconf 83' lang='lat' dir='ltr'><strong>et</strong></span> <span class='ocrx_word' id='word_1_254' title='bbox 679 3046 925 3111; x_wconf 83' lang='lat' dir='ltr'><strong>Sanguinis</strong></span> <span class='ocrx_word' id='word_1_255' title='bbox 950 3046 1136 3098; x_wconf 84' lang='lat' dir='ltr'><strong>Christi.</strong></span> 
     </span>
     <span class='ocr_line' id='line_1_32' title="bbox 132 3123 1140 3191; baseline 0.007 -20"><span class='ocrx_word' id='word_1_256' title='bbox 132 3123 531 3191; x_wconf 80' lang='lat' dir='ltr'><strong>SurgatLutherus</strong></span> <span class='ocrx_word' id='word_1_257' title='bbox 544 3144 653 3176; x_wconf 88' lang='lat' dir='ltr'><strong>cum</strong></span> <span class='ocrx_word' id='word_1_258' title='bbox 672 3131 764 3177; x_wconf 86' lang='lat' dir='ltr'><strong>suis</strong></span> <span class='ocrx_word' id='word_1_259' title='bbox 781 3129 1071 3190; x_wconf 83' lang='lat' dir='ltr'><strong>Lutheranis,</strong></span> <span class='ocrx_word' id='word_1_260' title='bbox 1094 3141 1140 3180; x_wconf 92' lang='lat' dir='ltr'><strong>et</strong></span> 
     </span>
     <span class='ocr_line' id='line_1_33' title="bbox 131 3209 1137 3272; baseline 0.006 -18"><span class='ocrx_word' id='word_1_261' title='bbox 131 3209 332 3256; x_wconf 84' lang='lat' dir='ltr'><strong>inveniat</strong></span> <span class='ocrx_word' id='word_1_262' title='bbox 346 3225 514 3272; x_wconf 87' lang='lat' dir='ltr'><strong>panem</strong></span> <span class='ocrx_word' id='word_1_263' title='bbox 528 3217 573 3256; x_wconf 89' lang='lat' dir='ltr'><strong>ct</strong></span> <span class='ocrx_word' id='word_1_264' title='bbox 587 3211 747 3258; x_wconf 88' lang='lat' dir='ltr'><strong>vinum</strong></span> <span class='ocrx_word' id='word_1_265' title='bbox 762 3228 868 3259; x_wconf 90' lang='lat' dir='ltr'><strong>cum</strong></span> <span class='ocrx_word' id='word_1_266' title='bbox 885 3210 1137 3262; x_wconf 82' lang='lat' dir='ltr'><strong>substantia</strong></span> 
     </span>
     <span class='ocr_line' id='line_1_34' title="bbox 133 3286 1132 3356; baseline 0.005 -18"><span class='ocrx_word' id='word_1_267' title='bbox 133 3290 348 3354; x_wconf 85' lang='lat' dir='ltr'><strong>Corporis</strong></span> <span class='ocrx_word' id='word_1_268' title='bbox 378 3301 421 3338; x_wconf 90' lang='lat' dir='ltr'><strong>et</strong></span> <span class='ocrx_word' id='word_1_269' title='bbox 458 3289 700 3353; x_wconf 84' lang='lat' dir='ltr'><strong>Sanguinis</strong></span> <span class='ocrx_word' id='word_1_270' title='bbox 728 3286 938 3341; x_wconf 77' lang='lat' dir='ltr'><strong>Domini.</strong></span> <span class='ocrx_word' id='word_1_271' title='bbox 961 3292 1100 3343; x_wconf 89' lang='lat' dir='ltr'><strong>Porro</strong></span> <span class='ocrx_word' id='word_1_272' title='bbox 1118 3332 1132 3356; x_wconf 85' lang='lat'><em>‚</em></span> 
     </span>
     <span class='ocr_line' id='line_1_35' title="bbox 130 3372 1135 3440; baseline 0.004 -19"><span class='ocrx_word' id='word_1_273' title='bbox 130 3383 182 3421; x_wconf 89' lang='lat' dir='ltr'><strong>ut</strong></span> <span class='ocrx_word' id='word_1_274' title='bbox 209 3372 416 3421; x_wconf 85' lang='lat' dir='ltr'><strong>dicebam</strong></span> <span class='ocrx_word' id='word_1_275' title='bbox 432 3409 444 3431; x_wconf 85' lang='lat'>‚</span> <span class='ocrx_word' id='word_1_276' title='bbox 461 3374 703 3420; x_wconf 85' lang='lat' dir='ltr'><strong>innumera</strong></span> <span class='ocrx_word' id='word_1_277' title='bbox 728 3390 869 3438; x_wconf 89' lang='lat' dir='ltr'><strong>prope</strong></span> <span class='ocrx_word' id='word_1_278' title='bbox 895 3385 1002 3422; x_wconf 89' lang='lat' dir='ltr'><strong>sunt</strong></span> <span class='ocrx_word' id='word_1_279' title='bbox 1019 3374 1135 3440; x_wconf 78' lang='lat' dir='ltr'><strong>ejus-</strong></span> 
     </span>
     <span class='ocr_line' id='line_1_36' title="bbox 132 3455 1135 3520; baseline 0.003 -18"><span class='ocrx_word' id='word_1_280' title='bbox 132 3455 259 3503; x_wconf 91' lang='lat' dir='ltr'><strong>modi</strong></span> <span class='ocrx_word' id='word_1_281' title='bbox 302 3455 576 3503; x_wconf 84' lang='lat' dir='ltr'><strong>documenta</strong></span> <span class='ocrx_word' id='word_1_282' title='bbox 594 3490 607 3513; x_wconf 91' lang='lat'>‚</span> <span class='ocrx_word' id='word_1_283' title='bbox 636 3472 736 3520; x_wconf 82' lang='lat' dir='ltr'><strong>quae</strong></span> <span class='ocrx_word' id='word_1_284' title='bbox 767 3455 954 3504; x_wconf 80' lang='lat' dir='ltr'><strong>diversis</strong></span> <span class='ocrx_word' id='word_1_285' title='bbox 988 3455 1135 3506; x_wconf 86' lang='lat' dir='ltr'><strong>verbis</strong></span> 
     </span>
     <span class='ocr_line' id='line_1_37' title="bbox 131 3534 1132 3601; baseline 0.003 -17"><span class='ocrx_word' id='word_1_286' title='bbox 131 3534 258 3585; x_wconf 90' lang='lat' dir='ltr'><strong>idem</strong></span> <span class='ocrx_word' id='word_1_287' title='bbox 274 3535 437 3601; x_wconf 84' lang='lat' dir='ltr'><strong>dogma</strong></span> <span class='ocrx_word' id='word_1_288' title='bbox 454 3537 711 3585; x_wconf 84' lang='lat' dir='ltr'><strong>adstruunt.</strong></span> <span class='ocrx_word' id='word_1_289' title='bbox 727 3535 823 3585; x_wconf 82' lang='lat' dir='ltr'><strong>Cfr.</strong></span> <span class='ocrx_word' id='word_1_290' title='bbox 842 3547 1015 3586; x_wconf 81' lang='lat' dir='ltr'><strong>auctor.</strong></span> <span class='ocrx_word' id='word_1_291' title='bbox 1035 3541 1132 3587; x_wconf 89' lang='lat' dir='ltr'><strong>citt.</strong></span> 
     </span>
    </p>

    <p class='ocr_par' dir='ltr' id='par_1_8' title="bbox 133 3617 1131 3766">
     <span class='ocr_line' id='line_1_38' title="bbox 198 3617 1131 3682; baseline 0.005 -18"><span class='ocrx_word' id='word_1_292' title='bbox 198 3617 266 3682; x_wconf 91' lang='lat'><strong>(1)</strong></span> <span class='ocrx_word' id='word_1_293' title='bbox 303 3617 400 3666; x_wconf 89' lang='lat' dir='ltr'><strong>Cfr.</strong></span> <span class='ocrx_word' id='word_1_294' title='bbox 442 3618 752 3677; x_wconf 83' lang='lat' dir='ltr'><strong>Muratorius‚</strong></span> <span class='ocrx_word' id='word_1_295' title='bbox 778 3635 855 3682; x_wconf 88' lang='lat' dir='ltr'><strong>op.</strong></span> <span class='ocrx_word' id='word_1_296' title='bbox 892 3620 971 3666; x_wconf 83' lang='lat' dir='ltr'><strong>cit.</strong></span> <span class='ocrx_word' id='word_1_297' title='bbox 1008 3618 1131 3670; x_wconf 88' lang='lat' dir='ltr'><strong>Diss.</strong></span> 
     </span>
     <span class='ocr_line' id='line_1_39' title="bbox 133 3696 902 3766; baseline 0.003 -21"><span class='ocrx_word' id='word_1_298' title='bbox 133 3696 213 3746; x_wconf 86' lang='lat' dir='ltr'><strong>De</strong></span> <span class='ocrx_word' id='word_1_299' title='bbox 239 3700 423 3764; x_wconf 63' lang='lat' dir='ltr'><strong>origine</strong></span> <span class='ocrx_word' id='word_1_300' title='bbox 451 3700 661 3765; x_wconf 72' lang='lat' dir='ltr'><strong>liturqioe</strong></span> <span class='ocrx_word' id='word_1_301' title='bbox 680 3738 694 3762; x_wconf 93' lang='lat'>,</span> <span class='ocrx_word' id='word_1_302' title='bbox 722 3718 825 3766; x_wconf 82' lang='lat' dir='ltr'><strong>cap.</strong></span> <span class='ocrx_word' id='word_1_303' title='bbox 856 3716 902 3748; x_wconf 87' lang='lat'><strong>2.</strong></span> 
     </span>
    </p>

    <p class='ocr_par' dir='ltr' id='par_1_9' title="bbox 217 3780 657 3848">
     <span class='ocr_line' id='line_1_40' title="bbox 217 3780 657 3848; baseline 0.009 -21"><span class='ocrx_word' id='word_1_304' title='bbox 217 3780 281 3842; x_wconf 77' lang='lat'><strong>(2)</strong></span> <span class='ocrx_word' id='word_1_305' title='bbox 319 3781 446 3832; x_wconf 85' lang='lat' dir='ltr'><strong>lhid.</strong></span> <span class='ocrx_word' id='word_1_306' title='bbox 474 3799 574 3848; x_wconf 87' lang='lat' dir='ltr'><strong>cap.</strong></span> <span class='ocrx_word' id='word_1_307' title='bbox 613 3799 657 3831; x_wconf 89' lang='lat'><strong>1.</strong></span> 
     </span>
    </p>
   </div>
   <div class='ocr_carea' id='block_1_7' title="bbox 1230 2309 2246 2949">
    <p class='ocr_par' dir='ltr' id='par_1_10' title="bbox 1230 2309 2246 2949">
     <span class='ocr_line' id='line_1_41' title="bbox 1302 2309 2244 2378; baseline 0.001 -19"><span class='ocrx_word' id='word_1_308' title='bbox 1302 2309 1372 2373; x_wconf 89' lang='lat'><strong>(3)</strong></span> <span class='ocrx_word' id='word_1_309' title='bbox 1410 2311 1553 2378; x_wconf 82' lang='lat' dir='ltr'><strong>Origo</strong></span> <span class='ocrx_word' id='word_1_310' title='bbox 1583 2311 1726 2377; x_wconf 86' lang='lat' dir='ltr'><strong>hujus</strong></span> <span class='ocrx_word' id='word_1_311' title='bbox 1754 2330 1896 2371; x_wconf 89' lang='lat' dir='ltr'><strong>usus,</strong></span> <span class='ocrx_word' id='word_1_312' title='bbox 1936 2312 2244 2376; x_wconf 87' lang='lat' dir='ltr'><strong>respondendi</strong></span> 
     </span>
     <span class='ocr_line' id='line_1_42' title="bbox 1234 2395 2244 2458; baseline 0.002 -19"><span class='ocrx_word' id='word_1_313' title='bbox 1234 2408 1374 2440; x_wconf 82' lang='lat' dir='ltr'><strong>amen</strong></span> <span class='ocrx_word' id='word_1_314' title='bbox 1430 2404 1508 2441; x_wconf 86' lang='lat' dir='ltr'><strong>aut</strong></span> <span class='ocrx_word' id='word_1_315' title='bbox 1553 2403 1657 2458; x_wconf 88' lang='lat' dir='ltr'><strong>post</strong></span> <span class='ocrx_word' id='word_1_316' title='bbox 1713 2395 2104 2442; x_wconf 83' lang='lat' dir='ltr'><strong>consecrationem</strong></span> <span class='ocrx_word' id='word_1_317' title='bbox 2162 2399 2244 2441; x_wconf 83' lang='lat' dir='ltr'><strong>aut</strong></span> 
     </span>
     <span class='ocr_line' id='line_1_43' title="bbox 1233 2474 2244 2539; baseline 0.001 -18"><span class='ocrx_word' id='word_1_318' title='bbox 1233 2484 1340 2523; x_wconf 84' lang='lat' dir='ltr'><strong>ante</strong></span> <span class='ocrx_word' id='word_1_319' title='bbox 1380 2478 1788 2534; x_wconf 88' lang='lat' dir='ltr'><strong>communionem,</strong></span> <span class='ocrx_word' id='word_1_320' title='bbox 1831 2477 1971 2539; x_wconf 87' lang='lat' dir='ltr'><strong>repeti</strong></span> <span class='ocrx_word' id='word_1_321' title='bbox 2016 2474 2156 2523; x_wconf 91' lang='lat' dir='ltr'><strong>debet</strong></span> <span class='ocrx_word' id='word_1_322' title='bbox 2185 2491 2244 2523; x_wconf 85' lang='lat' dir='ltr'><strong>ex</strong></span> 
     </span>
     <span class='ocr_line' id='line_1_44' title="bbox 1233 2555 2242 2622; baseline 0 -18"><span class='ocrx_word' id='word_1_323' title='bbox 1233 2555 1394 2604; x_wconf 81' lang='lat' dir='ltr'><strong>haeresi</strong></span> <span class='ocrx_word' id='word_1_324' title='bbox 1440 2556 1756 2615; x_wconf 84' lang='lat' dir='ltr'><strong>Docetarum3</strong></span> <span class='ocrx_word' id='word_1_325' title='bbox 1801 2559 1880 2622; x_wconf 88' lang='lat' dir='ltr'><strong>qui</strong></span> <span class='ocrx_word' id='word_1_326' title='bbox 1926 2573 2035 2604; x_wconf 88' lang='lat' dir='ltr'><strong>cum</strong></span> <span class='ocrx_word' id='word_1_327' title='bbox 2084 2574 2242 2605; x_wconf 83' lang='lat' dir='ltr'><strong>veram</strong></span> 
     </span>
     <span class='ocr_line' id='line_1_45' title="bbox 1231 2638 2243 2704; baseline 0.002 -19"><span class='ocrx_word' id='word_1_328' title='bbox 1231 2654 1416 2686; x_wconf 85' lang='lat' dir='ltr'><strong>carnem</strong></span> <span class='ocrx_word' id='word_1_329' title='bbox 1462 2641 1511 2686; x_wconf 90' lang='lat' dir='ltr'><strong>in</strong></span> <span class='ocrx_word' id='word_1_330' title='bbox 1556 2638 1734 2687; x_wconf 82' lang='lat' dir='ltr'><strong>Christo</strong></span> <span class='ocrx_word' id='word_1_331' title='bbox 1777 2655 1872 2686; x_wconf 90' lang='grc'>11011</span> <span class='ocrx_word' id='word_1_332' title='bbox 1913 2649 2243 2704; x_wconf 83' lang='lat' dir='ltr'><strong>agnoscerent,</strong></span> 
     </span>
     <span class='ocr_line' id='line_1_46' title="bbox 1231 2720 2243 2785; baseline 0.003 -19"><span class='ocrx_word' id='word_1_333' title='bbox 1231 2736 1318 2767; x_wconf 89' lang='lat' dir='ltr'><strong>nec</strong></span> <span class='ocrx_word' id='word_1_334' title='bbox 1355 2721 1546 2785; x_wconf 89' lang='lat' dir='ltr'><strong>proinde</strong></span> <span class='ocrx_word' id='word_1_335' title='bbox 1579 2723 1629 2768; x_wconf 91' lang='lat' dir='ltr'><strong>in</strong></span> <span class='ocrx_word' id='word_1_336' title='bbox 1666 2721 1954 2768; x_wconf 80' lang='lat' dir='ltr'><strong>Eucharistia</strong></span> <span class='ocrx_word' id='word_1_337' title='bbox 1977 2756 1991 2780; x_wconf 89' lang='lat'>‚</span> <span class='ocrx_word' id='word_1_338' title='bbox 2041 2720 2243 2769; x_wconf 87' lang='lat' dir='ltr'><strong>Ecclesia</strong></span> 
     </span>
     <span class='ocr_line' id='line_1_47' title="bbox 1231 2802 2246 2867; baseline 0.004 -19"><span class='ocrx_word' id='word_1_339' title='bbox 1231 2804 1499 2863; x_wconf 85' lang='lat' dir='ltr'><strong>constituit,</strong></span> <span class='ocrx_word' id='word_1_340' title='bbox 1531 2812 1582 2850; x_wconf 91' lang='lat' dir='ltr'><strong>ut</strong></span> <span class='ocrx_word' id='word_1_341' title='bbox 1607 2821 1632 2851; x_wconf 87' lang='lat' dir='ltr'><strong>a</strong></span> <span class='ocrx_word' id='word_1_342' title='bbox 1649 2802 1864 2850; x_wconf 85' lang='lat' dir='ltr'><strong>fidelibus</strong></span> <span class='ocrx_word' id='word_1_343' title='bbox 1891 2802 2246 2867; x_wconf 85' lang='lat' dir='ltr'><strong>responderetur</strong></span> 
     </span>
     <span class='ocr_line' id='line_1_48' title="bbox 1230 2880 2245 2949; baseline 0.002 -18"><span class='ocrx_word' id='word_1_344' title='bbox 1230 2880 1459 2932; x_wconf 75' lang='lat' dir='ltr'><strong>amenad</strong></span> <span class='ocrx_word' id='word_1_345' title='bbox 1494 2885 1800 2949; x_wconf 83' lang='lat' dir='ltr'><strong>profitendam</strong></span> <span class='ocrx_word' id='word_1_346' title='bbox 1845 2900 2000 2933; x_wconf 86' lang='lat' dir='ltr'><strong>veram</strong></span> <span class='ocrx_word' id='word_1_347' title='bbox 2044 2884 2245 2935; x_wconf 86' lang='lat' dir='ltr'><strong>Carnem</strong></span> 
     </span>
    </p>
   </div>
   <div class='ocr_carea' id='block_1_8' title="bbox 1230 2963 2330 3033">
    <p class='ocr_par' dir='ltr' id='par_1_11' title="bbox 1230 2963 2330 3033">
     <span class='ocr_line' id='line_1_49' title="bbox 1230 2963 2330 3033; baseline 0.004 -21"><span class='ocrx_word' id='word_1_348' title='bbox 1230 2963 1399 3013; x_wconf 82' lang='lat' dir='ltr'><strong>Christi</strong></span> <span class='ocrx_word' id='word_1_349' title='bbox 1432 2968 1483 3013; x_wconf 89' lang='lat' dir='ltr'><strong>in</strong></span> <span class='ocrx_word' id='word_1_350' title='bbox 1523 2966 1613 3014; x_wconf 88' lang='lat' dir='ltr'><strong>hoc</strong></span> <span class='ocrx_word' id='word_1_351' title='bbox 1658 2965 1978 3015; x_wconf 79' lang='lat' dir='ltr'><strong>sacramento.</strong></span> <span class='ocrx_word' id='word_1_352' title='bbox 2014 2966 2113 3016; x_wconf 92' lang='lat' dir='ltr'><strong>Csr.</strong></span> <span class='ocrx_word' id='word_1_353' title='bbox 2147 2985 2249 3033; x_wconf 84' lang='lat' dir='ltr'><strong>quae</strong></span> <span class='ocrx_word' id='word_1_354' title='bbox 2328 2996 2330 2999; x_wconf 38' lang='lat' dir='ltr'>v</span> 
     </span>
    </p>
   </div>
   <div class='ocr_carea' id='block_1_9' title="bbox 1225 3047 2250 3849">
    <p class='ocr_par' dir='ltr' id='par_1_12' title="bbox 1230 3047 2244 3195">
     <span class='ocr_line' id='line_1_50' title="bbox 1230 3047 2244 3113; baseline 0.003 -18"><span class='ocrx_word' id='word_1_355' title='bbox 1230 3049 1365 3095; x_wconf 82' lang='lat' dir='ltr'><strong>etiam</strong></span> <span class='ocrx_word' id='word_1_356' title='bbox 1401 3047 1458 3094; x_wconf 89' lang='lat' dir='ltr'><strong>de</strong></span> <span class='ocrx_word' id='word_1_357' title='bbox 1485 3048 1574 3096; x_wconf 85' lang='lat' dir='ltr'><strong>hac</strong></span> <span class='ocrx_word' id='word_1_358' title='bbox 1603 3065 1714 3096; x_wconf 84' lang='lat' dir='ltr'><strong>voce</strong></span> <span class='ocrx_word' id='word_1_359' title='bbox 1751 3048 1909 3096; x_wconf 87' lang='lat' dir='ltr'><strong>scribit</strong></span> <span class='ocrx_word' id='word_1_360' title='bbox 1938 3048 2114 3111; x_wconf 87' lang='lat' dir='ltr'><strong>Moore,</strong></span> <span class='ocrx_word' id='word_1_361' title='bbox 2165 3066 2244 3113; x_wconf 88' lang='lat' dir='ltr'><strong>op.</strong></span> 
     </span>
     <span class='ocr_line' id='line_1_51' title="bbox 1233 3126 1972 3195; baseline 0.003 -18"><span class='ocrx_word' id='word_1_362' title='bbox 1233 3131 1310 3177; x_wconf 86' lang='lat' dir='ltr'><strong>cit.</strong></span> <span class='ocrx_word' id='word_1_363' title='bbox 1350 3126 1428 3177; x_wconf 91' lang='lat' dir='ltr'><strong>ch.</strong></span> <span class='ocrx_word' id='word_1_364' title='bbox 1465 3145 1530 3176; x_wconf 83' lang='lat' dir='ltr'><strong>xx</strong></span> <span class='ocrx_word' id='word_1_365' title='bbox 1550 3167 1562 3189; x_wconf 84' lang='lat'>‚</span> <span class='ocrx_word' id='word_1_366' title='bbox 1588 3147 1638 3194; x_wconf 90' lang='lat' dir='ltr'><strong>p.</strong></span> <span class='ocrx_word' id='word_1_367' title='bbox 1684 3128 1776 3177; x_wconf 87' lang='grc'><strong>118</strong></span> <span class='ocrx_word' id='word_1_368' title='bbox 1804 3139 1972 3195; x_wconf 85' lang='lat' dir='ltr'><strong>etseq.</strong></span> 
     </span>
    </p>

    <p class='ocr_par' dir='ltr' id='par_1_13' title="bbox 1225 3209 2250 3604">
     <span class='ocr_line' id='line_1_52' title="bbox 1296 3209 2250 3277; baseline 0.002 -20"><span class='ocrx_word' id='word_1_369' title='bbox 1296 3209 1375 3272; x_wconf 69' lang='lat'><strong>(14)</strong></span> <span class='ocrx_word' id='word_1_370' title='bbox 1409 3209 1530 3275; x_wconf 87' lang='lat' dir='ltr'><strong>Opp.</strong></span> <span class='ocrx_word' id='word_1_371' title='bbox 1576 3221 1688 3259; x_wconf 84' lang='lat' dir='ltr'><strong>tom.</strong></span> <span class='ocrx_word' id='word_1_372' title='bbox 1727 3227 1803 3270; x_wconf 79' lang='lat' dir='ltr'><strong>lv,</strong></span> <span class='ocrx_word' id='word_1_373' title='bbox 1847 3229 1895 3275; x_wconf 88' lang='lat' dir='ltr'><strong>p.</strong></span> <span class='ocrx_word' id='word_1_374' title='bbox 1934 3209 2057 3277; x_wconf 80' lang='lat'><strong>670.</strong></span> <span class='ocrx_word' id='word_1_375' title='bbox 2092 3210 2250 3259; x_wconf 86' lang='lat' dir='ltr'><strong>Grotio</strong></span> 
     </span>
     <span class='ocr_line' id='line_1_53' title="bbox 1227 3290 2246 3359; baseline 0 -19"><span class='ocrx_word' id='word_1_376' title='bbox 1227 3290 1340 3340; x_wconf 86' lang='lat' dir='ltr'><strong>alios</strong></span> <span class='ocrx_word' id='word_1_377' title='bbox 1373 3293 1542 3359; x_wconf 83' lang='lat' dir='ltr'><strong>adjecit</strong></span> <span class='ocrx_word' id='word_1_378' title='bbox 1566 3293 1657 3341; x_wconf 89' lang='lat' dir='ltr'><strong>Th.</strong></span> <span class='ocrx_word' id='word_1_379' title='bbox 1680 3292 1836 3341; x_wconf 87' lang='lat' dir='ltr'><strong>Moore</strong></span> <span class='ocrx_word' id='word_1_380' title='bbox 1868 3311 1944 3358; x_wconf 90' lang='lat' dir='ltr'><strong>op.</strong></span> <span class='ocrx_word' id='word_1_381' title='bbox 1979 3295 2060 3341; x_wconf 87' lang='lat' dir='ltr'><strong>cit.</strong></span> <span class='ocrx_word' id='word_1_382' title='bbox 2083 3309 2246 3342; x_wconf 83' lang='lat' dir='ltr'><strong>recen·</strong></span> 
     </span>
     <span class='ocr_line' id='line_1_54' title="bbox 1227 3360 2245 3441; baseline -0.001 -19"><span class='ocrx_word' id='word_1_383' title='bbox 1227 3377 1362 3423; x_wconf 84' lang='lat' dir='ltr'><strong>tiores</strong></span> <span class='ocrx_word' id='word_1_384' title='bbox 1391 3376 1724 3431; x_wconf 85' lang='lat' dir='ltr'><strong>Protestantes,</strong></span> <span class='ocrx_word' id='word_1_385' title='bbox 1766 3377 1847 3441; x_wconf 90' lang='lat' dir='ltr'><strong>qui</strong></span> <span class='ocrx_word' id='word_1_386' title='bbox 1883 3360 1930 3423; x_wconf 86' lang='lat' dir='ltr'><strong>id</strong></span> <span class='ocrx_word' id='word_1_387' title='bbox 1975 3378 2128 3440; x_wconf 90' lang='lat' dir='ltr'><strong>ipsum</strong></span> <span class='ocrx_word' id='word_1_388' title='bbox 2171 3375 2245 3422; x_wconf 88' lang='lat' dir='ltr'><strong>fa-</strong></span> 
     </span>
     <span class='ocr_line' id='line_1_55' title="bbox 1225 3455 2244 3522; baseline -0.002 -18"><span class='ocrx_word' id='word_1_389' title='bbox 1225 3468 1379 3514; x_wconf 69' lang='lat' dir='ltr'><strong>tentur</strong></span> <span class='ocrx_word' id='word_1_390' title='bbox 1399 3494 1411 3516; x_wconf 87' lang='lat'><strong>‚</strong></span> <span class='ocrx_word' id='word_1_391' title='bbox 1442 3475 1610 3522; x_wconf 87' lang='lat' dir='ltr'><strong>nempe</strong></span> <span class='ocrx_word' id='word_1_392' title='bbox 1626 3456 1788 3505; x_wconf 82' lang='lat' dir='ltr'><strong>Clarke</strong></span> <span class='ocrx_word' id='word_1_393' title='bbox 1809 3494 1822 3518; x_wconf 90' lang='lat'><strong>,</strong></span> <span class='ocrx_word' id='word_1_394' title='bbox 1909 3456 2056 3506; x_wconf 83' lang='lat' dir='ltr'><strong>Wake</strong></span> <span class='ocrx_word' id='word_1_395' title='bbox 2077 3493 2091 3517; x_wconf 86' lang='lat'>‚</span> <span class='ocrx_word' id='word_1_396' title='bbox 2120 3455 2244 3515; x_wconf 83' lang='lat' dir='ltr'><strong>Ball,</strong></span> 
     </span>
     <span class='ocr_line' id='line_1_56' title="bbox 1228 3539 1702 3604; baseline 0.004 -19"><span class='ocrx_word' id='word_1_397' title='bbox 1228 3548 1323 3587; x_wconf 86' lang='lat' dir='ltr'><strong>etc.</strong></span> <span class='ocrx_word' id='word_1_398' title='bbox 1359 3539 1458 3587; x_wconf 88' lang='lat' dir='ltr'><strong>Cfr.</strong></span> <span class='ocrx_word' id='word_1_399' title='bbox 1486 3556 1586 3603; x_wconf 87' lang='lat' dir='ltr'><strong>cap.</strong></span> <span class='ocrx_word' id='word_1_400' title='bbox 1624 3555 1702 3604; x_wconf 84' lang='lat'><strong>17.</strong></span> 
     </span>
    </p>

    <p class='ocr_par' dir='ltr' id='par_1_14' title="bbox 1226 3620 2247 3849">
     <span class='ocr_line' id='line_1_57' title="bbox 1294 3620 2247 3684; baseline -0.004 -16"><span class='ocrx_word' id='word_1_401' title='bbox 1294 3621 1358 3684; x_wconf 80' lang='lat'><strong>(5)</strong></span> <span class='ocrx_word' id='word_1_402' title='bbox 1396 3620 1496 3669; x_wconf 89' lang='lat' dir='ltr'><strong>Cfr.</strong></span> <span class='ocrx_word' id='word_1_403' title='bbox 1530 3621 1812 3679; x_wconf 86' lang='lat' dir='ltr'><strong>Massuetus,</strong></span> <span class='ocrx_word' id='word_1_404' title='bbox 1837 3620 1959 3668; x_wconf 86' lang='lat' dir='ltr'><strong>Diss.</strong></span> <span class='ocrx_word' id='word_1_405' title='bbox 1984 3635 2018 3678; x_wconf 82' lang='lat'><strong>1,</strong></span> <span class='ocrx_word' id='word_1_406' title='bbox 2059 3620 2109 3664; x_wconf 89' lang='lat' dir='ltr'><strong>in</strong></span> <span class='ocrx_word' id='word_1_407' title='bbox 2141 3632 2247 3681; x_wconf 88' lang='lat' dir='ltr'><strong>opp.</strong></span> 
     </span>
     <span class='ocr_line' id='line_1_58' title="bbox 1226 3699 2245 3766; baseline -0.002 -19"><span class='ocrx_word' id='word_1_408' title='bbox 1226 3699 1277 3750; x_wconf 86' lang='lat' dir='ltr'><strong>S.</strong></span> <span class='ocrx_word' id='word_1_409' title='bbox 1312 3702 1470 3751; x_wconf 83' lang='lat' dir='ltr'><strong>Irenaei</strong></span> <span class='ocrx_word' id='word_1_410' title='bbox 1492 3738 1506 3765; x_wconf 87' lang='lat'>‚</span> <span class='ocrx_word' id='word_1_411' title='bbox 1544 3712 1632 3751; x_wconf 86' lang='lat' dir='ltr'><strong>art.</strong></span> <span class='ocrx_word' id='word_1_412' title='bbox 1672 3719 1708 3749; x_wconf 85' lang='lat'><strong>11</strong></span> <span class='ocrx_word' id='word_1_413' title='bbox 1730 3739 1743 3762; x_wconf 89' lang='lat'>,</span> <span class='ocrx_word' id='word_1_414' title='bbox 1775 3700 1800 3766; x_wconf 84' lang='lat'>§</span> <span class='ocrx_word' id='word_1_415' title='bbox 1834 3718 1879 3750; x_wconf 81' lang='lat' dir='ltr'><strong>vt</strong></span> <span class='ocrx_word' id='word_1_416' title='bbox 1903 3739 1915 3763; x_wconf 82' lang='grc'><strong>,</strong></span> <span class='ocrx_word' id='word_1_417' title='bbox 1950 3699 2129 3750; x_wconf 85' lang='lat' dir='ltr'><strong>etDiss.</strong></span> <span class='ocrx_word' id='word_1_418' title='bbox 2159 3715 2245 3759; x_wconf 85' lang='lat'>111,</span> 
     </span>
     <span class='ocr_line' id='line_1_59' title="bbox 1232 3782 1849 3849; baseline -0.002 -17"><span class='ocrx_word' id='word_1_419' title='bbox 1232 3794 1318 3833; x_wconf 84' lang='lat' dir='ltr'><strong>art.</strong></span> <span class='ocrx_word' id='word_1_420' title='bbox 1351 3800 1415 3834; x_wconf 80' lang='lat' dir='ltr'><strong>vu</strong></span> <span class='ocrx_word' id='word_1_421' title='bbox 1437 3821 1451 3846; x_wconf 87' lang='lat'><strong><em>‚</em></strong></span> <span class='ocrx_word' id='word_1_422' title='bbox 1481 3802 1532 3834; x_wconf 88' lang='lat' dir='ltr'><strong>n.</strong></span> <span class='ocrx_word' id='word_1_423' title='bbox 1562 3782 1626 3848; x_wconf 87' lang='lat'><strong>76</strong></span> <span class='ocrx_word' id='word_1_424' title='bbox 1650 3794 1694 3832; x_wconf 85' lang='lat' dir='ltr'><strong>et</strong></span> <span class='ocrx_word' id='word_1_425' title='bbox 1718 3801 1849 3849; x_wconf 86' lang='lat' dir='ltr'><strong>seqq.</strong></span> 
     </span>
    </p>
   </div>
  </div>
 </body>
</html>
