2502 4186
333 193 452 255 310
978 216 1293 256 'rusci-Arne
1336 218 1403 254 mi
1446 218 1840 257 nuenamsru.

332 355 715 418 clesiasticum
738 399 756 432 a
794 377 912 437 quo
943 355 1142 417 fideles
1177 369 1494 419 teneantur
1516 359 1944 420 communicare
1971 361 2037 421 in
2070 364 2256 426 Missae
2281 367 2461 426 Sacri-

329 453 482 521 ficio,
526 450 758 509 Etenim
781 495 797 523 ,
845 462 1061 533 praeter
1098 452 1290 529 dicta,
1335 455 1400 513 in
1449 454 1663 514 Rituali
1693 476 1938 514 romano
1972 460 2304 541 praecipitur
2329 508 2344 538 7
2392 474 2459 522 ut

335 547 571 624 aliquot
586 549 919 625 particulae
945 559 1291 610 consecratae
1333 571 1394 609 eo
1429 571 1714 625 numero,
1754 556 1868 631 qui
1897 557 2046 612 usui
2071 558 2458 633 infirmorum

333 650 391 699 et
423 642 690 700 aliorum
724 643 994 722 fidelium
1022 650 1440 705 communione
1474 649 1621 706 satis
1644 668 1758 706 esse
1781 653 2009 727 possit,
2043 665 2464 712 conserventur

335 739 408 794 in
435 737 667 815 pyoez‘de
696 737 807 816 (l).
847 738 1016 811 Quod
1053 740 1292 821 quidem
1319 740 1633 800 fundatum
1668 753 1757 801 est
1786 744 1849 801 in
1874 746 2065 826 praxi,
2094 767 2221 828 quae
2246 746 2318 805 ab
2344 748 2460 807 irn-

334 830 706 891 memorabili
739 832 993 893 obtinuit
1022 834 1084 892 in
1107 836 1376 898 universa
1403 836 1650 895 Ecclesia
1673 880 1689 910 ,
1728 848 1796 896 ut
1826 839 2003 899 etiam
2025 853 2188 901 extra
2223 844 2460 902 Missam

335 915 538 985 fideles
574 927 954 988 eucharistico
995 928 1123 989 cibo
1160 932 1568 1007 reficerentur,
1611 933 1697 991 uti
1723 944 1949 993 constat
1976 957 2045 995 ex
2075 938 2173 1011 iis7
2203 958 2333 1019 quae
2362 961 2461 997 su-

334 1022 536 1102 perius
569 1024 930 1105 scripsimus,
969 1035 1098 1085 tum
1134 1026 1206 1087 de
1235 1029 1649 1093 communione
1681 1028 2022 1107 domestica,
2052 1043 2181 1091 tum
2204 1033 2275 1092 de
2305 1056 2460 1093 eom-

334 1118 618 1177 munione
652 1138 856 1178 eorum
874 1165 890 1195 .,
920 1122 1107 1202 quiin
1132 1123 1455 1183 carceribus
1479 1121 1899 1184 detinebantur
1923 1138 2024 1184 aut
2047 1127 2112 1185 in
2144 1128 2460 1188 solitudine

339 1211 630 1291 degebant
647 1258 663 1287 ,
690 1235 799 1273 nec
814 1237 935 1273 non
957 1216 1031 1275 de
1059 1217 1244 1276 Missis
1262 1221 1876 1300 praesanctifieatorum
1900 1218 2104 1280 diebus
2127 1221 2459 1303 aliturgiciS.

339 1307 576 1367 Accedit
606 1330 743 1367 usus
767 1318 1035 1392 receptus
1058 1315 1186 1390 jam
1216 1334 1249 1371 a
1275 1313 1466 1373 seculo
1491 1317 1564 1375 IV
1592 1317 1655 1374 in
1677 1315 1923 1376 Ecclesia
1940 1318 2462 1399 Hierosolymitana

337 1403 676 1464 asservandi
715 1407 935 1487 pariter
975 1428 1085 1489 pro
1128 1407 1333 1468 diebus
1381 1409 1694 1491 aliturgicis
1742 1411 2054 1494 particulas
2102 1425 2463 1473 consecratas

337 1519 448 1582 pro
477 1502 891 1562 communione
934 1504 1377 1584 peregrinorum
1406 1551 1422 1580 ,
1469 1507 1570 1588 qui
1605 1507 1680 1566 acl
1729 1528 1859 1566 eam
1898 1527 1969 1566 ex
2011 1517 2133 1566 toto
2174 1520 2463 1567 terrarum

297 1666 299 1669 ,
341 1594 482 1655 orbe
505 1595 880 1657 confluebant
898 1599 1009 1678 (2).
1038 1602 1072 1658 J
1077 1613 1178 1658 am
1191 1621 1355 1673 vere,
1381 1602 1429 1660 si
1449 1604 1783 1662 communio
1805 1602 2067 1684 liturgica
2087 1603 2159 1663 de
2175 1616 2465 1688 praecepto

339 1692 541 1752 divino
577 1704 762 1768 esset,
806 1694 984 1753 satius
1010 1694 1214 1754 fuisset
1254 1699 1729 1758 communionem
1759 1710 1923 1758 extra
1961 1701 2196 1758 Missam
2222 1713 2463 1780 praeter-

342 1789 578 1848 mittere
621 1808 800 1871 quam
842 1802 1203 1872 praeceptum
1246 1792 1516 1852 divinum
1559 1793 1794 1854 violare.
1827 1794 2153 1854 Dicendum
2179 1807 2462 1876 praeterea

341 1896 493 1943 esset
511 1885 576 1942 in
599 1884 1065 1945 adversariorum
1084 1898 1420 1965 systemate‚
1452 1910 1655 1948 omnes
1679 1889 2039 1965 Sacerdotes,
2070 1910 2274 1949 omnes
2301 1892 2462 1971 Epis-

339 2000 514 2062 copos
560 2001 936 2061 summosque
972 1980 1282 2041 Pontifices
1311 1982 1576 2064 pluribus
1605 1983 1931 2042 exitialibus
1977 1984 2162 2065 culpis
2194 1986 2367 2044 fuisse
2398 2006 2463 2044 ac

338 2096 463 2136 esse
502 2076 790 2152 irretitOS,
843 2076 1183 2156 gravissime
1232 2078 1454 2159 pariter
1489 2078 1769 2138 hactenus
1801 2078 1974 2138 laicos
2022 2099 2320 2158 peccasse7
2365 2081 2466 2162 qui

316 2172 759 2231 ¹Eucharistiam
806 2193 927 2230 non
968 2173 1029 2231 in
1068 2174 1194 2255 ipso
1234 2175 1521 2232 Sacrificio
1560 2185 1975 2256 sumpserunt,
2024 2175 2134 2233 nisi
2180 2175 2329 2234 forte
2369 2198 2466 2234 eos

337 2267 663 2347 ignorantia
686 2265 1040 2327 invincibilis
1070 2281 1428 2343 excusassem
1469 2289 1599 2352 quae
1627 2271 1824 2330 omnia
1851 2269 2070 2352 absque
2095 2292 2324 2330 summa
2359 2273 2467 2330 Ec·-

339 2361 521 2423 elesiae
546 2365 756 2442 injuria
795 2363 907 2424 dici
941 2386 1060 2422 non
1089 2378 1334 2445 possunt
1366 2366 1478 2446 (3).

425 2459 565 2519 323.
613 2455 787 2537 Quod
816 2461 863 2518 si
895 2463 1231 2521 communio
1271 2462 1532 2542 liturgica
1577 2463 1652 2522 ad
1696 2463 1964 2523 Sacrificii
2000 2464 2310 2527 essentiam
2343 2485 2465 2522 non

340 2566 566 2638 spectat
584 2601 599 2630 ,
627 2555 817 2616 multo
844 2557 1041 2616 minus
1074 2557 1150 2616 ad
1176 2546 1438 2635 ejusdem
1462 2560 1772 2620 essentiam
1804 2571 2066 2642 spectare
2089 2571 2282 2641 potest
2311 2580 2467 2618 com-

402 2749 469 2810 (l)
504 2747 831 2797 Nannaronius
871 2750 1082 2812 reponit,
1130 2749 1229 2797 haee
1255 2766 1359 2814 pos·
1441 2766 1549 2798 cum
1579 2758 1743 2815 agatur
1770 2749 1828 2798 de
1856 2750 1975 2797 facto
1994 2751 2173 2797 notorio
2191 2760 2234 2796 et
2253 2749 2465 2814 publico,

333 2840 478 2878 trema
501 2828 637 2878 verba
656 2832 827 2878 intrusa
855 2831 995 2879 fuisse
1017 2847 1031 2894 3
1048 2841 1116 2879 ast
1143 2831 1232 2879 hoc
1250 2831 1355 2879 des·
1439 2832 1604 2880 inutile
1624 2843 1689 2881 est
1706 2832 1836 2897 plura
1854 2832 1912 2880 ad
1932 2832 1978 2879 id
1997 2832 2335 2881 ostendendum
2352 2849 2465 2880 con-

330 2922 593 2977 peratorum
637 2912 862 2976 effugium
896 2923 996 2973 θεῖς
1041 2914 1272 2978 siquidem
1306 2916 1356 2962 in
1439 2931 1614 2979 gerere.

329 2992 497 3043 eodem
534 2993 746 3055 niman,
786 2997 852 3043 tit.
883 2993 962 3041 De
990 2995 1159 3041 ordine
1201 2996 1355 3042 mini·
1507 2995 1574 3061 (2)
1614 2995 1710 3043 Cfr.
1746 2996 1992 3044 Mabillon.
2021 2995 2102 3044 De
2128 2995 2469 3061 Liturqiaqal-

326 3075 519 3122 strandi
544 3091 732 3123 sacram
749 3078 1164 3135 communionem,
1185 3078 1352 3141 regulae
1437 3076 1602 3124 licana
1623 3113 1638 3137 ,
1668 3079 1754 3127 lib.
1799 3095 1845 3135 1,
1880 3095 1982 3142 cap.
2011 3097 2043 3146 9
2063 3117 2075 3139 ‚
2111 3097 2164 3126 n.
2194 3077 2258 3126 26
2277 3117 2289 3139 ‚
2322 3085 2368 3127 et
2407 3082 2458 3126 in

325 3159 560 3205 servandae
572 3159 1350 3224 proponunturinadministratione
1441 3159 1710 3209 Comment.
1739 3161 1803 3208 ad
1825 3160 2062 3208 Ordinem
2090 3161 2229 3209 Rom.
2257 3180 2304 3208 n.
2326 3178 2389 3227 9,
2415 3170 2459 3209 et

324 3239 621 3290 Eucharistiae
662 3252 791 3291 extra
831 3242 1016 3292 Missam
1039 3280 1052 3303 ‚
1086 3246 1209 3291 inter
1237 3262 1349 3309 quas
1433 3240 1611 3291 Bened.
1650 3260 1754 3304 x1v,
1786 3242 1867 3290 De
1879 3243 2043 3307 sacrif.
2061 3244 2261 3302 Μίδεω,
2290 3243 2456 3302 lib.11,

321 3339 372 3371 ea
399 3321 595 3371 habetur
615 3361 628 3384 ‚
652 3334 702 3371 ut
729 3323 951 3373 Sacerdos
975 3325 1168 3373 indutus
1193 3327 1249 3373 sit
1267 3343 1347 3374 su·
1433 3343 1535 3390 cap.
1557 3326 1644 3374 22.

318 3404 594 3470 per-pelliceo
621 3416 665 3454 et
697 3406 809 3454 stola
841 3403 1006 3454 coloris
1038 3405 1190 3454 officio
1227 3408 1348 3456 illius
1499 3407 1562 3471 (3)
1600 3407 1698 3456 Cfr.
1725 3405 1896 3473 Joseph
1912 3406 2057 3456 Maria
2080 3407 2285 3455 Elefante
2304 3443 2316 3466 ‚
2333 3405 2455 3453 Dis-

318 3486 410 3535 diei
452 3489 798 3548 convenientis,
846 3497 939 3536 etc.
980 3487 1031 3537 S.
1073 3488 1267 3536 Carolus
1297 3492 1347 3538 in
1430 3489 2146 3555 sertazioneteoloqico-critica‚
2167 3487 2454 3555 Nap.1774;

316 3567 461 3616 Cone.
500 3585 535 3616 ιι
563 3571 774 3634 provinc.
806 3587 905 3635 pag.
951 3586 970 3617 1
993 3605 1007 3628 ,
1025 3570 1159 3636 jubet
1187 3571 1345 3620 Sacer-
1432 3589 1617 3621 necnon
1657 3571 1812 3621 Natal.
1847 3572 1983 3622 Alex.
2026 3573 2134 3620 diss.
2166 3587 2247 3618 xm
2277 3573 2327 3617 in
2357 3587 2450 3618 see.

323 3650 477 3698 dotem
500 3651 632 3699 indui
653 3652 770 3699 stola
786 3651 912 3711 alba,
930 3652 1043 3700 stola
1061 3670 1164 3701 vero
1180 3653 1340 3714 rubra,
1428 3672 1511 3703 xm
1537 3665 1580 3703 et
1599 3669 1707 3714 xlv3
1740 3653 1891 3703 Estius
1915 3657 1965 3703 in
1991 3671 2056 3715 iv,
2081 3654 2131 3703 d.
2153 3670 2219 3701 xu
2238 3690 2250 3713 ‚
2274 3650 2300 3717 §
2332 3650 2407 3700 18.

325 3731 405 3779 ubi
423 3744 627 3782 servatur
640 3736 757 3783 ritus
778 3733 1112 3784 ambrosianus.
1129 3733 1307 3784 Verum
1327 3774 1339 3797 ,
