2502 4186
310 188 433 262 ²¹14
930 203 1248 244 'rmcuws
1292 206 1360 242 nr.
1405 203 1792 243 romanumfl.

252 406 260 415 ,
312 348 635 421 missionis,
661 366 846 419 eone.;
878 345 1071 427 quoad
1095 344 1338 404 modum
1358 390 1374 419 ,
1396 366 1524 424 neq.
1548 346 1739 425 Longe
1759 347 1916 405 enim
1941 332 2166 412 diversa
2193 356 2418 415 ratione

310 444 478 504 nobis
501 441 744 501 dimittit
760 444 913 501 Deus
931 440 1004 500 ab
1027 461 1094 500 ea
1110 485 1127 516 a
1149 429 1264 523 'qua
1288 463 1395 501 nos
1417 441 1710 502 dimittere
1729 442 2044 504 debeamus
2062 447 2417 510 debitoribus

310 538 525 597 nostris
545 582 561 612 ,
599 538 700 619 qui
723 527 1305 597 nullamadveniam
1335 536 1768 597 concedendam
1796 540 2008 599 nostris
2037 540 2418 605 offensoribus

307 631 706 692 conditionem
753 651 1049 714 apponere
1096 653 1398 713 possumus
1429 657 1444 706 .·,
1495 643 1690 714 potest
1746 644 1943 694 antem
1996 638 2149 695 Deus
2171 684 2187 714 .‚
2243 652 2419 720 prout

308 727 500 809 reipsa
529 726 815 809 apposuit.

393 821 529 881 123,
581 820 667 881 Ad
698 821 780 880 5¹³2
804 866 819 895 7
850 822 1007 880 Dist.
1047 819 1220 880 Modo
1245 832 1445 881 tamen
1470 843 1502 880 a
1535 821 1762 881 Christo
1787 822 2048 901 injuncto
2068 871 2084 902 .,
2125 847 2314 901 conc-..3
2347 828 2422 888 ad

308 918 570 1000 ipsorum
601 915 910 976 arbitrium
933 961 950 991 ,
984 936 1115 996 neq.
1792 1000 1799 1004 .

395 1011 533 1073 124.
584 1010 672 1072 Ad
698 1012 804 1088 6¹¹¹,
836 1013 1008 1093 Resp.
1043 1011 1126 1084 1⁰,
1152 1011 1258 1070 Hic
1279 1011 1466 1092 agitur
1484 1013 1556 1071 de
1569 1015 1767 1092 factm
1795 1013 1844 1071 si
1865 1012 1940 1073 de
1965 1033 2033 1074 eo
2055 1018 2382 1078 constiterit
2401 1065 2417 1093 .,

309 1113 653 1188 conjecturae
689 1119 904 1168 nostrae
935 1119 1309 1168 evanescunt.
1342 1110 1514 1190 Resp.
1556 1110 1625 1168 20
1659 1111 1816 1170 Dz'st.
1850 1108 2023 1187 Quod
2059 1122 2257 1173 tamen
2292 1115 2421 1175 leve

308 1215 397 1264 est
427 1202 625 1262 habita
661 1203 885 1262 ratione
919 1212 1007 1261 tot
1035 1201 1308 1282 legalium
1342 1202 1753 1264 lustrationum
1774 1250 1790 1279 ,
1826 1206 2271 1284 sacrificiorum⁷
2308 1222 2418 1270 etc.

307 1317 435 1380 quae
460 1299 521 1357 in
548 1298 730 1360 veteri
760 1298 905 1377 Lege
927 1295 1308 1379 exigebantur
1344 1297 1415 1357 ad
1469 1300 1870 1359 remissionem
1915 1312 2284 1383 peccatorum
2314 1304 2421 1363 ob-

307 1394 614 1455 tinendam
635 1439 652 1470 ,
700 1416 765 1454 ac
806 1393 938 1456 leve
978 1403 1253 1476 praeterea
1295 1396 1362 1454 fit
1404 1393 1654 1455 uberiori
1705 1397 1918 1476 gratia,
1974 1419 2174 1473 conc.‚·
2215 1422 2375 1460 secus
2401 1447 2418 1478 ‚

309 1512 436 1571 neq.
490 1488 659 1551 Addo
694 1489 1130 1550 Confessionem
1163 1490 1227 1548 in
1254 1489 1526 1549 solatium
1549 1510 1617 1550 ac
1650 1491 1712 1550 in
1738 1494 2114 1553 commodum
2144 1506 2411 1555 nostrum

313 1585 518 1646 cedere
563 1587 676 1665 (1).
1288 1645 1290 1650 s

394 1681 532 1741 125.
581 1680 714 1761 Obj.
747 1681 935 1742 tertia.
964 1680 1308 1742 Auricularis
1335 1681 1630 1742 Confessio
1657 1683 1922 1765 pluribus
1954 1686 2289 1746 nominibus
2313 1689 2420 1747 im·

309 1776 596 1860 possibilis
631 1787 753 1852 est7
785 1776 1107 1859 perniciosa
1135 1786 1193 1837 et
1230 1776 1470 1860 periculi
1504 1777 1697 1859 plena.
1743 1780 1819 1837 Ac
1853 1794 1905 1837 10
1929 1781 2300 1862 impossibilis
2337 1793 2425 1843 est

308 1875 532 1951 integra
558 1882 928 1954 peccatorum
956 1871 1248 1930 Confessio
1275 1882 1402 1929 tum
1426 1871 1655 1931 defectu
1685 1875 2003 1949 memoriae,
2040 1886 2168 1934 tum
2195 1876 2424 1936 defectu

310 1966 686 2047 cognitionis,
725 1977 852 2043 tum
893 1964 1146 2047 denique
1187 1965 1416 2025 defectu
1461 1965 1818 2026 discretionis
1863 1970 2020 2028 inter
2053 1982 2286 2046 peccata
2332 1971 2423 2031 le-

310 2062 490 2121 thalia
518 2083 583 2121 ac
613 2060 894 2135 venialia3
927 2060 1063 2120 hinc
1086 2061 1406 2120 anxietates
1435 2071 1494 2119 et
1520 2061 1810 2142 scrupuli,
1845 2063 2055 2144 quibus
2092 2085 2213 2123 non
2243 2066 2422 2126 semel

311 2156 688 2239 perturbatur
703 2156 1074 2216 conscientia.
1094 2156 1162 2214 2⁰
1177 2155 1501 2215 Perniciosa
1517 2167 1605 2215 est
1620 2201 1636 2232 ,
1666 2168 1952 2238 quatenus
1975 2159 2074 2240 qui
2089 2161 2421 2236 confitetur,

379 2376 444 2439 (1)
482 2374 580 2424 Cfr.
597 2374 827 2436 Moehler,
845 2373 1166 2440 Symbquue,
1179 2374 1259 2423 liv.
1276 2391 1294 2421 1
1311 2411 1325 2431 ‚

312 2454 340 2522 §
370 2457 433 2505 33
455 2493 469 2516 ‚
513 2456 596 2504 ubi
632 2474 684 2505 n.
718 2473 755 2505 11
793 2458 912 2504 inter
946 2465 1093 2505 cetera
1123 2456 1280 2504 scribit
1312 2472 1327 2504 :

1413 2382 1517 2422 ture
1540 2373 1597 2422 de
1620 2373 1836 2424 l'homme
1855 2369 2018 2441 ‚qw'il
2044 2394 2105 2426 ne
2133 2379 2256 2426 croit
2270 2382 2419 2446 point

1412 2453 1662 2504 lui-meme
1712 2457 1743 2505 ὰ
1770 2462 1856 2505 ‘ses
1894 2474 2094 2524 propres
2142 2461 2416 2526 affection-s,

327 2537 458 2585 Tout
514 2554 566 2586 ce
618 2539 708 2603 qui
757 2538 919 2604 affecte
973 2536 1331 2585 veritablement

314 2617 531 2668 l’homme
548 2657 562 2679 ‚
584 2618 683 2667 doit
699 2618 756 2667 de
778 2620 1003 2673 neces-site
1026 2635 1075 2668 se
1096 2618 1328 2684 produire

322 2716 389 2748 au
415 2700 640 2749 debore...
684 2699 865 2767 Quam!
905 2699 1045 2747 l'dme
1081 2707 1150 2748 est
1173 2699 1326 2748 brisee

313 2767 425 2847 par*
443 2781 486 2829 le
516 2783 727 2847 repemir
744 2818 760 2838 ,
791 2797 843 2830 ce
868 2783 1125 2830 sentiment
1153 2789 1262 2829 veut
1279 2798 1328 2829 ee

322 2861 498 2911 reveler
523 2879 587 2911 au
601 2862 758 2928 qrand
770 2864 892 2928 jour
905 2884 924 2920 ;
950 2860 1074 2911 alors
1090 2879 1212 2910 nous
1224 2879 1330 2911 con·

318 2944 503 3007 jessous
533 2960 620 2992 nos
638 2942 810 3009 Peukes
839 2944 869 2993 ὰ
898 2943 1127 3008 l’quise,·
1154 2952 1199 2992 et
1230 2951 1330 2991 tout

319 3041 370 3073 ce
394 3042 485 3091 que
505 3041 628 3074 nous
650 3025 839 3089 fai-sons
871 3041 936 3073 au
966 3025 1136 3073 Pretre
1157 3061 1173 3087 ,
1206 3039 1328 3072 nous

318 3104 510 3169 l'aoom
544 3107 643 3172 fait
684 3109 715 3156 ὰ
756 3106 1125 3166 Iesus-Christ,
1163 3122 1249 3155 car
1290 3103 1332 3153 il

326 3189 446 3236 tiem
474 3204 530 3236 sa
563 3188 755 3254 place...
796 3190 903 3253 Que
945 3183 1070 3237 deux
1114 3187 1329 3236 ennemis

323 3268 537 3317 definirent
576 3270 887 3318 sincerement
922 3286 971 3319 se
1011 3267 1324 3329 reconcilier,

319 3349 384 3399 ih
430 3367 478 3398 se
525 3358 710 3398 sentem
746 3351 985 3400 entrafnes
1019 3351 1052 3399 ὰ
1095 3351 1330 3415 confesser

318 3432 449 3481 leurs
477 3439 591 3481 tort-s
613 3452 631 3489 ;
657 3440 701 3479 et
731 3446 783 3479 ce
825 3430 948 3480 n’est
972 3421 1071 3481 ⁴vion
1090 3431 1204 3498 plus
1240 3449 1330 3497 que

313 3531 414 3581 par
450 3523 521 3562 cet
563 3530 685 3562 aneu
721 3529 812 3578 que
834 3511 939 3561 leur
968 3512 1329 3562 reconciliation

322 3595 511 3645 devient
536 3592 790 3651 veritable,
827 3609 916 3658 que
941 3592 990 3641 la
1009 3596 1137 3660 paim
1171 3603 1328 3643 renere

321 3676 443 3725 dans
466 3676 506 3725 le
535 3693 677 3725 coeur.
716 3674 844 3725 Tolle
860 3685 928 3725 est
948 3693 1007 3724 en
1033 3677 1140 3742 effet
1172 3676 1219 3725 la
1247 3695 1337 3727 na-

1410 2536 1489 2585 s’il
1501 2554 1563 2585 ne
1577 2537 1643 2586 les
1657 2540 1757 2587 voit
1765 2539 2060 2603 manifestae-3
2069 2542 2102 2588 ὰ
2117 2540 2385 2591 Γοωίένίετιν
2397 2565 2417 2601 ,·

1411 2627 1458 2667 et
1479 2619 1602 2668 dana
1628 2619 1677 2669 la
1704 2619 1866 2668 realite
1884 2658 1896 2680 ‚
1922 2620 1987 2669 les
2018 2639 2320 2672 mouvemem
2356 2626 2415 2673 de

1410 2709 1546 2749 notre
1588 2703 1696 2750 time
1730 2718 1792 2750 ne
1824 2710 1930 2750 sont
1950 2720 2200 2768 par-venus
2245 2706 2276 2753 ὰ
2315 2706 2420 2754 leur

1411 2781 1603 2830 dernier
1619 2782 1927 2849 complement
1938 2821 1952 2846 ‚
1971 2802 2062 2849 que
2083 2785 2316 2850 lorsqu’ils
2339 2798 2421 2836 ont

1410 2880 1522 2919 recu
1553 2879 1649 2911 wne
1681 2864 1833 2927 forme
1871 2865 2104 2917 visible...
2158 2867 2303 2916 θεῖαί
2335 2871 2422 2934 qui

1410 2947 1583 2996 detesee
1602 2985 1615 3007 ‚
1639 2947 1836 2996 abhorre
1865 2947 1906 2996 le
1931 2949 2082 3014 peche
2100 2987 2112 3009 ‚
2136 2949 2177 2998 le
2211 2953 2418 3016 confesse

1410 3044 1522 3076 avec
1545 3028 1744 3076 douleur
1755 3038 1799 3077 et
1814 3038 1914 3077 tout
1928 3031 2158 3079 ensemble
2170 3048 2285 3081 avec
2281 3035 2387 3098 joie
2398 3054 2415 3081 .-

1411 3119 1522 3157 avec
1553 3108 1784 3170 dota-leur,
1820 3127 1969 3176 parce
2002 3128 2090 3177 que
2121 3111 2163 3160 Ie
2181 3113 2327 3178 peche
2351 3123 2422 3163 est

1411 3190 1452 3238 le
1480 3189 1580 3238 mal
1590 3207 1766 3258 propre
1798 3192 1864 3240 du
1893 3193 2100 3258 pecheur
2116 3211 2138 3255 ,-
2169 3197 2413 3261 avecj0ie,

1402 3289 1555 3339 parce
1589 3272 1728 3338 qu‘en
1772 3272 1814 3322 le
1854 3274 2122 3338 confessam
2156 3274 2197 3323 le
2208 3276 2419 3342 pecheur

1411 3352 1518 3402 s'en
1565 3357 1729 3420 separe
1771 3362 1817 3402 et
1860 3354 1957 3403 s’en.
1996 3355 2191 3421 eloiqne.
2232 3352 2414 3406 Nimius

1411 3452 1555 3485 essem
1573 3473 1586 3495 ‚
1613 3438 1650 3484 si
1673 3435 1839 3486 vellem
1865 3437 1959 3486 huc
1987 3437 2149 3487 afferre
2166 3474 2180 3499 ,
2209 3456 2309 3504 quae
2335 3439 2407 3487 Cl.

1413 3516 1633 3565 Manzoni
1669 3518 1878 3584 praeclare
1914 3521 2095 3584 scripsit
2131 3519 2187 3567 de
2220 3519 2309 3567 hoc
2340 3538 2412 3568 ar-

1413 3608 1632 3663 gumento
1656 3636 1670 3660 ‚
1735 3598 1872 3650 Sulla
1923 3600 2101 3650 morale
2147 3599 2376 3649 catholica
2396 3639 2409 3662 ,

1420 3696 1521 3744 cap.
1546 3677 1599 3741 8,
1631 3677 1659 3745 §
1680 3679 1730 3730 3.
