2502 4186
2062 225 2181 294 287

532 260 654 297 GAP.
702 260 748 297 1.
794 258 862 294 DE
905 256 1177 300 VERITATR
1219 255 1547 307 SAcmmcu,
1594 256 1720 293 E'rc.

79 406 354 479 orificium
390 400 667 460 dixerunt
686 445 702 476 ,
745 399 875 459 ideo
907 399 968 459 id
997 398 1214 458 factum
1244 409 1332 458 est
1357 443 1374 474 ‚
1417 408 1482 455 ut
1515 395 1788 456 observat
1816 392 2144 456 Kemnitius
2167 443 2183 473 ,

79 510 182 560 aut
206 497 365 580 quod
386 497 447 555 in
472 495 628 556 illius
655 493 1042 555 celebratione
1067 493 1372 552 offerretur
1393 490 1563 572 panis
1585 501 1644 548 et
1667 491 1872 551 vinum
1897 491 1971 550 ad
1990 493 2186 551 minis-

79 606 306 654 trorum
349 591 831 650 sustentationem
877 598 936 648 et
978 587 1052 648 ad
1098 586 1518 647 Eucharistiam
1573 585 2026 662 conficiendam,
2088 599 2189 669 aut

82 688 241 772 quod
264 707 604 763 communes
629 697 688 744 et
712 684 999 744 solemnes
1018 679 1228 764 'preces‘
1249 682 1311 740 in
1331 702 1394 741 ea
1428 679 1843 757 funderentur,
1884 693 1983 740 aut
2011 683 2190 742 etiam

83 783 242 866 quod
272 784 438 842 fieret
473 781 535 838 in
578 802 643 839 ea
685 777 1154 840 commemoratio
1190 776 1460 835 Sacrificii
1501 775 1562 833 in
1602 796 1769 834 cruce
1797 778 2050 857 peracti,
2091 790 2191 837 aut

87 878 339 958 denique
359 875 517 957 quod
538 877 683 933 actio
703 895 880 937 coenae
897 920 911 949 ,
943 874 1006 932 in
1030 893 1142 954 qua
1168 871 1430 930 Christus
1456 869 1873 930 Eucharistiam
1906 872 2191 950 instituit,

83 972 257 1033 fuerit
289 991 447 1032 sacra
471 1015 486 1043 ‚
520 974 688 1047 juxta
718 970 872 1031 vocis
899 968 1188 1046 sacraficii
1219 965 1646 1046 etymologiam.
1682 964 1747 1023 40
1771 967 1973 1046 Neque
1999 965 2192 1027 obstat

84 1076 490 1146 argumentum
532 1087 601 1126 ex
631 1065 872 1144 liturgiis
902 1063 1248 1136 deductum;
1281 1059 1568 1143 siquidem
1596 1081 1719 1119 non
1750 1059 2014 1125 divinam
2037 1106 2052 1137 ⁷
2092 1063 2196 1122 sed

84 1162 403 1222 humanam
433 1161 680 1241 liturgiae
710 1158 931 1221 habent
960 1158 1390 1218 institutionem
1415 1201 1432 1230 ,
1468 1165 1597 1238 'quae
1639 1178 1761 1215 non
1798 1156 2050 1232 Christi,
2095 1156 2198 1217 sed

86 1259 183 1323 vel
220 1259 569 1335 Clementis,
600 1255 691 1318 vel
719 1255 949 1331 Basilii,
981 1255 1077 1318 vel
1105 1253 1507 1335 Chrysostomi¹
1531 1252 1823 1312 dicuntur.
1866 1255 2033 1333 Ergo·

170 1354 313 1414 ⁶274.
362 1356 534 1435 Resp.
578 1350 653 1415 ad
696 1352 810 1426 1¹1¹,
859 1353 1017 1411 Dist.
1057 1350 1365 1432 Supposita
1399 1349 1645 1409 veritate
1681 1349 1951 1409 Sacrificii
1995 1349 2201 1410 eucha-

87 1450 297 1524 ristici,
340 1451 537 1508 Patres
572 1446 872 1507 interdum
909 1445 1279 1505 Eucharistiae
1309 1443 1761 1505 celebrationem
1787 1456 2069 1505 vocarunt
2094 1447 2199 1505 Sa-

89 1545 367 1605 crificium
400 1543 710 1624 mysticum
731 1587 746 1616 ,
777 1541 1357 1601 commemorativum
1386 1551 1486 1598 aut
1510 1541 2059 1620 repraesentativum
2083 1552 2202 1601 resi-

89 1651 262 1722 pectu
276 1638 511 1699 immola
519 1638 687 1697 tionis
700 1638 766 1696 in
778 1658 944 1696 cruce
958 1646 1228 1717 peractae,
1244 1656 1426 1701 conc.,·
1439 1635 1514 1694 ad
1530 1634 1923 1694 exclusionem
1941 1636 2125 1695 verita
2133 1637 2204 1697 tis

93 1735 364 1793 Sacrificii
389 1732 787 1807 eucharistici,
823 1732 903 1790 ita
931 1741 998 1789 ut
1026 1752 1148 1814 non
1176 1730 1520 1809 agnoverint
1551 1730 1613 1788 in
1645 1729 2015 1790 Eucharistiae
2051 1730 2205 1790 cele-

93 1828 360 1887 bratione
405 1827 516 1886 nisi
559 1829 798 1889 inanem
850 1836 911 1886 et
963 1846 1208 1887 vacuam
1256 1825 1527 1885 Sacrificii
1578 1827 2200 1908 repraesentationem,

91 1945 218 2004 neq.
248 1922 478 1982 Etenim
500 1967 516 1997 .,
554 1943 687 1981 cum
722 1921 845 1981 haec
883 1919 1101 1980 oblatio
1144 1932 1273 1979 tum
1313 1922 1622 1981 veritatem
1659 1932 1795 1980 tum
1817 1935 2205 2003 repraesenta-

91 2019 313 2078 tionem
343 2017 674 2091 contineat3
716 2017 1025 2079 veritatem
1060 2016 1302 2097 quidem
1346 2016 1540 2098 quoad
1577 2017 1950 2098 praesentiam
1987 2018 2208 2078 realem

92 2113 341 2174 victimae
363 2132 491 2194 quae
510 2112 774 2186 offertur.,
799 2111 1378 2193 repraesentationem
1401 2132 1540 2172 vero
1558 2112 1973 2172 immolationis
1993 2134 2209 2175 cruen-

95 2218 203 2283 tae,
248 2210 379 2290 quae
422 2208 571 2268 facta
611 2219 701 2268 est
739 2209 801 2266 in
845 2228 1038 2281 cruce,
1085 2208 1279 2288 quoad
1314 2208 1559 2268 modum
1595 2231 1712 2291 quo
1760 2210 2039 2286 offertur,
2075 2215 2210 2289 jure

97 2305 308 2364 merito
360 2305 559 2365 Patres
606 2302 1057 2363 celebrationem
1105 2304 1474 2364 Eucharistiae
1521 2307 1874 2384 Sacrificium
1922 2320 2206 2367 vocarunt

97 2398 680 2459 commemorativum
704 2410 763 2458 et
788 2398 1351 2481 repraesentativum.
1384 2401 1600 2459 Verum
1619 2400 1740 2460 haec
1771 2402 1894 2482 ipsa
1928 2402 2211 2462 offerendi

96 2494 274 2570 ratio,
321 2493 552 2554 victima
580 2493 813 2553 realiter
842 2515 908 2553 ac
944 2493 1402 2554 substantialiter
1434 2505 1724 2577 praesente
1744 2541 1759 2570 ,
1800 2498 2079 2579 supponit
2098 2543 2114 2572 ‚
2143 2509 2210 2556 ut

99 2589 353 2653 diximus
375 2633 391 2663 ,
432 2599 491 2648 et
536 2589 711 2669 exigit
754 2585 1359 2651 veritatem'Sacrificii
1401 2591 1513 2670 (1).
1554 2593 1870 2673 Nunquam
1900 2604 2212 2674 propterea

99 2686 299 2748 Patres
323 2683 742 2745 Eucharistiam
767 2684 1042 2746 dixerunt
1065 2707 1308 2747 vacuam
1333 2688 1914 2770 repraesentationem
1933 2687 2042 2767 (2).

170 2873 235 2940 (1)
266 2873 481 2940 Apposite
499 2873 571 2923 Cl.
604 2873 814 2924 Moe’hler
840 2878 891 2925 in
907 2872 1110 2940 Symbo-

100 2957 195 3006 lica
216 2958 307 3006 loc.
337 2961 413 3008 cit.
442 2958 634 3007 scribit:
669 2959 744 3007 La
762 2959 840 3022 foi
860 2975 920 3007 en
937 2957 985 3009 la
997 2963 1110 3025 pre-

103 3056 238 3087 sence
264 3037 400 3086 reelle
434 3047 501 3086 eet
529 3038 580 3100 'lle
601 3039 878 3103 fondement
902 3040 959 3089 de
988 3049 1114 3090 toute

104 3121 152 3168 la
187 3121 400 3168 doctrine
439 3119 700 3185 catholique
742 3139 828 3169 sur
853 3121 900 3169 la
931 3123 1109 3172 Messe.

105 3202 234 3250 Niez
247 3219 335 3266 qne
349 3200 387 3247 J
388 3200 686 3249 esus-Christ
700 3204 773 3250 soi
779 3211 797 3249 t
812 3207 1009 3268 present
1030 3221 1116 3252 sur

106 3300 192 3347 nos
211 3283 360 3331 autels
378 3320 393 3340 ,
417 3291 460 3330 et
479 3281 526 3330 la
541 3281 822 3331 celebration
845 3283 964 3332 dela
991 3285 1116 3334 Cene

106 3364 231 3413 n’est
255 3365 372 3431 plus
413 3381 502 3429 que
528 3363 575 3413 la
600 3368 1013 3414 commemoration
1049 3368 1116 3416 du

107 3448 321 3511 sacrifice
349 3447 405 3495 de
441 3446 487 3495 la
519 3449 655 3495 croisa
675 3485 687 3508 ‚
713 3447 769 3496 de
794 3449 941 3496 meme
969 3447 1117 3513 qu’un

107 3529 293 3578 tableau
309 3566 325 3590 ,
358 3546 428 3577 un
466 3529 670 3594 symbole
693 3528 978 3594 quelconque
1003 3547 1117 3596 rap-

106 3610 228 3674 pelle
244 3612 363 3659 dans
378 3619 507 3658 notre
529 3613 752 3659 memoire
779 3627 872 3658 une
881 3627 1118 3677 personne

115 3693 199 3754 qui
213 3709 333 3741 noua
344 3693 423 3757 fut
447 3691 601 3741 chere.
629 3693 769 3754 Maio
790 3731 803 3754 ‚
836 3694 1020 3741 cincus
1035 3692 1120 3741 ad-

115 3780 306 3822 menone
340 3790 407 3823 au
432 3760 671 3824 contraire
706 3791 795 3841 que
821 3774 862 3824 le
903 3774 1125 3826 Sauveur

1202 2877 1430 2925 continue
1451 2876 1688 2926 d’habiter
1713 2880 1884 2943 parmi
1908 2893 2030 2926 nous
2044 2914 2060 2941 ‚
2089 2879 2215 2929 alors

1199 2958 1241 3005 Ie
1260 2962 1405 3024 passe
1447 2974 1570 3006 noue
1609 2957 1797 3008 devient
1814 2964 2010 3025 present
2033 2977 2055 3022 ;
2088 2961 2216 3010 alors

1198 3049 1304 3090 tous
1329 3039 1396 3088 les
1421 3041 1610 3089 meritos
1631 3040 1690 3090 de
1719 3041 2064 3095 Jews-Christ
2079 3079 2092 3103 ‚
2116 3050 2216 3090 tout

1196 3139 1247 3171 ce
1273 3122 1393 3186 qu'il
1424 3139 1455 3170 a
1479 3122 1579 3186 fait
1607 3139 1738 3188 pour
1771 3140 1922 3180 nous,
1961 3141 2009 3172 se
2050 3133 2215 3174 trouve

1199 3207 1294 3252 uni
1327 3205 1357 3252 ὰ
1384 3221 1439 3252 sa
1452 3220 1691 3269 personne
1717 3204 1882 3253 divine
1907 3226 1926 3263 ;
1963 3204 2003 3252 il
2030 3216 2098 3254 est
2131 3224 2217 3255 sur

1198 3285 1361 3334 l'autel
1387 3285 1514 3334 selon
1558 3295 1657 3334 tout
1682 3303 1731 3334 ce
1766 3287 1888 3352 qu’il
1925 3297 1993 3336 est
2021 3299 2066 3338 et
2103 3307 2215 3341 avec

1199 3374 1347 3415 tontes
1369 3384 1440 3415 see
1454 3384 1651 3429 oeuvres,
1674 3367 1714 3415 il
1727 3377 1813 3429 est,
1835 3386 1895 3417 en
1905 3386 1977 3420 un
1989 3379 2103 3430 mot,
2121 3387 2220 3418 nnc

1199 3449 1425 3498 veritable
1458 3451 1670 3500 victime.
1700 3450 1808 3518 Que
1839 3460 1952 3500 cette
1985 3467 2217 3519 croyance

1193 3530 1331 3598 ραν-19
1362 3549 1429 3579 au
1459 3549 1588 3579 coeur
1619 3549 1689 3581 un
1723 3531 1925 3597 lanqaqe
1952 3532 2217 3580 touchant!

1269 3614 1335 3677 (2)
1372 3614 1473 3664 cfr.
1501 3615 1721 3664 Bellarm.
1757 3615 1847 3663 loc.
1871 3617 1952 3664 cit.
1983 3631 2088 3679 cap.
2124 3612 2212 3675 15,

1201 3714 1253 3747 n.
1283 3695 1348 3746 26
1378 3708 1424 3749 et
1457 3716 1589 3765 seqq.
