2502 4186
746 255 870 292 σοι’.
917 253 1004 292 111.
1054 255 1121 290 nn
1164 252 1550 292 com-asmona.
2086 230 2205 290 ‘435

98 396 292 458 verbis
313 396 387 456 ab
412 395 686 479 Apostolo
707 416 826 454 non
848 396 1090 454 eoecludi
1107 405 1443 474 peccatores
1471 416 1511 452 a
1538 394 1904 454 Paenitentia
1921 438 1944 467 ,
1971 396 2075 455 sed
2106 417 2203 455 os-

98 493 268 551 tendi
295 496 553 550 unicum
587 501 644 549 et
669 511 788 549 non
819 491 1043 569 duple&
1069 510 1183 547 esse
1212 487 1494 548 Ecclesiae
1530 489 1830 547 catholicoe
1856 491 2198 570 Baptisma.

182 587 316 646 169.
364 586 450 645 Ad
483 586 566 644 4¹¹¹
586 630 601 659 ,
625 585 775 665 Neq.
803 584 869 642 Id
890 585 1048 644 enim
1069 583 1131 641 in
1148 583 1348 662 primis
1377 584 1433 641 S.
1464 583 1784 664 Cyprianus
1812 585 2068 644 intendit
2087 630 2104 660 ,
2134 597 2202 646 ut

97 683 348 756 evincat,
380 681 667 763 poenitere
685 679 951 737 nolentes
970 680 1291 756 Martyrum
1313 676 1581 758 precibus
1605 677 1839 738 liberari
1862 702 1983 738 non
2015 703 2201 761 posse.

97 778 219 835 Hoc
247 796 386 835 vero
420 775 725 832 confirmat
753 771 1022 853 exemplo
1058 771 1267 850 Moysis
1292 815 1309 845 a
1343 770 1457 829 Job
1488 791 1553 829 ac
1590 773 1746 844 Noe,
1787 774 1885 854 qui
1918 775 2207 851 ejusmodi

95 867 491 952 peccatoribus
522 868 753 927 veniam
781 867 900 925 suis
935 864 1202 947 precibus
1235 886 1356 923 non
1385 876 1707 945 potuerunt
1738 866 2071 948 impetrare.
2112 871 2206 929 ln-

95 966 288 1023 sinuat
316 972 594 1044 praeterea
625 972 826 1038 contra
867 959 1280 1045 Felicissimum
1318 959 1677 1033 Diaconum,
1722 959 1896 1018 solius
1939 964 2046 1021 Dei
2083 985 2204 1024 esse

94 1058 174 1116 sic
203 1056 497 1130 misereri,
528 1067 595 1114 ut
616 1076 852 1114 omnem
885 1053 1333 1113 satisfactionem
1366 1053 1607 1110 omnino
1634 1054 1896 1112 remittat
1924 1055 2037 1135 (1).

174 1150 311 1210 170.
360 1153 417 1210 S.
456 1149 811 1223 AmbrosiuS‚
836 1149 884 1207 si
914 1159 1115 1206 tamen
1135 1147 1259 1228 ipse
1280 1158 1368 1207 est·
1390 1157 1589 1205 auctor
1603 1149 1786 1206 Libri
1808 1151 1894 1206 ad
1910 1155 2207 1230 vz‘ryinem

88 1247 360 1325 lapsam,
390 1244 680 1304 infelicem
713 1242 999 1324 virginem
1035 1242 1223 1322 stupri
1242 1236 1310 1301 vet
1338 1241 1685 1300 infanticidii
1719 1262 1881 1301 ream
1907 1258 2207 1326 perpetuae

89 1341 451 1423 poenitentiae
494 1339 897 1421 mancipavit3
942 1348 1204 1395 attamen
1249 1337 1522 1417 nuspiam
1576 1336 1863 1412 affirmat,
1917 1341 2203 1415 ejusmodi

90 1447 325 1519 peccata
347 1456 472 1495 esse
497 1455 735 1518 prorsus
761 1430 1176 1492 irremissibilia
1217 1456 1233 1505 ς
1255 1429 1514 1512 alioquin
1554 1451 1685 1490 eam
1708 1433 2072 1514 poenitentiae
2098 1436 2207 1495 mi-

89 1531 250 1590 nime
285 1529 620 1607 subjecisset
652 1527 765 1607 (2).
1087 1531 1089 1534 ’

177 1625 310 1686 171.
356 1628 510 1684 Dum
532 1644 671 1683 vero
694 1623 792 1681 SS.
813 1621 1158 1681 Athanasius
1189 1632 1247 1680 et
1262 1621 1648 1700 Hieronymus
1672 1620 1876 1680 dicunt
1894 1666 1911 1697 .,
1935 1621 2208 1704 blasphe-
2240 1686 2253 1697 ,

91 1720 270 1779 miam
307 1720 372 1778 in
415 1719 693 1799 Spiritum
727 1718 783 1774 S.
836 1727 1138 1797 peccatum
1171 1735 1294 1774 esse
1331 1717 1793 1787 irremissibile,
1831 1727 1943 1776 etc.
1984 1740 2107 1777 non
2143 1720 2205 1780 id

91 1815 386 1874 affirmant
416 1812 640 1871 ratione
674 1811 898 1892 peccati
930 1811 996 1868 in
1029 1831 1126 1885 se,
1167 1808 1270 1869 sed
1307 1810 1532 1870 ratione
1567 1810 1849 1889 subJecti,
1902 1814 1986 1872 uti
2019 1816 2196 1896 paulo

85 1920 222 1968 ante
258 1907 649 1989 exposuimus,
725 1942 728 1946 -

171 2004 307 2063 172.
340 2002 475 2080 Obj.
503 2001 698 2060 tertia.
726 1999 973 2059 Ecclesia
995 1999 1299 2058 interdum
1324 1999 1714 2080 quorumdam
1741 1988 2056 2063 eriminum
2078 2028 2207 2067 reos

86 2121 116 2158 a
147 2096 613 2157 reconciliatione
643 2093 877 2154 arcebat
913 2093 1008 2155 vel
1031 2095 1094 2152 in
1117 2095 1242 2174 ipso
1276 2094 1481 2153 mortis
1521 2095 1779 2156 articulo,
1819 2099 1985 2178 Ergo.

177 2193 319 2252 173.
368 2194 544 2274 Resp.
587 2192 673 2249 1⁰.
698 2190 850 2270 Ney.
882 2201 1011 2249 ant.
1049 2190 1196 2249 Cum
1218 2188 1317 2248 illa
1333 2188 1541 2270 agendi
1561 2191 1707 2250 ratio
1744 2214 1867 2251 non
1896 2194 2073 2255 fuerit
2099 2199 2210 2258 toti

90 2287 351 2349 Ecclesiae
387 2286 749 2359 communiS‚
794 2283 898 2344 sed
939 2285 1175 2366 propria
1212 2284 1650 2366 particularium
1677 2287 2059 2349 Ecclesiarum
2083 2337 2099 2367 .,
2149 2304 2209 2353 et

93 2382 333 2465 quidem
377 2381 452 2441 ad
491 2393 724 2462 tempus
752 2425 768 2454 ,
805 2391 988 2459 atque
1018 2422 1036 2454 ‚
1084 2390 1150 2438 ut
1191 2379 1462 2439 nonnulli
1501 2380 1871 2442 verisimilius
1912 2371 2153 2446 ce'nsent
2188 2432 2206 2464 ,

93 2478 286 2560 quoad
329 2477 512 2537 solam
555 2475 1082 2535 reconciliationem
1113 2486 1416 2534 externam
1446 2487 1505 2535 et
1533 2475 1848 2558 publicam.

177 2573 249 2634 17
256 2572 314 2632 4.
363 2574 537 2654 Resp.
577 2571 668 2630 20.
703 2572 862 2631 Dist.
901 2591 1080 2637 eom-,5
1123 2573 1208 2629 Ita
1240 2591 1299 2630 se
1334 2571 1508 2650 gessit
1543 2571 1789 2632 Ecclesia
1825 2595 1895 2633 ex
1919 2575 2202 2657 prudenti

94 2815 223 2878 δίκῃ,
242 2820 334 2868 ταῖς
345 2821 409 2881 r?
422 2812 501 2879 μὲν
531 2817 567 2864 ἐν
587 2812 781 2881 Κορίνθῳ
800 2820 1082 2878 μετανοοῦντι
1097 2854 1109 2877 ,

90 2898 214 2963 κυροῖ
244 2895 319 2952 viv
359 2892 490 2951 aev’r’ir
527 2893 712 2956 οἶγεῖπην
750 2899 772 2946 ὅ
816 2897 1070 2950 dorio-roan
1094 2935 1108 2958 ,

92 2978 193 3034 τοδε
224 2977 278 3030 δὲ
304 2978 520 3033 Γαλάταις
535 2976 984 3045 παλινδρομνῖο-ειντοις
1003 2977 1110 3028 ὁδί-

94 3084 181 3126 νει,
218 3059 353 3131 ἕχρις
394 3060 442 3111 οἷ
483 3058 620 3111 πάλιν
657 3065 881 3131 μορφωθῇ
920 3060 1107 3130 Χριπδς

97 3147 134 3194 ἐν
150 3146 317 3198 κότοῖς.
348 3146 459 3208 Pag.
473 3142 586 3209 704.
604 3143 808 3209 Benigne
823 3155 980 3194 tamen
993 3147 1106 3193 niti-

96 3237 173 3276 tur
200 3227 250 3276 S.
282 3227 414 3274 Pater
445 3243 700 3291 exponere,
731 3241 834 3291 quae
867 3226 1023 3274 retulit
1052 3244 1105 3275 ex

96 3309 294 3375 Origene
322 3318 366 3356 et
394 3306 704 3372 Theognosto.

162 3391 226 3455 (l)
254 3389 352 3438 cfr.
392 3389 541 3438 editor
582 3388 786 3437 Maurin.
823 3389 953 3454 praef.
985 3386 1013 3455 S
1047 3385 1104 3452 8,

99 3473 182 3522 ubi
201 3471 429 3531 ostendit,
447 3470 658 3537 pluribus
674 3471 821 3520 allatis
835 3473 885 3518 in
899 3472 1106 3520 medium

98 3554 147 3604 S.
175 3554 390 3620 Martyris
408 3554 684 3602 testimoniis
702 3591 716 3614 ,
735 3551 854 3601 nihil
874 3555 1026 3619 ipsum
1045 3554 1104 3603 de

97 3636 276 3703 ligandi
305 3653 360 3685 ac
383 3636 587 3685 solvendi
613 3645 829 3702 potestate
848 3674 861 3697 ‚
900 3636 1017 3685 nihil
1044 3637 1102 3686 de

97 3718 271 3783 judicio
282 3714 579 3768 sacerdotum
601 3718 842 3768 detrahere
861 3735 876 3782 3
899 3719 979 3768 sed
1003 3735 1100 3771 cer-

1196 2817 1251 2864 tis
1282 2815 1561 2882 quibusdam
1594 2816 1770 2883 legibus
1792 2820 1974 2885 judices
1999 2822 2203 2874 adstrin-

1193 2916 1296 2963 gere
1314 2937 1327 2958 ‚
1351 2902 1413 2947 ita
1446 2909 1497 2947 ut
1522 2917 1613 2948 non
1645 2901 1777 2949 facile
1797 2902 2062 2964 dimittant,
2101 2924 2204 2973 quae

1191 3000 1288 3031 non
1318 2981 1450 3030 facile
1480 2999 1506 3029 a
1538 2980 1636 3030 Deo
1666 2984 1981 3034 dimittuntur.
2028 2986 2073 3035 S.
2106 2987 2204 3055 Cy-

1191 3067 1409 3131 prianum
1436 3066 1531 3130 jam
1567 3067 1743 3130 egregie
1766 3066 2098 3118 defenderatS.
2115 3069 2204 3119 Pa-

1187 3150 1346 3195 cianus
1383 3148 1433 3193 in
1459 3160 1579 3210 saepe
1599 3145 1785 3195 laudata
1815 3145 1974 3212 Epist.
2010 3158 2096 3212 ni,
2135 3152 2203 3201 ad

1189 3227 1536 3294 Sympronian.

1253 3310 1315 3374 (2)
1339 3309 1428 3357 Hic
1476 3324 1606 3373 porro
1650 3309 1906 3358 notandum
1946 3323 2041 3374 est,
2073 3315 2200 3380 quod

1185 3392 1386 3440 diximus
1416 3427 1432 3454 ,
1488 3389 1797 3440 difficiliorem
1853 3410 1950 3442 esse
2002 3398 2196 3446 istorum

1186 3480 1480 3539 peccatorum
1502 3474 1821 3522 remissionem
1841 3473 1902 3522 ob
1931 3491 2197 3539 perversam

1188 3556 1382 3623 subjecti
1411 3557 1779 3621 dispositionem,
1810 3558 1989 3604 nonita
2024 3559 2199 3608 intelli-

1182 3639 1383 3704 gendum
1410 3656 1506 3689 esse
1535 3676 1550 3699 ‚
1591 3648 1645 3687 ut
1671 3637 1888 3686 nonnulli
1919 3647 2161 3690 autumant
2180 3677 2198 3705 ,

1184 3722 1316 3786 quasi
1345 3719 1471 3771 Deus
1505 3719 1730 3769 induratis
1756 3719 2072 3784 peecatoribus
2095 3739 2198 3774 om-

1842 3797 1941 3856 28.
