2502 4186
2086 242 2202 301 291

553 257 676 294 CAP.
724 258 766 294 1.
815 257 882 293 DE
927 256 1203 296 VERITATE
1247 257 1543 296 SAGRIFICII
1574 281 1590 310 .‚
1635 259 1756 297 Erc-

103 397 340 459 dentina
366 396 630 477 Synodus
660 443 675 471 ‚
715 418 854 457 sess.
888 398 1080 471 XXII,
1106 418 1241 479 cap.
1282 399 1335 455 ΙΙ
1384 420 1397 455 :
1440 399 1619 457 Docet
1658 411 1868 460 sancta
1890 403 2168 482 Syn-edus
2185 450 2207 478 ,

101 494 482 572 Sacrificium
508 493 678 551 istud
699 514 828 551 vere
841 494 1345 572 propitiatorium
1368 512 1483 573 esse
1499 534 1521 563 ,
1545 514 1660 571 per
1690 499 2007 576 ipsumque
2027 500 2170 576 fieri
2180 544 2205 573 ,

102 601 198 660 ut,
241 593 296 647 si
329 611 466 647 cum
507 609 639 646 vero
674 589 843 646 corde
873 597 929 645 et
958 597 1117 645 recta
1148 586 1303 663 fide,
1348 590 1498 644 cum
1526 598 1685 645 metu
1734 600 1790 647 et
1833 598 2165 654 reverentia
2187 640 2204 670 .,

100 688 348 743 contriti
367 705 438 741 ac
453 688 805 762 poenitentes
828 683 912 740 ad
929 684 1127 740 Deum
1151 681 1502 740 accedamus
1515 725 1534 753 ,
1561 687 2042 747 misericordiam
2064 711 2208 749 con-

101 799 428 857 sequamur
449 787 503 834 et
527 779 800 856 qratiam
834 779 1219 834 inveniamus
1246 778 1315 832 in
1339 763 1577 834 a'uoeilio
1610 789 1958 857 opportuno,
1999 785 2204 863 Hujus

102 877 322 953 quippe
353 873 643 930 oblatione
668 878 952 951 placatus
989 871 1323 942 Dominus,
1358 877 1627 951 qratiam
1657 882 1715 929 et
1741 874 1970 933 donum
2001 885 2206 955 poeni-

101 971 296 1026 tentioe
321 968 637 1025 concedens
650 1009 672 1038 ,
715 970 982 1042 crimina
1017 975 1076 1023 et
1089 976 1340 1044 peccata
1371 970 1555 1024 etiam
1593 971 1866 1047 ingentia
1887 971 2160 1031 dimittit
2193 999 2216 1044 ,-

98 1085 224 1121 una
249 1068 412 1120 enim
441 1063 754 1140 eademque
780 1071 863 1119 est
892 1061 1117 1130 hostia,
1157 1060 1316 1118 idem
1348 1082 1516 1118 nunc
1548 1062 1791 1140 offerens
1817 1064 2210 1126 Sacerdotum.

98 1163 434 1217 ministerio
450 1201 470 1229 ,
499 1162 609 1236 qui
638 1170 695 1216 se
734 1161 936 1235 ipsum
977 1165 1123 1213 tunc
1158 1159 1228 1212 in
1261 1175 1439 1214 cruce
1477 1157 1726 1229 obtulit,
1765 1161 1888 1218 sola
1927 1161 2214 1239 offerendi

99 1259 329 1312 ratione
369 1256 647 1312 diversa.'
679 1251 869 1330 Cujus
905 1251 1150 1330 quidem
1199 1251 1516 1310 oblationis
1560 1264 1824 1314 cruentoe
1839 1297 1862 1326 ,
1901 1259 2161 1335 inquam
2181 1301 2206 1330 ,

91 1354 336 1429 fructus·
365 1371 483 1430 per
514 1350 672 1408 llario
699 1352 1087 1425 incruentam
1125 1348 1430 1405 uberrime
1450 1351 1930 1428 percipi'untur5
1963 1363 2208 1413 tantum

99 1447 294 1518 abest,
326 1457 397 1504 ut
420 1447 520 1503 illi
535 1463 651 1524 per
681 1434 1084 1522 lianc'quovis
1115 1443 1283 1500 modo
1313 1443 1627 1523 deroqetur
1643 1443 1755 1524 (l).

179 1540 318 1600 285.
360 1540 500 1617 Quae
532 1558 665 1598 cum
687 1538 768 1598 ita
803 1537 923 1618 sint
949 1582 964 1610 ,
1000 1535 1110 1594 hoe
1147 1535 1322 1594 modo
1350 1536 1758 1620 progredimur
1801 1561 1815 1596 ε
1849 1541 1927 1598 Ut
1943 1561 2014 1599 ex
2039 1541 2205 1602 dictis

97 1633 348 1710 constat,
367 1635 715 1694 Sacrificium
733 1633 919 1692 Missae
934 1642 1022 1691 est
1039 1637 1251 1691 verum
1270 1641 1329 1689 et
1350 1631 1654 1711 proprium
1679 1632 2049 1693 Sacrificium.
2064 1638 2200 1697 Jam

95 1753 234 1792 vero
265 1730 341 1789 de
365 1732 588 1789 ratione
616 1728 738 1788 veri
772 1738 830 1786 et
863 1726 1084 1808 proprii
1107 1725 1375 1783 sacrificii
1404 1736 1517 1801 est,
1548 1736 1615 1798 ut
1650 1728 1870 1803 Deum.
1909 1729 2001 1788 cui
2034 1730 2201 1789 offer-

90 1837 224 1900 tur,
257 1825 447 1907 placet
480 1823 802 1903 reddatque
822 1821 1178 1904 propitium„
1220 1840 1284 1878 ac
1314 1818 1388 1878 ab
1421 1841 1488 1879 eo
1524 1821 1803 1902 impetret
1837 1834 1938 1882 aut
1970 1826 2203 1885 veniam

91 1928 490 2002 peecatorum,
534 1929 635 1977 aut
671 1937 984 1999 poenarum
1027 1915 1466 1989 remissionem,
1524 1926 1626 1981 aut
1660 1915 1770 1975 alia
1805 1915 1979 1985 bona.
2032 1921 2197 2000 Ergo.

91 2018 239 2076 Sane
267 2014 593 2098 Apostolus7
623 2012 775 2072 Heb.
797 2014 867 2087 V,
898 2013 928 2069 1
961 2034 974 2068 :
1013 2012 1227 2070 Omnis
1239 2053 1263 2082 ,
1289 2011 1481 2091 inquit
1499 2055 1515 2084 ‚
1542 2012 1826 2090 Pontifex
1849 2035 1919 2071 ex
1940 2015 2207 2075 homini-

96 2114 207 2170 bus
233 2120 610 2190 assumptus,
645 2128 762 2187 ρνο
802 2101 1152 2165 hominibus
1184 2110 1579 2164 constituitur
1616 2111 1688 2164 in
1720 2111 1802 2166 iic
1816 2149 1838 2179 ,
1886 2128 2022 2188 q‘uoe
2065 2122 2211 2170 sunt

95 2208 180 2264 ad
203 2209 400 2265 Deum
413 2242 437 2277 ³
474 2205 774 2284 utofferat
791 2203 949 2260 dona
978 2210 1033 2260 et
1055 2201 1372 2279 Sacrificia
1393 2221 1513 2280 ρνο
1534 2207 1800 2280 peccatis
1829 2203 1939 2285 (2).
1980 2205 2201 2278 Quibus

96 2301 290 2361 verbis
319 2299 591 2360 describit
617 2297 827 2359 Paulus
861 2308 1076 2355 munus
1103 2295 1423 2356 Sacerdotis
1459 2295 1522 2354 in
1560 2298 1899 2359 universum
1921 2346 1936 2375 .,
1969 2312 2035 2359 ut
2066 2301 2207 2361 inde

98 2396 347 2474 colligat,
379 2395 676 2456 Christum
703 2393 909 2452 eodem
932 2391 1108 2450 modo
1133 2401 1496 2471 assumptum
1513 2390 1716 2466 fuisse7
1737 2404 1797 2452 et
1823 2416 1930 2474 pro
1945 2395 2205 2455 homini-

93 2490 203 2550 bus
249 2513 281 2549 a
324 2493 442 2549 Deo
477 2489 859 2548 constitutum
898 2485 1284 2545 Sacerdotem.
1325 2487 1472 2543 Cum
1508 2485 1682 2564 igitur
1719 2487 1780 2545 in
1826 2488 2069 2556 Ecclesia
2101 2512 2205 2552 sua

95 2586 218 2667 ipse
246 2585 422 2644 etiam
460 2583 761 2664 reliquerit
796 2591 856 2641 et
898 2581 1263 2640 constituerit
1294 2579 1627 2639 Sacerdotes
1651 2625 1667 2656 .,
1709 2603 1853 2664 opus
1886 2583 1994 2642 fuit
2027 2596 2093 2643 ut
2129 2585 2205 2645 ad
2285 2611 2287 2613 >

94 2680 455 2740 offerendum
495 2700 739 2738 munera
780 2689 839 2737 et
881 2676 1152 2736 sacrificia
1192 2697 1300 2757 pro
1337 2676 1583 2757 peccatis
1634 2698 1729 2736 eos
1779 2680 2199 2756 constituerett,

100 2774 330 2833 nullum
383 2787 577 2834 autem
629 2771 789 2833 aliud
839 2773 977 2852 ipsis
1030 2763 1266 2852 reliquit
1306 2771 1645 2829 sacrificium
1696 2772 1807 2830 nisi
1849 2775 2204 2835 Sacrificium

99 2870 284 2929 Missae
324 2892 337 2927 ε
387 2892 520 2949 ergo
553 2890 786 2929 necesse
821 2878 942 2942 est,
982 2878 1047 2925 ut
1085 2865 1230 2924 illud
1261 2865 1334 2924 ab
1367 2867 1447 2925 eis
1475 2888 1583 2948 pro
1611 2853 1859 2948 peccatis
1899 2862 2195 2931 offeratur.
2226 2943 2241 2951 ,Ι

167 3076 230 3139 (1)
268 3074 334 3122 Ex
369 3075 457 3137 hac
496 3075 729 3133 catholicae
762 3074 979 3122 doctrinae
1018 3091 1102 3122 ex-

100 3159 322 3222 positione
337 3165 479 3221 patet‚
503 3172 599 3203 non
627 3155 807 3205 excludi
837 3158 966 3220 pium
1000 3172 1102 3202 mo-

1184 3071 1402 3121 Sacrificii
1418 3072 1648 3122 oblatione
1663 3111 1676 3132 ‚
1696 3075 1770 3122 cui
1784 3075 1941 3123 fideles
1957 3078 2198 3127 intersunt.

1185 3155 1267 3203 Hae
1304 3155 1508 3219 profecto
1538 3134 1735 3221 ziliaeque
1766 3156 1994 3222 ejusmodi
2022 3159 2199 3208 calum-

98 3249 197 3286 tum
221 3277 233 3297 ,
261 3237 401 3285 fidem
420 3274 432 3296 ‚
460 3250 611 3302 spem,
640 3239 959 3285 contritionem
976 3273 989 3296 ‚
1011 3247 1100 3285 etc.

100 3331 152 3368 ut
178 3321 403 3368 adstantes
440 3321 640 3366 fructum
673 3334 729 3366 ex
763 3317 997 3366 Sacrificio
1026 3333 1104 3366 ea—

100 3405 226 3466 piant
245 3418 258 3463 3
275 3403 617 3449 calumniantur
636 3410 872 3465 propterea
886 3397 1099 3447 Ecclesiae

100 3484 354 3532 doctrinam
370 3483 690 3541 Protestantes‚
717 3481 828 3528 dum
848 3472 1097 3540 affirmant,

100 3564 346 3614 Ecclesiam
396 3565 665 3612 catholicam
716 3563 877 3610 docere
906 3598 918 3622 ‚
957 3561 1100 3609 solam

101 3650 382 3708 praesentiam
399 3647 675 3694 materialem
693 3644 900 3691 sufficere
915 3643 969 3691 ad
984 3643 1073 3690 hoc
1085 3680 1098 3702 ,

102 3735 152 3772 ut
187 3726 443 3777 obtineatur
477 3737 769 3792 peccatorum
802 3727 1008 3772 remissio
1047 3743 1100 3773 ex

1184 3240 1272 3285 niae
1315 3254 1417 3285 vere
1462 3236 1684 3285 dedecent
1721 3226 1929 3294 seculum
1967 3247 2198 3304 nos‘trum.

1184 3319 1402 3366 Attamen
1420 3317 1629 3366 Schrokh
1659 3336 1766 3367 cum
1794 3318 2029 3370 Gerhardo
2046 3323 2200 3372 adhuc

1180 3400 1278 3448 haec
1306 3400 1530 3449 obtrudit.
1847 3455 1851 3459 ἢ

1250 3482 1312 3546 (2)
1348 3488 1447 3535 113⁵-
1486 3480 1711 3548 οὲρχιερεῦς
1742 3485 1787 3544 ἐξ
1811 3482 2045 3550 &Spain-am
2069 3497 2198 3546 λοιμ-

1181 3563 1451 3626 βοινὸμενος,
1491 3562 1594 3629 ὑπὲρ
1635 3564 1872 3631 ἀνθρώπων
1911 3561 2197 3614 καθίσταται

1182 3643 1243 3693 ‘roe'
1281 3645 1383 3712 πρὶς
1424 3643 1494 3695 rein
1540 3644 1677 3708 Θεδν,
1716 3649 1782 3694 ἵνα
1818 3643 2040 3713 προσ-φέρῃ
2077 3645 2197 3714 δῶροὶ

1183 3748 1232 3774 ’τε
1267 3724 1344 3776 καὶ
1371 3726 1539 3781 θυσίαις
1581 3725 1687 3793 ὁτι-ἔρ
1720 3729 1959 3794 ἁμαρτιῶν.

1799 3808 1896 3865 19.
