2502 4186
1085 204 1089 206 .
1500 184 1502 203 .

263 222 384 284 340
743 287 747 290 ,
885 242 1208 281 *rama-uus
1229 270 1234 274 .
1253 243 1320 278 nn
1364 242 1759 283 euanms‘nA.

256 387 662 470 peculiariter
687 403 805 462 pro
838 335 1027 462 ipsisfi
1045 383 1188 443 Non
1209 393 1410 442 tamen
1433 386 1597 463 quod
1628 385 1947 445 credamus
1966 430 1988 458 ‚
2024 394 2092 448 in
2133 392 2391 448 arbitrio

263 504 378 542 esse
395 478 753 550 Sacerdotis,
772 479 1341 558 applica-refractus
1357 481 1688 558 Sacrificii,
1721 484 1827 539 cui
1848 483 2010 548 ·vult,·
2030 488 2212 551 immo
2222 487 2396 543 dam-

261 596 486 635 namus
526 574 688 642 hunc
735 594 1002 632 errorem
1052 579 1212 632 velut
1250 595 1607 654 maynopere
1637 577 2014 654 offendentem
2032 582 2196 654 jura
2231 582 2391 651 Dei,

259 673 371 750 qui
405 670 564 727 solus
599 669 924 728 distribuit
941 672 1192 747 fructus
1232 672 1540 749 Sacrificii
1557 714 1578 742 ,
1609 676 1717 730 cui
1747 674 1877 730 vult
1896 716 1918 743 ,
1969 683 2026 731 et
2055 676 2391 732 secundum

263 785 613 823 mensuram
630 807 652 836 ,
686 785 819 843 quae
849 767 972 843 ipsi
992 766 1231 843 placet,·
1262 767 1425 824 unde
1445 769 1925 845 etconseq'uenter
1949 769 2220 826 traducit
2242 771 2399 827 velut

252 864 483 939 falsam
506 865 851 940 opinionem
878 864 1176 919 invectam
1200 865 1270 920 in
1292 863 1597 940 populum
1624 906 1640 936 7
1676 863 1838 940 quod
1858 865 1986 939 illi7
2014 868 2126 942 qui
2156 865 2397 922 eleemo-

257 977 475 1036 synam
508 957 989 1015 subministrant
1029 957 1359 1022 Sacerdoti,
1388 958 1502 1027 sub
1542 957 1879 1015 conditione
1921 956 2084 1036 quod
2155 959 2402 1017 celebret

261 1074 457 1112 unam
484 1053 777 1124 Missam,
805 1054 1117 1131 specialem
1131 1055 1413 1131 fructum
1435 1074 1602 1110 vexea
1631 1057 1997 1132 percipiant.
2032 1055 2166 1113 Haec
2194 1066 2395 1114 autem

260 1146 526 1208 doctrina
550 1151 640 1205 sic
662 1146 959 1206 intellecta
978 1191 999 1219 ,
1035 1159 1106 1206 ut
1122 1158 1352 1227 proeter
1374 1149 1745 1226 peculiarem
1783 1153 2395 1208 commemorationem

259 1255 315 1303 et
339 1248 671 1302 orationem
696 1243 977 1322 specialis
1000 1246 1136 1321 ipsa
1160 1244 1380 1301 oblatio
1408 1264 1511 1301 seu
1535 1248 1862 1322 applicatio
1885 1245 2193 1322 Sacrificii
2209 1290 2224 1318 7
2251 1267 2389 1324 quoe

240 1341 323 1418 sit
341 1362 380 1398 a
398 1339 706 1397 Sacerdote
721 1383 737 1412 7
763 1359 886 1396 non
909 1342 1103 1417 mayis
1116 1343 1350 1417 prosit,
1378 1343 1584 1396 ceteris
1599 1340 1868 1417 paribus
1889 1385 1904 1413 7
1934 1341 2058 1397 illis
2080 1384 2094 1411 7
2113 1361 2226 1418 pro
2248 1345 2391 1418 qui-

249 1437 371 1494 sbus
387 1437 773 1515 applicatur,
804 1455 990 1513 quam
1021 1435 1166 1492 aliis
1186 1435 1667 1513 quibuscumque
1682 1458 1701 1500 ;
1732 1439 1912 1513 quasi
1930 1436 2137 1494 nullus
2161 1440 2391 1515 specia-

255 1534 332 1592 lis
359 1536 606 1612 fructus
641 1535 991 1611 proveniret
1030 1552 1104 1589 ea·
1141 1533 1392 1610 speciali
1429 1524 1871 1610 applicatione,
1915 1554 2103 1611 quam
2132 1554 2249 1611 pro
2296 1534 2399 1590 de-

261 1631 608 1687 terminatis
674 1631 952 1706 personis
1008 1637 1127 1684 aut
1181 1646 1592 1705 personarum
1656 1627 1983 1685 ordinibus
2041 1629 2398 1706 faciendam

259 1725 642 1784 commendat
671 1744 742 1781 ac
778 1727 1068 1802 proecipit
1110 1722 1422 1793 Ecclesia,
1475 1726 1789 1801 speciatim
1825 1746 1864 1781 a
1892 1726 2249 1802 pastoribus
2278 1747 2398 1804 pro

260 1826 390 1881 suis
432 1822 642 1879 ovibus
667 1862 685 1891 ,
721 1820 884 1899 quod
918 1821 1074 1877 velut
1106 1840 1177 1876 ea‘
1212 1812 1420 1876 divino
1448 1829 1745 1897 praecepto
1778 1819 2136 1877 descendens
2166 1843 2205 1878 a
2254 1821 2398 1879 Tri—

262 1917 514 1974 dentina
557 1915 793 1994 Synodo
835 1915 1050 1972 diserte
1096 1923 1180 1976 est
1232 1934 1614 1992 eapressum,
1657 1922 1724 1970 ut
1767 1915 1965 1991 falsa,
2028 1919 2396 1987 temeraria,

251 2014 602 2092 perniciosa
620 2056 635 2082 7
670 2010 953 2069 Ecclesiae
974 2011 1282 2087 injuriosa
1303 2053 1320 2082 7
1351 2009 1644 2066 inducens
1660 2010 1732 2065 in
1749 2029 2009 2066 errorem
2032 2011 2192 2067 alias
2218 2012 2396 2068 dam-

260 2117 479 2166 natum
510 2111 579 2164 in
613 2104 880 2183 Wicleffi)
897 2148 920 2175 ,
949 2101 1332 2185 proscribitur
1363 2102 1425 2160 in
1451 2100 1777 2182 dogmatica
1804 2103 2228 2164 Constitutione
2261 2107 2322 2163 A
2328 2127 2399 2164 u-

260 2212 480 2261 ctorem
499 2203 664 2281 fidei.

343 2298 485 2359 375.
536 2299 626 2357 Sic
664 2296 1301 2378 vero'propositionem
1337 2306 1602 2354 nostram
1629 2284 2023 2355 adstruimus:
2073 2296 2395 2378 Specialem

264 2395 655 2468 oblationem7
685 2415 787 2453 seu
803 2393 1066 2452 sacrificii
1089 2390 1542 2474 applicationem
1569 2413 1677 2474 pro
1703 2391 2105 2452 determinatis
2131 2393 2394 2473 personis

261 2505 366 2554 aut
391 2513 777 2574 personarum
802 2488 1106 2548 ordinibus
1126 2534 1141 2563 7
1178 2487 1555 2547 commendat
1575 2500 1634 2548 et
1659 2489 1924 2571 praecipit
1958 2488 2221 2562 Ecclesia,
2255 2510 2392 2570 spe-

265 2589 464 2650 ciatim
501 2585 835 2669 pastoribus
878 2607 988 2667 pro
1021 2583 1233 2645 <ovibus
1271 2585 1426 2656 suis7
1458 2583 1636 2665 idque
1676 2596 1960 2664 tanquam
1998 2605 2067 2642 ex
2104 2595 2393 2665 praecepto

265 2683 467 2746 divino
500 2681 881 2742 descendens.
912 2681 1000 2739 Sic
1029 2681 1188 2739 enim
1210 2679 1470 2760 loquitur
1499 2678 1913 2738 Tridentinum
1941 2723 1958 2753 7
2000 2699 2135 2738 seSS.
2168 2680 2388 2763 XXIJI,

266 2801 391 2863 cap.
429 2781 454 2838 I
483 2826 498 2854 7
529 2780 617 2838 De
646 2782 891 2858 reform.
923 2776 1076 2837 Cum
1105 2785 1402 2855 prcecepto
1438 2776 1646 2832 divino
1679 2774 2040 2832 mandatura
2075 2779 2155 2832 sit
2195 2780 2394 2833 omni·

267 2877 416 2962 hus,
440 2875 665 2954 quibus
693 2878 1057 2932 animarum
1075 2893 1229 2930 cura
1257 2875 1567 2929 commissa
1589 2880 1703 2939 est,
1727 2890 1850 2927 oves
1878 2891 2021 2928 suas
2048 2891 2390 2949 aqnoscere7

256 2992 376 3051 pro
410 2971 504 3028 his
532 2970 917 3048 Sacrificium
949 2968 1176 3047 offerre.
1210 2967 1291 3024 Ex
1326 2963 1536 3046 quibus
1563 2963 1755 3024 verbis
1777 2964 2122 3024 Benedictus
2150 2966 2303 3040 XIV,
2330 2966 2394 3024 in

266 3064 565 3145 Encyclica
586 3054 592 3060 ’
614 3064 767 3123 Cum
797 3084 1062 3142 semper,
1107 3059 1307 3119 intulit
1348 3081 1362 3116 t
1408 3061 1569 3131 Eos,
1592 3062 1816 3139 quibus
1849 3066 2211 3120 animarum
2242 3083 2393 3120 cura

265 3161 632 3219 demandata
658 3168 775 3230 est,
810 3179 932 3217 non
972 3158 1141 3215 modo
1166 3157 1554 3234 Sacrificium
1591 3157 1798 3215 ,Missae
1823 3158 2157 3228 celebrare,
2191 3159 2294 3216 sed
2314 3159 2392 3215 il-

263 3257 388 3314 lius
411 3258 586 3313 etiam
608 3256 890 3331 fructum
915 3254 1185 3311 medi-um
1206 3272 1323 3329 pro
1336 3253 1562 3330 populo
1589 3253 1713 3310 sibi
1736 3256 2045 3310 commisso
2080 3254 2388 3331 applicare

265 3352 502 3424 debere,
536 3369 643 3406 nec
668 3350 845 3406 illum
867 3369 986 3427 pro
1013 3349 1152 3405 aliis
1183 3348 1493 3425 applicare
1517 3347 1626 3426 (l).
1658 3347 1801 3406 Tam
1828 3347 2006 3426 igitur
2034 3367 2105 3406 ex
2135 3346 2387 3405 Concilio

266 3444 612 3504 Tridentino
632 3489 647 3517 7
680 3464 857 3524 quam
881 3464 951 3501 ex
968 3441 1278 3501 Benedicto
1303 3443 1430 3501 XIV
1462 3464 1575 3522 pro
1600 3453 1758 3501 certo
1788 3443 2124 3517 assumitur7
2159 3442 2384 3523 specia-

266 3540 384 3600 lem
417 3560 585 3621 posse
613 3538 738 3597 fieri
763 3537 1213 3619 applicationem
1238 3537 1505 3595 Sacrificii
1534 3559 1642 3619 pro
1669 3537 2069 3596 determinatis
2095 3538 2381 3617 personis,

267 3640 414 3717 Ergo
443 3636 702 3719 specialis
734 3635 1003 3694 Sacrificii
1037 3633 1346 3715 applicatio
1374 3657 1406 3693 a
1433 3634 1739 3694 Sacerdote
1769 3632 1892 3692 fieri
1920 3643 2134 3714 potest.

327 3801 397 3864 (l)
435 3801 490 3849 In
509 3804 607 3868 ejus
634 3798 878 3863 Bne-llario,
910 3808 1093 3858 torna,
1118 3815 1166 3864 p.
1196 3794 1320 3863 367,
1347 3796 1374 3864 ἓ
1407 3814 1452 3846 2.
