<?xml version="1.0" encoding="UTF-8"?>
<!DOCTYPE html PUBLIC "-//W3C//DTD XHTML 1.0 Transitional//EN"
    "http://www.w3.org/TR/xhtml1/DTD/xhtml1-transitional.dtd">
<html xmlns="http://www.w3.org/1999/xhtml" xml:lang="en" lang="en">
 <head>
  <title>
</title>
<meta http-equiv="Content-Type" content="text/html;charset=utf-8" />
  <meta name='ocr-system' content='tesseract 3.04.00' />
  <meta name='ocr-capabilities' content='ocr_page ocr_carea ocr_par ocr_line ocrx_word'/>
</head>
<body>
  <div class='ocr_page' id='page_1' title='image "a603693806perruoft_0220.png"; bbox 0 0 2502 4186; ppageno 0'>
   <div class='ocr_carea' id='block_1_1' title="bbox 256 216 1753 289">
    <p class='ocr_par' dir='ltr' id='par_1_1' title="bbox 256 216 1753 289">
     <span class='ocr_line' id='line_1_1' title="bbox 256 216 1753 289; baseline -0.001 -13"><span class='ocrx_word' id='word_1_1' title='bbox 256 216 381 289; x_wconf 65' lang='lat'><strong>[212</strong></span> <span class='ocrx_word' id='word_1_2' title='bbox 870 237 1199 279; x_wconf 77' lang='lat' dir='ltr'>TRACTATUS</span> <span class='ocrx_word' id='word_1_3' title='bbox 1243 238 1313 272; x_wconf 71' lang='lat' dir='ltr'><strong>mi</strong></span> <span class='ocrx_word' id='word_1_4' title='bbox 1355 235 1753 275; x_wconf 71' lang='lat' dir='ltr'><strong>nuciums&#39;ris.</strong></span> 
     </span>
    </p>
   </div>
   <div class='ocr_carea' id='block_1_2' title="bbox 172 378 2396 2659">
    <p class='ocr_par' dir='ltr' id='par_1_2' title="bbox 258 378 2389 651">
     <span class='ocr_line' id='line_1_2' title="bbox 258 378 2389 463; baseline -0.005 -13"><span class='ocrx_word' id='word_1_5' title='bbox 258 389 547 450; x_wconf 83' lang='lat' dir='ltr'><strong>tuendam</strong></span> <span class='ocrx_word' id='word_1_6' title='bbox 573 385 996 463; x_wconf 80' lang='lat' dir='ltr'><strong>professionem</strong></span> <span class='ocrx_word' id='word_1_7' title='bbox 1034 380 1321 437; x_wconf 85' lang='lat' dir='ltr'><strong>adversus</strong></span> <span class='ocrx_word' id='word_1_8' title='bbox 1357 378 1600 437; x_wconf 66' lang='lat' dir='ltr'><strong>haereses</strong></span> <span class='ocrx_word' id='word_1_9' title='bbox 1615 420 1638 449; x_wconf 82' lang='lat'><em>,</em></span> <span class='ocrx_word' id='word_1_10' title='bbox 1678 398 1743 436; x_wconf 92' lang='lat' dir='ltr'><strong>ac</strong></span> <span class='ocrx_word' id='word_1_11' title='bbox 1777 387 2086 459; x_wconf 85' lang='lat' dir='ltr'><strong>propterea</strong></span> <span class='ocrx_word' id='word_1_12' title='bbox 2131 380 2259 439; x_wconf 90' lang='lat' dir='ltr'><strong>illos</strong></span> <span class='ocrx_word' id='word_1_13' title='bbox 2291 380 2389 440; x_wconf 89' lang='lat' dir='ltr'><strong>de-</strong></span> 
     </span>
     <span class='ocr_line' id='line_1_3' title="bbox 260 472 2389 565; baseline -0.001 -26"><span class='ocrx_word' id='word_1_14' title='bbox 260 484 407 565; x_wconf 89' lang='lat' dir='ltr'>cipi,</span> <span class='ocrx_word' id='word_1_15' title='bbox 449 479 549 560; x_wconf 91' lang='lat' dir='ltr'><strong>qui</strong></span> <span class='ocrx_word' id='word_1_16' title='bbox 585 486 895 535; x_wconf 80' lang='lat' dir='ltr'><strong>autumant</strong></span> <span class='ocrx_word' id='word_1_17' title='bbox 935 472 1180 533; x_wconf 90' lang='lat' dir='ltr'><strong>modum</strong></span> <span class='ocrx_word' id='word_1_18' title='bbox 1201 518 1217 547; x_wconf 84' lang='lat'><strong>.,</strong></span> <span class='ocrx_word' id='word_1_19' title='bbox 1261 495 1377 554; x_wconf 91' lang='lat' dir='ltr'><strong>quo</strong></span> <span class='ocrx_word' id='word_1_20' title='bbox 1416 472 1678 531; x_wconf 86' lang='lat' dir='ltr'><strong>Christus</strong></span> <span class='ocrx_word' id='word_1_21' title='bbox 1711 493 1965 554; x_wconf 76' lang='lat' dir='ltr'><strong>praesens</strong></span> <span class='ocrx_word' id='word_1_22' title='bbox 1995 477 2062 533; x_wconf 90' lang='lat' dir='ltr'><strong>fit</strong></span> <span class='ocrx_word' id='word_1_23' title='bbox 2095 498 2159 536; x_wconf 87' lang='lat' dir='ltr'><strong>ac</strong></span> <span class='ocrx_word' id='word_1_24' title='bbox 2191 478 2389 538; x_wconf 76' lang='lat' dir='ltr'><strong>existit</strong></span> 
     </span>
     <span class='ocr_line' id='line_1_4' title="bbox 259 567 1817 651; baseline -0.006 -15"><span class='ocrx_word' id='word_1_25' title='bbox 259 581 322 637; x_wconf 91' lang='lat' dir='ltr'><strong>in</strong></span> <span class='ocrx_word' id='word_1_26' title='bbox 355 571 710 635; x_wconf 87' lang='lat' dir='ltr'><strong>Eucharistia</strong></span> <span class='ocrx_word' id='word_1_27' title='bbox 735 616 751 644; x_wconf 72' lang='grc'><em>,</em></span> <span class='ocrx_word' id='word_1_28' title='bbox 792 569 1138 651; x_wconf 82' lang='lat' dir='ltr'><strong>neutiquam</strong></span> <span class='ocrx_word' id='word_1_29' title='bbox 1175 567 1251 627; x_wconf 89' lang='lat' dir='ltr'><strong>ad</strong></span> <span class='ocrx_word' id='word_1_30' title='bbox 1286 567 1464 626; x_wconf 91' lang='lat' dir='ltr'><strong>fidem</strong></span> <span class='ocrx_word' id='word_1_31' title='bbox 1499 568 1817 648; x_wconf 90' lang='lat' dir='ltr'><strong>pertinere.</strong></span> 
     </span>
    </p>

    <p class='ocr_par' dir='ltr' id='par_1_3' title="bbox 172 663 2395 2084">
     <span class='ocr_line' id='line_1_5' title="bbox 347 663 2387 746; baseline -0.001 -17"><span class='ocrx_word' id='word_1_32' title='bbox 347 669 482 729; x_wconf 85' lang='lat'><strong>133.</strong></span> <span class='ocrx_word' id='word_1_33' title='bbox 507 669 677 731; x_wconf 82' lang='lat' dir='ltr'><strong>Patet</strong></span> <span class='ocrx_word' id='word_1_34' title='bbox 695 711 711 740; x_wconf 86' lang='lat'><strong>.,</strong></span> <span class='ocrx_word' id='word_1_35' title='bbox 742 665 807 725; x_wconf 85' lang='lat'><strong>30</strong></span> <span class='ocrx_word' id='word_1_36' title='bbox 823 665 1019 746; x_wconf 82' lang='lat' dir='ltr'><strong>solam</strong></span> <span class='ocrx_word' id='word_1_37' title='bbox 1038 665 1780 723; x_wconf 72' lang='lat' dir='ltr'><strong>transsubstantiationem</strong></span> <span class='ocrx_word' id='word_1_38' title='bbox 1803 674 2064 745; x_wconf 87' lang='lat' dir='ltr'><strong>spectare</strong></span> <span class='ocrx_word' id='word_1_39' title='bbox 2080 663 2154 723; x_wconf 90' lang='lat' dir='ltr'><strong>ad</strong></span> <span class='ocrx_word' id='word_1_40' title='bbox 2175 666 2352 726; x_wconf 86' lang='lat' dir='ltr'><strong>fidem</strong></span> <span class='ocrx_word' id='word_1_41' title='bbox 2372 713 2387 742; x_wconf 73' lang='grc'><em>,</em></span> 
     </span>
     <span class='ocr_line' id='line_1_6' title="bbox 172 757 2390 839; baseline -0.002 -14"><span class='ocrx_word' id='word_1_42' title='bbox 172 787 174 789; x_wconf 66' lang='grc'><strong><em>’</em></strong></span> <span class='ocrx_word' id='word_1_43' title='bbox 259 766 505 826; x_wconf 86' lang='lat' dir='ltr'><strong>minime</strong></span> <span class='ocrx_word' id='word_1_44' title='bbox 550 783 691 823; x_wconf 89' lang='lat' dir='ltr'><strong>vero</strong></span> <span class='ocrx_word' id='word_1_45' title='bbox 745 762 933 822; x_wconf 86' lang='lat' dir='ltr'><strong>varias</strong></span> <span class='ocrx_word' id='word_1_46' title='bbox 979 759 1104 818; x_wconf 86' lang='lat' dir='ltr'><strong>illas</strong></span> <span class='ocrx_word' id='word_1_47' title='bbox 1147 780 1212 818; x_wconf 91' lang='lat' dir='ltr'><strong>ac</strong></span> <span class='ocrx_word' id='word_1_48' title='bbox 1257 757 1610 839; x_wconf 83' lang='lat' dir='ltr'><strong>multiplices</strong></span> <span class='ocrx_word' id='word_1_49' title='bbox 1662 760 1914 818; x_wconf 86' lang='lat' dir='ltr'><strong>rationes</strong></span> <span class='ocrx_word' id='word_1_50' title='bbox 1962 782 1994 818; x_wconf 87' lang='lat' dir='ltr'><strong>a</strong></span> <span class='ocrx_word' id='word_1_51' title='bbox 2040 759 2390 821; x_wconf 83' lang='lat' dir='ltr'><strong>scholasticis</strong></span> 
     </span>
     <span class='ocr_line' id='line_1_7' title="bbox 256 852 2391 940; baseline -0.002 -19"><span class='ocrx_word' id='word_1_52' title='bbox 256 860 608 940; x_wconf 82' lang='lat' dir='ltr'><strong>excogitatas</strong></span> <span class='ocrx_word' id='word_1_53' title='bbox 633 856 710 916; x_wconf 91' lang='lat' dir='ltr'><strong>ad</strong></span> <span class='ocrx_word' id='word_1_54' title='bbox 733 878 864 917; x_wconf 88' lang='lat' dir='ltr'><strong>eam</strong></span> <span class='ocrx_word' id='word_1_55' title='bbox 889 853 1332 937; x_wconf 76' lang='lat' dir='ltr'><strong>explicandam3</strong></span> <span class='ocrx_word' id='word_1_56' title='bbox 1363 852 1550 912; x_wconf 89' lang='lat' dir='ltr'><strong>multo</strong></span> <span class='ocrx_word' id='word_1_57' title='bbox 1576 855 1772 912; x_wconf 90' lang='lat' dir='ltr'><strong>minus</strong></span> <span class='ocrx_word' id='word_1_58' title='bbox 1795 854 1868 912; x_wconf 87' lang='lat' dir='ltr'><strong>ad</strong></span> <span class='ocrx_word' id='word_1_59' title='bbox 1887 854 2064 914; x_wconf 88' lang='lat' dir='ltr'><strong>fidem</strong></span> <span class='ocrx_word' id='word_1_60' title='bbox 2092 857 2391 938; x_wconf 87' lang='lat' dir='ltr'><strong>pertinere</strong></span> 
     </span>
     <span class='ocr_line' id='line_1_8' title="bbox 256 948 2393 1040; baseline -0.002 -25"><span class='ocrx_word' id='word_1_61' title='bbox 256 956 457 1040; x_wconf 85' lang='lat' dir='ltr'><strong>plures</strong></span> <span class='ocrx_word' id='word_1_62' title='bbox 495 953 869 1037; x_wconf 86' lang='lat' dir='ltr'><strong>paucioresve</strong></span> <span class='ocrx_word' id='word_1_63' title='bbox 925 951 1052 1010; x_wconf 88' lang='lat' dir='ltr'><strong>illas</strong></span> <span class='ocrx_word' id='word_1_64' title='bbox 1113 950 1510 1023; x_wconf 60' lang='lat' dir='ltr'><strong>conditioneS.</strong></span> <span class='ocrx_word' id='word_1_65' title='bbox 1553 970 1695 1030; x_wconf 86' lang='lat' dir='ltr'><strong>quas</strong></span> <span class='ocrx_word' id='word_1_66' title='bbox 1740 948 1918 1008; x_wconf 89' lang='lat' dir='ltr'><strong>iidem</strong></span> <span class='ocrx_word' id='word_1_67' title='bbox 1963 951 2264 1031; x_wconf 84' lang='lat' dir='ltr'><strong>postulant</strong></span> <span class='ocrx_word' id='word_1_68' title='bbox 2319 951 2393 1011; x_wconf 90' lang='lat' dir='ltr'><strong>ad</strong></span> 
     </span>
     <span class='ocr_line' id='line_1_9' title="bbox 257 1046 2391 1132; baseline -0.004 -18"><span class='ocrx_word' id='word_1_69' title='bbox 257 1073 461 1115; x_wconf 82' lang='lat' dir='ltr'><strong>veram</strong></span> <span class='ocrx_word' id='word_1_70' title='bbox 501 1050 856 1132; x_wconf 81' lang='lat' dir='ltr'><strong>proprieque</strong></span> <span class='ocrx_word' id='word_1_71' title='bbox 895 1046 1112 1105; x_wconf 89' lang='lat' dir='ltr'><strong>dictam</strong></span> <span class='ocrx_word' id='word_1_72' title='bbox 1153 1046 1598 1107; x_wconf 86' lang='lat' dir='ltr'><strong>conversionem</strong></span> <span class='ocrx_word' id='word_1_73' title='bbox 1639 1046 2134 1105; x_wconf 82' lang='lat' dir='ltr'><strong>constituendam.</strong></span> <span class='ocrx_word' id='word_1_74' title='bbox 2171 1049 2391 1107; x_wconf 90' lang='lat' dir='ltr'><strong>Ceteris</strong></span> 
     </span>
     <span class='ocr_line' id='line_1_10' title="bbox 255 1141 2392 1230; baseline -0.001 -23"><span class='ocrx_word' id='word_1_75' title='bbox 255 1145 506 1230; x_wconf 88' lang='lat' dir='ltr'><strong>proinde</strong></span> <span class='ocrx_word' id='word_1_76' title='bbox 525 1144 749 1203; x_wconf 88' lang='lat' dir='ltr'><strong>omissis</strong></span> <span class='ocrx_word' id='word_1_77' title='bbox 769 1188 785 1218; x_wconf 73' lang='grc'><em>,</em></span> <span class='ocrx_word' id='word_1_78' title='bbox 819 1142 990 1201; x_wconf 90' lang='lat' dir='ltr'><strong>nobis</strong></span> <span class='ocrx_word' id='word_1_79' title='bbox 1012 1141 1182 1202; x_wconf 86' lang='lat' dir='ltr'><strong>valde</strong></span> <span class='ocrx_word' id='word_1_80' title='bbox 1210 1142 1494 1224; x_wconf 86' lang='lat' dir='ltr'><strong>probatur</strong></span> <span class='ocrx_word' id='word_1_81' title='bbox 1527 1142 1820 1200; x_wconf 85' lang='lat' dir='ltr'><strong>sententia</strong></span> <span class='ocrx_word' id='word_1_82' title='bbox 1853 1143 2144 1223; x_wconf 82' lang='lat' dir='ltr'><strong>Vasquezii</strong></span> <span class='ocrx_word' id='word_1_83' title='bbox 2165 1190 2180 1219; x_wconf 69' lang='lat'>‚</span> <span class='ocrx_word' id='word_1_84' title='bbox 2214 1167 2392 1227; x_wconf 89' lang='lat' dir='ltr'><strong>quam</strong></span> 
     </span>
     <span class='ocr_line' id='line_1_11' title="bbox 251 1238 2392 1333; baseline -0.002 -28"><span class='ocrx_word' id='word_1_85' title='bbox 251 1242 562 1326; x_wconf 78' lang='lat' dir='ltr'><strong>adoptavit</strong></span> <span class='ocrx_word' id='word_1_86' title='bbox 587 1241 920 1299; x_wconf 87' lang='lat' dir='ltr'><strong>Fr-anciscus</strong></span> <span class='ocrx_word' id='word_1_87' title='bbox 950 1239 1232 1333; x_wconf 55' lang='lat' dir='ltr'><strong>Veranius</strong></span> <span class='ocrx_word' id='word_1_88' title='bbox 1256 1239 1345 1319; x_wconf 90' lang='lat' dir='ltr'><strong>(l)</strong></span> <span class='ocrx_word' id='word_1_89' title='bbox 1369 1285 1384 1314; x_wconf 65' lang='lat'><em>7</em></span> <span class='ocrx_word' id='word_1_90' title='bbox 1412 1250 1617 1320; x_wconf 86' lang='lat' dir='ltr'><strong>utpote</strong></span> <span class='ocrx_word' id='word_1_91' title='bbox 1645 1260 1776 1320; x_wconf 82' lang='lat' dir='ltr'><strong>quae</strong></span> <span class='ocrx_word' id='word_1_92' title='bbox 1811 1238 2180 1320; x_wconf 82' lang='lat' dir='ltr'><strong>simplicitate</strong></span> <span class='ocrx_word' id='word_1_93' title='bbox 2210 1263 2311 1301; x_wconf 87' lang='lat' dir='ltr'><strong>sua</strong></span> <span class='ocrx_word' id='word_1_94' title='bbox 2332 1263 2392 1301; x_wconf 91' lang='lat' dir='ltr'><strong>se</strong></span> 
     </span>
     <span class='ocr_line' id='line_1_12' title="bbox 258 1332 2388 1415; baseline -0 -18"><span class='ocrx_word' id='word_1_95' title='bbox 258 1334 672 1410; x_wconf 72' lang='lat' dir='ltr'><strong>commendet,</strong></span> <span class='ocrx_word' id='word_1_96' title='bbox 730 1346 790 1394; x_wconf 89' lang='lat' dir='ltr'><strong>et</strong></span> <span class='ocrx_word' id='word_1_97' title='bbox 847 1333 1165 1392; x_wconf 87' lang='lat' dir='ltr'><strong>faciliorem</strong></span> <span class='ocrx_word' id='word_1_98' title='bbox 1215 1332 1426 1392; x_wconf 86' lang='lat' dir='ltr'><strong>reddat</strong></span> <span class='ocrx_word' id='word_1_99' title='bbox 1481 1333 1653 1413; x_wconf 91' lang='lat' dir='ltr'><strong>hujus</strong></span> <span class='ocrx_word' id='word_1_100' title='bbox 1704 1334 1993 1415; x_wconf 79' lang='lat' dir='ltr'><strong>dogmatis</strong></span> <span class='ocrx_word' id='word_1_101' title='bbox 2050 1335 2388 1396; x_wconf 85' lang='lat' dir='ltr'><strong>vindiciam.</strong></span> 
     </span>
     <span class='ocr_line' id='line_1_13' title="bbox 260 1428 2395 1513; baseline -0.001 -20"><span class='ocrx_word' id='word_1_102' title='bbox 260 1434 473 1494; x_wconf 88' lang='lat' dir='ltr'><strong>Censet</strong></span> <span class='ocrx_word' id='word_1_103' title='bbox 486 1432 683 1512; x_wconf 89' lang='lat' dir='ltr'><strong>itaque</strong></span> <span class='ocrx_word' id='word_1_104' title='bbox 707 1432 993 1511; x_wconf 82' lang='lat' dir='ltr'><strong>Vasquez,</strong></span> <span class='ocrx_word' id='word_1_105' title='bbox 1019 1428 1733 1489; x_wconf 82' lang='lat' dir='ltr'><strong>transsubstantiationem</strong></span> <span class='ocrx_word' id='word_1_106' title='bbox 1756 1431 1819 1489; x_wconf 90' lang='lat' dir='ltr'><strong>in</strong></span> <span class='ocrx_word' id='word_1_107' title='bbox 1844 1453 1947 1490; x_wconf 88' lang='lat' dir='ltr'><strong>suo</strong></span> <span class='ocrx_word' id='word_1_108' title='bbox 1972 1444 2259 1513; x_wconf 88' lang='lat' dir='ltr'><strong>conceptu</strong></span> <span class='ocrx_word' id='word_1_109' title='bbox 2283 1433 2395 1492; x_wconf 92' lang='lat' dir='ltr'><strong>for-</strong></span> 
     </span>
     <span class='ocr_line' id='line_1_14' title="bbox 258 1521 2389 1606; baseline 0 -19"><span class='ocrx_word' id='word_1_110' title='bbox 258 1526 399 1588; x_wconf 85' lang='lat' dir='ltr'><strong>mali</strong></span> <span class='ocrx_word' id='word_1_111' title='bbox 441 1527 756 1586; x_wconf 88' lang='lat' dir='ltr'><strong>consistere</strong></span> <span class='ocrx_word' id='word_1_112' title='bbox 786 1521 848 1583; x_wconf 89' lang='lat' dir='ltr'><strong>in</strong></span> <span class='ocrx_word' id='word_1_113' title='bbox 881 1525 1164 1584; x_wconf 87' lang='lat' dir='ltr'><strong>relatione</strong></span> <span class='ocrx_word' id='word_1_114' title='bbox 1195 1525 1293 1603; x_wconf 92' lang='lat' dir='ltr'><strong>(et</strong></span> <span class='ocrx_word' id='word_1_115' title='bbox 1331 1525 1570 1606; x_wconf 88' lang='lat' dir='ltr'><strong>quidem</strong></span> <span class='ocrx_word' id='word_1_116' title='bbox 1613 1527 1934 1587; x_wconf 85' lang='lat' dir='ltr'><strong>extrinseca</strong></span> <span class='ocrx_word' id='word_1_117' title='bbox 1971 1538 2030 1586; x_wconf 90' lang='lat' dir='ltr'><strong>et</strong></span> <span class='ocrx_word' id='word_1_118' title='bbox 2071 1528 2246 1587; x_wconf 88' lang='lat' dir='ltr'><strong>solius</strong></span> <span class='ocrx_word' id='word_1_119' title='bbox 2289 1551 2389 1587; x_wconf 91' lang='lat' dir='ltr'><strong>ra—</strong></span> 
     </span>
     <span class='ocr_line' id='line_1_15' title="bbox 259 1619 2392 1705; baseline 0 -23"><span class='ocrx_word' id='word_1_120' title='bbox 259 1623 477 1703; x_wconf 89' lang='lat' dir='ltr'><strong>tionis)</strong></span> <span class='ocrx_word' id='word_1_121' title='bbox 506 1620 727 1681; x_wconf 91' lang='lat' dir='ltr'><strong>ordinis</strong></span> <span class='ocrx_word' id='word_1_122' title='bbox 754 1621 909 1679; x_wconf 92' lang='lat' dir='ltr'><strong>inter</strong></span> <span class='ocrx_word' id='word_1_123' title='bbox 939 1619 1330 1680; x_wconf 88' lang='lat' dir='ltr'><strong>substantiam</strong></span> <span class='ocrx_word' id='word_1_124' title='bbox 1351 1666 1366 1696; x_wconf 72' lang='grc'><em>,</em></span> <span class='ocrx_word' id='word_1_125' title='bbox 1399 1642 1526 1702; x_wconf 85' lang='lat' dir='ltr'><strong>quae</strong></span> <span class='ocrx_word' id='word_1_126' title='bbox 1555 1622 1801 1699; x_wconf 86' lang='lat' dir='ltr'><strong>desinit,</strong></span> <span class='ocrx_word' id='word_1_127' title='bbox 1840 1634 1899 1683; x_wconf 91' lang='lat' dir='ltr'><strong>et</strong></span> <span class='ocrx_word' id='word_1_128' title='bbox 1926 1644 2055 1682; x_wconf 90' lang='lat' dir='ltr'><strong>eam</strong></span> <span class='ocrx_word' id='word_1_129' title='bbox 2077 1669 2093 1699; x_wconf 64' lang='lat'><em>7</em></span> <span class='ocrx_word' id='word_1_130' title='bbox 2122 1625 2183 1682; x_wconf 91' lang='lat' dir='ltr'><strong>in</strong></span> <span class='ocrx_word' id='word_1_131' title='bbox 2214 1646 2392 1705; x_wconf 87' lang='lat' dir='ltr'><strong>quam</strong></span> 
     </span>
     <span class='ocr_line' id='line_1_16' title="bbox 260 1715 2392 1790; baseline 0 -11"><span class='ocrx_word' id='word_1_132' title='bbox 260 1719 527 1779; x_wconf 90' lang='lat' dir='ltr'><strong>desinere</strong></span> <span class='ocrx_word' id='word_1_133' title='bbox 558 1717 770 1777; x_wconf 87' lang='lat' dir='ltr'><strong>dicitur</strong></span> <span class='ocrx_word' id='word_1_134' title='bbox 814 1717 872 1779; x_wconf 87' lang='lat' dir='ltr'><strong>vi</strong></span> <span class='ocrx_word' id='word_1_135' title='bbox 911 1715 1228 1777; x_wconf 89' lang='lat' dir='ltr'><strong>verborum</strong></span> <span class='ocrx_word' id='word_1_136' title='bbox 1269 1717 1528 1790; x_wconf 71' lang='lat' dir='ltr'><strong>Christi3</strong></span> <span class='ocrx_word' id='word_1_137' title='bbox 1567 1718 1650 1776; x_wconf 85' lang='lat' dir='ltr'><strong>ita</strong></span> <span class='ocrx_word' id='word_1_138' title='bbox 1687 1730 1753 1777; x_wconf 88' lang='lat' dir='ltr'><strong>ut</strong></span> <span class='ocrx_word' id='word_1_139' title='bbox 1790 1722 2392 1779; x_wconf 75' lang='lat' dir='ltr'><strong>transsubstantiatio</strong></span> 
     </span>
     <span class='ocr_line' id='line_1_17' title="bbox 255 1811 2394 1894; baseline 0 -21"><span class='ocrx_word' id='word_1_140' title='bbox 255 1814 409 1874; x_wconf 86' lang='lat' dir='ltr'><strong>-nihil</strong></span> <span class='ocrx_word' id='word_1_141' title='bbox 443 1813 602 1873; x_wconf 88' lang='lat' dir='ltr'><strong>aliud</strong></span> <span class='ocrx_word' id='word_1_142' title='bbox 641 1812 820 1871; x_wconf 88' lang='lat' dir='ltr'><strong>addat</strong></span> <span class='ocrx_word' id='word_1_143' title='bbox 865 1811 1006 1871; x_wconf 90' lang='lat' dir='ltr'><strong>reali</strong></span> <span class='ocrx_word' id='word_1_144' title='bbox 1047 1813 1366 1892; x_wconf 85' lang='lat' dir='ltr'><strong>praesentiae</strong></span> <span class='ocrx_word' id='word_1_145' title='bbox 1407 1813 1519 1871; x_wconf 92' lang='lat' dir='ltr'><strong>nisi</strong></span> <span class='ocrx_word' id='word_1_146' title='bbox 1556 1819 1935 1873; x_wconf 73' lang='lat' dir='ltr'><strong>cessationem</strong></span> <span class='ocrx_word' id='word_1_147' title='bbox 1966 1820 2159 1894; x_wconf 78' lang='lat' dir='ltr'><strong>panis</strong></span> <span class='ocrx_word' id='word_1_148' title='bbox 2192 1821 2260 1874; x_wconf 87' lang='lat' dir='ltr'><strong>in</strong></span> <span class='ocrx_word' id='word_1_149' title='bbox 2294 1837 2394 1874; x_wconf 91' lang='lat' dir='ltr'><strong>or-</strong></span> 
     </span>
     <span class='ocr_line' id='line_1_18' title="bbox 249 1908 2386 1991; baseline 0 -22"><span class='ocrx_word' id='word_1_150' title='bbox 249 1913 402 1970; x_wconf 79' lang='lat' dir='ltr'><strong>dine</strong></span> <span class='ocrx_word' id='word_1_151' title='bbox 432 1912 518 1969; x_wconf 79' lang='lat' dir='ltr'><strong>ad</strong></span> <span class='ocrx_word' id='word_1_152' title='bbox 538 1911 758 1968; x_wconf 84' lang='lat' dir='ltr'><strong>realem</strong></span> <span class='ocrx_word' id='word_1_153' title='bbox 784 1909 1011 1968; x_wconf 75' lang='lat' dir='ltr'><strong>Christi</strong></span> <span class='ocrx_word' id='word_1_154' title='bbox 1027 1913 1458 1987; x_wconf 69' lang='lat' dir='ltr'><strong>praesentiam,</strong></span> <span class='ocrx_word' id='word_1_155' title='bbox 1488 1931 1602 1991; x_wconf 88' lang='lat' dir='ltr'><strong>quo</strong></span> <span class='ocrx_word' id='word_1_156' title='bbox 1626 1908 1806 1971; x_wconf 86' lang='lat' dir='ltr'><strong>verba</strong></span> <span class='ocrx_word' id='word_1_157' title='bbox 1827 1910 2043 1969; x_wconf 88' lang='lat' dir='ltr'><strong>Christi</strong></span> <span class='ocrx_word' id='word_1_158' title='bbox 2077 1911 2197 1969; x_wconf 91' lang='lat' dir='ltr'><strong>sint</strong></span> <span class='ocrx_word' id='word_1_159' title='bbox 2231 1933 2386 1972; x_wconf 85' lang='lat' dir='ltr'><strong>vera.</strong></span> 
     </span>
     <span class='ocr_line' id='line_1_19' title="bbox 245 2002 2063 2084; baseline -0.001 -19"><span class='ocrx_word' id='word_1_160' title='bbox 245 2006 492 2066; x_wconf 74' lang='lat' dir='ltr'><strong>,Desinit</strong></span> <span class='ocrx_word' id='word_1_161' title='bbox 521 2015 719 2064; x_wconf 89' lang='lat' dir='ltr'><strong>autem</strong></span> <span class='ocrx_word' id='word_1_162' title='bbox 751 2003 919 2084; x_wconf 90' lang='lat' dir='ltr'><strong>panis</strong></span> <span class='ocrx_word' id='word_1_163' title='bbox 952 2002 1277 2061; x_wconf 88' lang='lat' dir='ltr'><strong>substantia</strong></span> <span class='ocrx_word' id='word_1_164' title='bbox 1313 2025 1418 2084; x_wconf 92' lang='lat' dir='ltr'><strong>per</strong></span> <span class='ocrx_word' id='word_1_165' title='bbox 1459 2003 1915 2063; x_wconf 88' lang='lat' dir='ltr'><strong>destructionem</strong></span> <span class='ocrx_word' id='word_1_166' title='bbox 1945 2005 2063 2083; x_wconf 76' lang='lat'><strong>(2).</strong></span> 
     </span>
    </p>

    <p class='ocr_par' dir='ltr' id='par_1_4' title="bbox 258 2099 2442 2659">
     <span class='ocr_line' id='line_1_20' title="bbox 349 2099 2396 2182; baseline -0.001 -21"><span class='ocrx_word' id='word_1_167' title='bbox 349 2101 483 2161; x_wconf 82' lang='lat'><strong>134.</strong></span> <span class='ocrx_word' id='word_1_168' title='bbox 516 2104 708 2175; x_wconf 71' lang='lat' dir='ltr'><strong>Patet,</strong></span> <span class='ocrx_word' id='word_1_169' title='bbox 732 2099 798 2158; x_wconf 78' lang='lat'><strong>40</strong></span> <span class='ocrx_word' id='word_1_170' title='bbox 812 2101 1031 2179; x_wconf 81' lang='lat' dir='ltr'><strong>Dogma</strong></span> <span class='ocrx_word' id='word_1_171' title='bbox 1053 2101 1748 2159; x_wconf 77' lang='lat' dir='ltr'><strong>transsubstantiationis</strong></span> <span class='ocrx_word' id='word_1_172' title='bbox 1763 2121 1886 2159; x_wconf 91' lang='lat' dir='ltr'><strong>esse</strong></span> <span class='ocrx_word' id='word_1_173' title='bbox 1900 2099 2081 2161; x_wconf 83' lang='lat' dir='ltr'><strong>veluti</strong></span> <span class='ocrx_word' id='word_1_174' title='bbox 2093 2099 2396 2182; x_wconf 85' lang='lat' dir='ltr'><strong>sequelam</strong></span> 
     </span>
     <span class='ocr_line' id='line_1_21' title="bbox 258 2194 2393 2278; baseline -0.001 -21"><span class='ocrx_word' id='word_1_175' title='bbox 258 2196 504 2257; x_wconf 87' lang='lat' dir='ltr'><strong>alterius</strong></span> <span class='ocrx_word' id='word_1_176' title='bbox 529 2196 814 2276; x_wconf 78' lang='lat' dir='ltr'><strong>dogmatis</strong></span> <span class='ocrx_word' id='word_1_177' title='bbox 850 2195 922 2254; x_wconf 89' lang='lat' dir='ltr'><strong>de</strong></span> <span class='ocrx_word' id='word_1_178' title='bbox 959 2194 1102 2254; x_wconf 89' lang='lat' dir='ltr'><strong>reali</strong></span> <span class='ocrx_word' id='word_1_179' title='bbox 1142 2194 1356 2254; x_wconf 88' lang='lat' dir='ltr'><strong>Christi</strong></span> <span class='ocrx_word' id='word_1_180' title='bbox 1381 2196 1721 2277; x_wconf 84' lang='lat' dir='ltr'><strong>praesentia;</strong></span> <span class='ocrx_word' id='word_1_181' title='bbox 1758 2195 1869 2254; x_wconf 91' lang='lat' dir='ltr'><strong>hoc</strong></span> <span class='ocrx_word' id='word_1_182' title='bbox 1902 2207 2214 2278; x_wconf 86' lang='lat' dir='ltr'><strong>propterea</strong></span> <span class='ocrx_word' id='word_1_183' title='bbox 2242 2219 2393 2255; x_wconf 91' lang='lat' dir='ltr'><strong>non-</strong></span> 
     </span>
     <span class='ocr_line' id='line_1_22' title="bbox 262 2290 2392 2374; baseline -0 -22"><span class='ocrx_word' id='word_1_184' title='bbox 262 2293 405 2352; x_wconf 88' lang='lat' dir='ltr'><strong>dum</strong></span> <span class='ocrx_word' id='word_1_185' title='bbox 443 2293 761 2352; x_wconf 90' lang='lat' dir='ltr'><strong>constituto</strong></span> <span class='ocrx_word' id='word_1_186' title='bbox 791 2335 807 2365; x_wconf 57' lang='lat' dir='ltr'><strong>a</strong></span> <span class='ocrx_word' id='word_1_187' title='bbox 848 2311 1162 2373; x_wconf 89' lang='lat' dir='ltr'><strong>perperam</strong></span> <span class='ocrx_word' id='word_1_188' title='bbox 1204 2290 1355 2349; x_wconf 91' lang='lat' dir='ltr'><strong>illud</strong></span> <span class='ocrx_word' id='word_1_189' title='bbox 1391 2290 1818 2350; x_wconf 89' lang='lat' dir='ltr'><strong>adstrueretur.</strong></span> <span class='ocrx_word' id='word_1_190' title='bbox 1860 2294 1970 2351; x_wconf 89' lang='lat' dir='ltr'><strong>Res</strong></span> <span class='ocrx_word' id='word_1_191' title='bbox 2009 2292 2258 2374; x_wconf 88' lang='lat' dir='ltr'><strong>proinde</strong></span> <span class='ocrx_word' id='word_1_192' title='bbox 2301 2292 2392 2351; x_wconf 89' lang='lat' dir='ltr'><strong>hic</strong></span> 
     </span>
     <span class='ocr_line' id='line_1_23' title="bbox 261 2387 2388 2464; baseline -0.001 -16"><span class='ocrx_word' id='word_1_193' title='bbox 261 2388 431 2448; x_wconf 87' lang='lat' dir='ltr'><strong>nobis</strong></span> <span class='ocrx_word' id='word_1_194' title='bbox 471 2399 559 2448; x_wconf 89' lang='lat' dir='ltr'><strong>est</strong></span> <span class='ocrx_word' id='word_1_195' title='bbox 603 2387 819 2447; x_wconf 88' lang='lat' dir='ltr'><strong>directe</strong></span> <span class='ocrx_word' id='word_1_196' title='bbox 861 2409 994 2446; x_wconf 89' lang='lat' dir='ltr'><strong>cum</strong></span> <span class='ocrx_word' id='word_1_197' title='bbox 1035 2388 1418 2464; x_wconf 66' lang='lat' dir='ltr'><strong>LutheraniS,</strong></span> <span class='ocrx_word' id='word_1_198' title='bbox 1473 2409 1581 2448; x_wconf 90' lang='lat' dir='ltr'><strong>nec</strong></span> <span class='ocrx_word' id='word_1_199' title='bbox 1627 2389 1742 2447; x_wconf 89' lang='lat' dir='ltr'><strong>nisi</strong></span> <span class='ocrx_word' id='word_1_200' title='bbox 1786 2389 2069 2448; x_wconf 89' lang='lat' dir='ltr'><strong>indirecte</strong></span> <span class='ocrx_word' id='word_1_201' title='bbox 2110 2389 2388 2449; x_wconf 88' lang='lat' dir='ltr'><strong>adversus</strong></span> 
     </span>
     <span class='ocr_line' id='line_1_24' title="bbox 263 2482 2387 2566; baseline -0 -23"><span class='ocrx_word' id='word_1_202' title='bbox 263 2484 610 2545; x_wconf 88' lang='lat' dir='ltr'><strong>Calvinistas</strong></span> <span class='ocrx_word' id='word_1_203' title='bbox 650 2505 716 2542; x_wconf 90' lang='lat' dir='ltr'><strong>ac</strong></span> <span class='ocrx_word' id='word_1_204' title='bbox 753 2484 1242 2543; x_wconf 83' lang='lat' dir='ltr'><strong>Sacramentarios</strong></span> <span class='ocrx_word' id='word_1_205' title='bbox 1297 2482 1550 2566; x_wconf 87' lang='lat' dir='ltr'><strong>reliquos</strong></span> <span class='ocrx_word' id='word_1_206' title='bbox 1594 2483 1688 2543; x_wconf 90' lang='lat' dir='ltr'><strong>hic</strong></span> <span class='ocrx_word' id='word_1_207' title='bbox 1735 2505 1996 2566; x_wconf 83' lang='lat' dir='ltr'><strong>pugnare</strong></span> <span class='ocrx_word' id='word_1_208' title='bbox 2041 2504 2387 2566; x_wconf 72' lang='lat' dir='ltr'><strong>possumuS,</strong></span> 
     </span>
     <span class='ocr_line' id='line_1_25' title="bbox 258 2577 1984 2659; baseline 0 -21"><span class='ocrx_word' id='word_1_209' title='bbox 258 2600 400 2638; x_wconf 90' lang='lat' dir='ltr'><strong>-cum</strong></span> <span class='ocrx_word' id='word_1_210' title='bbox 428 2578 576 2639; x_wconf 88' lang='lat' dir='ltr'><strong>desit</strong></span> <span class='ocrx_word' id='word_1_211' title='bbox 611 2577 1088 2639; x_wconf 89' lang='lat' dir='ltr'><strong>fundamentum.</strong></span> <span class='ocrx_word' id='word_1_212' title='bbox 1123 2578 1348 2656; x_wconf 86' lang='lat' dir='ltr'><strong>Quibus</strong></span> <span class='ocrx_word' id='word_1_213' title='bbox 1383 2580 1464 2638; x_wconf 90' lang='lat' dir='ltr'><strong>ita</strong></span> <span class='ocrx_word' id='word_1_214' title='bbox 1498 2580 1870 2659; x_wconf 81' lang='lat' dir='ltr'><strong>compositiS‚</strong></span> <span class='ocrx_word' id='word_1_215' title='bbox 1909 2580 1984 2638; x_wconf 91' lang='lat' dir='ltr'><strong>sit</strong></span> 
     </span>
    </p>
   </div>
   <div class='ocr_carea' id='block_1_3' title="bbox 1115 2797 1542 2852">
    <p class='ocr_par' dir='ltr' id='par_1_5' title="bbox 1115 2797 1542 2852">
     <span class='ocr_line' id='line_1_26' title="bbox 1115 2797 1542 2852; baseline 0.002 -2"><span class='ocrx_word' id='word_1_216' title='bbox 1115 2797 1542 2852; x_wconf 88' lang='lat' dir='ltr'><strong>PROPOSITIO.</strong></span> 
     </span>
    </p>
   </div>
   <div class='ocr_carea' id='block_1_4' title="bbox 276 2980 2388 3159">
    <p class='ocr_par' dir='ltr' id='par_1_6' title="bbox 276 2980 2388 3159">
     <span class='ocr_line' id='line_1_27' title="bbox 276 2980 2388 3063; baseline 0.002 -23"><span class='ocrx_word' id='word_1_217' title='bbox 276 2981 422 3040; x_wconf 89' lang='lat' dir='ltr'><strong>Tota</strong></span> <span class='ocrx_word' id='word_1_218' title='bbox 446 2982 788 3039; x_wconf 89' lang='lat' dir='ltr'><strong>substantia</strong></span> <span class='ocrx_word' id='word_1_219' title='bbox 798 2984 984 3061; x_wconf 79' lang='lat' dir='ltr'><strong>panis</strong></span> <span class='ocrx_word' id='word_1_220' title='bbox 997 3001 1070 3039; x_wconf 91' lang='lat' dir='ltr'><strong>ao</strong></span> <span class='ocrx_word' id='word_1_221' title='bbox 1086 2985 1223 3040; x_wconf 82' lang='lat' dir='ltr'><strong>vini</strong></span> <span class='ocrx_word' id='word_1_222' title='bbox 1239 2986 1310 3040; x_wconf 90' lang='lat' dir='ltr'><strong>in</strong></span> <span class='ocrx_word' id='word_1_223' title='bbox 1335 2980 1396 3042; x_wconf 93' lang='lat' dir='ltr'><em>E</em></span> <span class='ocrx_word' id='word_1_224' title='bbox 1399 2982 1740 3042; x_wconf 76' lang='lat' dir='ltr'><strong>uobaristia</strong></span> <span class='ocrx_word' id='word_1_225' title='bbox 1752 3005 1870 3063; x_wconf 77' lang='lat' dir='ltr'><strong>per</strong></span> <span class='ocrx_word' id='word_1_226' title='bbox 1888 2990 2388 3045; x_wconf 84' lang='lat' dir='ltr'><strong>consecrationem</strong></span> 
     </span>
     <span class='ocr_line' id='line_1_28' title="bbox 296 3077 2345 3159; baseline 0.002 -25"><span class='ocrx_word' id='word_1_227' title='bbox 296 3079 673 3135; x_wconf 46' lang='lat' dir='ltr'><strong>»convertitur</strong></span> <span class='ocrx_word' id='word_1_228' title='bbox 691 3080 762 3135; x_wconf 89' lang='lat' dir='ltr'><strong>in</strong></span> <span class='ocrx_word' id='word_1_229' title='bbox 781 3078 1195 3136; x_wconf 82' lang='lat' dir='ltr'><strong>substantiam</strong></span> <span class='ocrx_word' id='word_1_230' title='bbox 1221 3077 1502 3158; x_wconf 80' lang='lat' dir='ltr'><strong>Corporis</strong></span> <span class='ocrx_word' id='word_1_231' title='bbox 1528 3089 1585 3137; x_wconf 89' lang='lat' dir='ltr'><strong>et</strong></span> <span class='ocrx_word' id='word_1_232' title='bbox 1605 3080 1941 3159; x_wconf 66' lang='lat' dir='ltr'><strong>Sanquinis</strong></span> <span class='ocrx_word' id='word_1_233' title='bbox 1961 3083 2043 3140; x_wconf 89' lang='lat' dir='ltr'><strong>D.</strong></span> <span class='ocrx_word' id='word_1_234' title='bbox 2077 3082 2163 3142; x_wconf 87' lang='lat' dir='ltr'><strong>N.</strong></span> <span class='ocrx_word' id='word_1_235' title='bbox 2190 3082 2253 3142; x_wconf 86' lang='lat' dir='ltr'><strong>J.</strong></span> <span class='ocrx_word' id='word_1_236' title='bbox 2285 3087 2345 3140; x_wconf 90' lang='lat' dir='ltr'><strong>C.</strong></span> 
     </span>
    </p>
   </div>
   <div class='ocr_carea' id='block_1_5' title="bbox 267 3262 2387 3447">
    <p class='ocr_par' dir='ltr' id='par_1_7' title="bbox 267 3262 2387 3447">
     <span class='ocr_line' id='line_1_29' title="bbox 351 3262 2387 3344; baseline 0.004 -24"><span class='ocrx_word' id='word_1_237' title='bbox 351 3262 485 3321; x_wconf 85' lang='lat'><strong>135.</strong></span> <span class='ocrx_word' id='word_1_238' title='bbox 533 3264 667 3322; x_wconf 86' lang='lat' dir='ltr'><strong>Haec</strong></span> <span class='ocrx_word' id='word_1_239' title='bbox 701 3265 1017 3344; x_wconf 89' lang='lat' dir='ltr'><strong>propositio</strong></span> <span class='ocrx_word' id='word_1_240' title='bbox 1067 3275 1155 3324; x_wconf 93' lang='lat' dir='ltr'><strong>est</strong></span> <span class='ocrx_word' id='word_1_241' title='bbox 1194 3263 1268 3324; x_wconf 94' lang='lat' dir='ltr'><strong>de</strong></span> <span class='ocrx_word' id='word_1_242' title='bbox 1302 3265 1453 3341; x_wconf 69' lang='lat' dir='ltr'><strong>fide,</strong></span> <span class='ocrx_word' id='word_1_243' title='bbox 1491 3278 1557 3325; x_wconf 90' lang='lat' dir='ltr'><strong>ut</strong></span> <span class='ocrx_word' id='word_1_244' title='bbox 1592 3279 1821 3327; x_wconf 89' lang='lat' dir='ltr'><strong>constat</strong></span> <span class='ocrx_word' id='word_1_245' title='bbox 1848 3291 1921 3329; x_wconf 82' lang='lat' dir='ltr'><strong>ex</strong></span> <span class='ocrx_word' id='word_1_246' title='bbox 1961 3270 2136 3328; x_wconf 91' lang='lat' dir='ltr'><strong>citato</strong></span> <span class='ocrx_word' id='word_1_247' title='bbox 2168 3290 2387 3329; x_wconf 91' lang='lat' dir='ltr'><strong>canone</strong></span> 
     </span>
     <span class='ocr_line' id='line_1_30' title="bbox 267 3357 2385 3447; baseline 0.003 -31"><span class='ocrx_word' id='word_1_248' title='bbox 267 3357 440 3416; x_wconf 87' lang='lat' dir='ltr'><strong>Cone.</strong></span> <span class='ocrx_word' id='word_1_249' title='bbox 478 3357 826 3416; x_wconf 89' lang='lat' dir='ltr'><strong>Tridentini.</strong></span> <span class='ocrx_word' id='word_1_250' title='bbox 855 3359 945 3418; x_wconf 90' lang='lat' dir='ltr'><strong>Sic</strong></span> <span class='ocrx_word' id='word_1_251' title='bbox 981 3381 1122 3420; x_wconf 87' lang='lat' dir='ltr'><strong>vero</strong></span> <span class='ocrx_word' id='word_1_252' title='bbox 1153 3363 1273 3438; x_wconf 90' lang='lat' dir='ltr'><strong>ejus</strong></span> <span class='ocrx_word' id='word_1_253' title='bbox 1303 3362 1614 3423; x_wconf 86' lang='lat' dir='ltr'><strong>veritatem</strong></span> <span class='ocrx_word' id='word_1_254' title='bbox 1643 3364 1705 3423; x_wconf 91' lang='lat' dir='ltr'><strong>in</strong></span> <span class='ocrx_word' id='word_1_255' title='bbox 1731 3366 1934 3447; x_wconf 90' lang='lat' dir='ltr'><strong>primis</strong></span> <span class='ocrx_word' id='word_1_256' title='bbox 1971 3387 2042 3425; x_wconf 83' lang='lat' dir='ltr'><strong>ex</strong></span> <span class='ocrx_word' id='word_1_257' title='bbox 2078 3365 2385 3446; x_wconf 86' lang='lat' dir='ltr'><strong>Scripturis</strong></span> 
     </span>
    </p>
   </div>
   <div class='ocr_carea' id='block_1_6' title="bbox 324 3547 2392 3705">
    <p class='ocr_par' dir='ltr' id='par_1_8' title="bbox 324 3547 2392 3705">
     <span class='ocr_line' id='line_1_31' title="bbox 324 3547 2392 3622; baseline 0.004 -26"><span class='ocrx_word' id='word_1_258' title='bbox 324 3548 399 3615; x_wconf 69' lang='lat' dir='ltr'><strong>(l)</strong></span> <span class='ocrx_word' id='word_1_259' title='bbox 433 3547 612 3613; x_wconf 76' lang='lat' dir='ltr'><strong>Requla</strong></span> <span class='ocrx_word' id='word_1_260' title='bbox 634 3549 788 3613; x_wconf 83' lang='lat' dir='ltr'><strong>fidei,</strong></span> <span class='ocrx_word' id='word_1_261' title='bbox 824 3548 850 3615; x_wconf 55' lang='grc' dir='ltr'>ξ</span> <span class='ocrx_word' id='word_1_262' title='bbox 875 3567 937 3598; x_wconf 84' lang='lat' dir='ltr'><strong>xu</strong></span> <span class='ocrx_word' id='word_1_263' title='bbox 959 3588 973 3611; x_wconf 83' lang='lat'>‚</span> <span class='ocrx_word' id='word_1_264' title='bbox 1010 3569 1060 3599; x_wconf 92' lang='lat' dir='ltr'><strong>n.</strong></span> <span class='ocrx_word' id='word_1_265' title='bbox 1086 3548 1138 3601; x_wconf 83' lang='lat'><strong>5.</strong></span> <span class='ocrx_word' id='word_1_266' title='bbox 1380 3553 1591 3604; x_wconf 81' lang='lat' dir='ltr'><strong>dissentit</strong></span> <span class='ocrx_word' id='word_1_267' title='bbox 1619 3556 1774 3622; x_wconf 86' lang='lat' dir='ltr'><strong>quoad</strong></span> <span class='ocrx_word' id='word_1_268' title='bbox 1794 3558 1859 3605; x_wconf 88' lang='lat' dir='ltr'><strong>rei</strong></span> <span class='ocrx_word' id='word_1_269' title='bbox 1887 3556 2191 3605; x_wconf 78' lang='lat' dir='ltr'><strong>substantiam</strong></span> <span class='ocrx_word' id='word_1_270' title='bbox 2221 3556 2392 3606; x_wconf 79' lang='lat' dir='ltr'><strong>Benar-</strong></span> 
     </span>
     <span class='ocr_line' id='line_1_32' title="bbox 328 3629 2039 3705; baseline 0.004 -25"><span class='ocrx_word' id='word_1_271' title='bbox 328 3631 400 3694; x_wconf 80' lang='lat'><strong>(2)</strong></span> <span class='ocrx_word' id='word_1_272' title='bbox 421 3630 517 3681; x_wconf 85' lang='lat' dir='ltr'><strong>Cfr.</strong></span> <span class='ocrx_word' id='word_1_273' title='bbox 531 3633 598 3680; x_wconf 84' lang='lat' dir='ltr'><strong>In</strong></span> <span class='ocrx_word' id='word_1_274' title='bbox 611 3647 666 3680; x_wconf 89' lang='lat'><strong>111</strong></span> <span class='ocrx_word' id='word_1_275' title='bbox 670 3641 803 3698; x_wconf 84' lang='lat' dir='ltr'><strong>part.</strong></span> <span class='ocrx_word' id='word_1_276' title='bbox 817 3629 876 3681; x_wconf 84' lang='lat' dir='ltr'><strong>S.</strong></span> <span class='ocrx_word' id='word_1_277' title='bbox 906 3632 1075 3681; x_wconf 78' lang='lat' dir='ltr'><strong>Thom.</strong></span> <span class='ocrx_word' id='word_1_278' title='bbox 1097 3636 1295 3703; x_wconf 66' lang='lat' dir='ltr'><strong>tommi,</strong></span> <span class='ocrx_word' id='word_1_279' title='bbox 1381 3639 1535 3687; x_wconf 86' lang='lat' dir='ltr'><strong>minus</strong></span> <span class='ocrx_word' id='word_1_280' title='bbox 1554 3676 1568 3699; x_wconf 91' lang='lat'>,</span> <span class='ocrx_word' id='word_1_281' title='bbox 1599 3639 1688 3688; x_wconf 88' lang='lat' dir='ltr'><strong>loc.</strong></span> <span class='ocrx_word' id='word_1_282' title='bbox 1722 3641 1804 3689; x_wconf 84' lang='lat' dir='ltr'><strong>cit.</strong></span> <span class='ocrx_word' id='word_1_283' title='bbox 1833 3656 1931 3705; x_wconf 81' lang='lat' dir='ltr'><strong>cap.</strong></span> <span class='ocrx_word' id='word_1_284' title='bbox 1964 3637 2039 3688; x_wconf 88' lang='lat'><strong>18.</strong></span> 
     </span>
    </p>
   </div>
   <div class='ocr_carea' id='block_1_7' title="bbox 265 3710 1294 3783">
    <p class='ocr_par' dir='ltr' id='par_1_9' title="bbox 265 3710 1294 3783">
     <span class='ocr_line' id='line_1_33' title="bbox 265 3710 1294 3783; baseline 0.005 -22"><span class='ocrx_word' id='word_1_285' title='bbox 265 3713 388 3778; x_wconf 87' lang='lat' dir='ltr'><strong>disp.</strong></span> <span class='ocrx_word' id='word_1_286' title='bbox 429 3710 515 3762; x_wconf 84' lang='lat'><strong>181</strong></span> <span class='ocrx_word' id='word_1_287' title='bbox 536 3749 554 3778; x_wconf 85' lang='lat'>‚</span> <span class='ocrx_word' id='word_1_288' title='bbox 582 3731 717 3780; x_wconf 87' lang='lat' dir='ltr'><strong>capp.</strong></span> <span class='ocrx_word' id='word_1_289' title='bbox 751 3731 768 3763; x_wconf 90' lang='lat'>1</span> <span class='ocrx_word' id='word_1_290' title='bbox 787 3731 803 3763; x_wconf 88' lang='lat'>1</span> <span class='ocrx_word' id='word_1_291' title='bbox 837 3725 999 3783; x_wconf 84' lang='lat' dir='ltr'><strong>etseq.</strong></span> <span class='ocrx_word' id='word_1_292' title='bbox 1025 3715 1120 3766; x_wconf 85' lang='lat' dir='ltr'><strong>Nec</strong></span> <span class='ocrx_word' id='word_1_293' title='bbox 1141 3716 1200 3767; x_wconf 86' lang='lat' dir='ltr'><strong>ab</strong></span> <span class='ocrx_word' id='word_1_294' title='bbox 1241 3734 1294 3766; x_wconf 84' lang='lat' dir='ltr'><strong>eo</strong></span> 
     </span>
    </p>
   </div>
  </div>
 </body>
</html>
