2502 4186
298 278 417 336 296

908 296 1236 334 TRACTATUS

1280 298 1348 333 DE
1395 299 1770 338 EUCHARISTIA
1780 325 1795 338 .
1861 322 1865 326 —

306 451 367 500 et
400 440 533 514 VII7
572 437 638 496 in
676 435 886 519 quibus
933 438 1359 519 praescribitur7
1400 451 1466 499 ut
1503 441 1610 501 soli
1649 439 1890 501 masculi
1936 442 1998 500 in
2047 443 2172 504 loco
2223 456 2426 505 sancto

310 535 491 595 edant
518 531 592 591 de
626 532 876 593 victimis
896 531 1106 593 oblatis
1130 556 1238 616 pro
1265 536 1532 618 peccatis,
1565 536 1799 596 Accedit
1823 582 1839 612 7
1861 536 2212 598 Sacrificium
2237 542 2426 600 Missae

310 649 434 687 esse
461 627 702 709 insuper
723 638 782 687 et
809 626 1252 690 eucharisticum
1269 675 1286 704 7
1325 635 1484 710 cujus
1507 643 1819 714 propterea
1853 632 2061 692 saltem
2088 634 2422 710 Sacerdotes

310 717 623 805 participes
655 745 777 783 esse
805 722 1045 784 debent.

391 817 535 877 294.
586 818 674 878 Ad
703 819 791 877 2ιὶιὶι
811 865 826 895 7
867 821 1027 879 Dist.
1072 821 1209 880 Sine
1235 818 1840 902 sanguinis'effusione
1877 844 1999 882 non
2027 823 2102 900 fit
2126 825 2432 897 remissio,

287 935 289 937 ·
310 934 474 973 conc.
484 938 506 981 ,-
531 935 654 973 non
665 915 742 992 fit
758 919 1132 975 remissionis
1155 919 1483 998 applicatio
1493 961 1516 990 ,
1542 928 1720 999 prout
1738 919 1916 977 etiam
1931 919 1996 978 fit
2011 919 2072 977 in
2095 919 2393 1000 Baptismo
2414 964 2430 994 7

311 1007 677 1069 absolutione
734 1021 1106 1092 peccatorum
1127 1057 1144 1088 7
1189 1014 1415 1091 jejunio
1439 1058 1454 1088 7
1505 1013 1828 1095 ceterisque
1881 1013 2152 1093 operibus
2204 1014 2435 1074 satisfa-

312 1105 505 1164 ctoriis
521 1151 536 1179 7
574 1127 707 1184 neq.

395 1200 536 1258 295.
583 1199 674 1258 Ad
705 1199 789 1259 3¹1¹
810 1246 826 1276 7
856 1201 1039 1282 Resp.
1069 1204 1424 1264 Sacrificium
1451 1204 1638 1264 Missae
1670 1203 2140 1287 propitiatorium
2174 1225 2296 1264 esse
2326 1205 2438 1266 vir-

313 1306 441 1372 tute
479 1296 752 1355 Sacrificii
785 1299 848 1355 in
891 1319 1059 1358 cruce
1106 1298 1320 1374 oblati7
1364 1299 1524 1382 quod
1559 1301 1985 1360 consummatio
2025 1299 2136 1358 fuit
2170 1300 2437 1359 omnium

319 1391 666 1452 meritorum
698 1391 912 1452 Christi
944 1393 1069 1473 (l);
1097 1416 1206 1454 nec
1228 1406 1429 1455 tamen
1453 1396 1591 1456 inde
1616 1397 1876 1478 sequitur
1896 1442 1912 1471 7
1943 1393 2103 1477 quod
2124 1394 2443 1456 adversarii

319 1486 724 1564 contendunt7
766 1488 1122 1550 insufficiens
1161 1491 1335 1551 fuisse
1383 1492 1736 1551 Sacrificium
1783 1493 1983 1550 crucis,
2034 1492 2185 1550 Nam
2229 1489 2443 1549 Christi

315 1605 476 1643 mors
516 1584 733 1642 meruit
773 1584 1178 1645 remissionem
1217 1598 1623 1668 peccatorum3
1670 1588 2022 1646 Sacrificium
2059 1607 2238 1660 vero7
2285 1583 2444 1666 quod

317 1679 383 1738 in
416 1679 590 1738 Missa
629 1679 906 1757 offertur,
947 1693 1014 1739 ut
1061 1680 1198 1739 alias
1229 1681 1653 1744 declaravimus
1676 1671 1984 1766 ,applicat
2021 1683 2335 1763 unicuique
2377 1682 2441 1740 in

318 1774 655 1858 particulari
689 1775 946 1835 fructum
981 1776 1242 1855 ejusdem
1267 1779 1462 1837 meriti
1488 1824 1503 1854 7
1544 1791 1722 1860 prout
1756 1778 2084 1860 applicatur
2112 1799 2218 1860 per
2253 1779 2446 1837 Sacra-

320 1881 593 1930 mentum
624 1872 902 1952 Baptismi
938 1871 1164 1954 aliaque
1193 1874 1458 1956 superius
1499 1874 1780 1933 recensita
1822 1873 2031 1932 media.

403 1965 544 2023 296.
575 1964 665 2024 Ad
689 1965 772 2022 4¹¹¹
793 2010 808 2040 7
839 1969 1000 2025 Dist.
1031 1967 1234 2041 Quoad
1261 1969 1517 2049 pretium
1539 1969 1959 2051 redemptionis
1979 2015 1995 2047 7
2032 1990 2223 2043 conc.7·
2253 1965 2445 2050 quoad

323 2059 773 2143 applicationem
806 2061 979 2142 pretii
1000 2105 1016 2134 7
1060 2084 1190 2142 noy.

404 2155 547 2215 297.
597 2156 750 2216 Cum
790 2177 932 2219 vero
967 2178 1197 2217 summa
1232 2157 1678 2234 difficultatum,
1714 2180 1857 2242 quas
1887 2157 2203 2223 adversarii
2236 2168 2447 2238 urgent

396 2378 464 2443 (l)
489 2377 758 2427 Notandum
777 2395 912 2443 porro
931 2376 1009 2427 hic
1026 2388 1092 2427 est
1113 2416 1126 2439 7
1143 2381 1348 2428 actiones

326 2462 518 2529 quidem
538 2460 743 2524 singulas
760 2459 930 2508 Christi
960 2461 1150 2509 Domini
1169 2479 1250 2526 per
1268 2479 1316 2509 se
1331 2497 1346 2524 7

316 2563 410 2601 ¹seu
443 2547 638 2611 seposito
666 2543 812 2592 Patris
834 2543 1014 2592 decreto
1028 2579 1044 2602 ,
1075 2544 1217 2592 fuisse
1251 2561 1349 2592 me-

329 2630 408 2677 riti
435 2644 489 2675 ac
519 2627 686 2675 valoris
714 2625 890 2676 infiniti
912 2663 925 2686 7
959 2635 1120 2691 utpote
1149 2628 1350 2674 actiones

327 2700 620 2759 theandricas
639 2726 653 2772 ;
671 2725 814 2775 quare
833 2725 1127 2774 unaquaeque
1141 2708 1350 2757 sufficere

330 2795 554 2858 potuisset
581 2791 644 2839 ad
667 2792 898 2839 mundum
916 2790 1242 2838 redimendum
1259 2828 1272 2849 7
1296 2807 1350 2838 ac

266 2875 278 2885 “
330 2885 571 2940 propterea
614 2875 752 2921 etiam
795 2873 1018 2921 Sacrificii
1061 2873 1349 2921 eucharistici

328 2942 557 3006 institutio
604 2958 840 3004 meritoria
877 2955 967 3002 fuit
1018 2961 1065 3003 et
1098 2954 1265 3003 idonea
1294 2954 1353 3002 ad

334 3041 547 3087 omnium
580 3047 764 3093 peccata
796 3036 1015 3085 delenda.
1048 3036 1133 3084 Ast
1161 3053 1267 3084 vero
1296 3053 1351 3084 ex

333 3118 480 3169 Patris
509 3120 690 3168 decreto
719 3121 817 3184 ipsa
839 3135 960 3166 mors
978 3128 1073 3167 erat
1092 3136 1118 3166 a
1132 3117 1247 3165 Filio
1265 3116 1351 3164 Dei

335 3202 578 3251 subeunda
598 3238 612 3261 7
648 3212 700 3250 ut
736 3201 940 3249 mundus
971 3200 1272 3248 redimeretur
1301 3215 1353 3246 ac

336 3284 609 3333 tollerentur
636 3285 790 3331 omnia
819 3292 1003 3347 peccata
1038 3290 1229 3342 nostra3
1263 3282 1352 3328 nisi

336 3366 532 3431 proinde
571 3363 781 3412 Christus
825 3374 1035 3411 mortuus
1075 3372 1189 3411 esset
1213 3400 1226 3422 7
1267 3379 1353 3411 nec

339 3449 489 3498 deleta
505 3449 701 3497 fuissent
717 3463 798 3512 per
813 3449 1011 3495 actiones
1036 3444 1136 3512 ejus
1153 3446 1352 3512 reliquas

336 3540 525 3596 peccata
541 3567 554 3590 7
572 3547 658 3578 nec
672 3529 876 3577 mundus
896 3529 1054 3577 fuisset
1071 3529 1350 3593 redemptus.

334 3612 437 3678 Quo
455 3630 592 3661 sensu
611 3613 787 3676 scripsit
801 3609 1064 3676 Apostolus,
1083 3609 1226 3658 Hebr.
1247 3626 1349 3676 v79:

331 3695 386 3744 Ε
387 3704 405 3742 t
424 3702 779 3743 consummatus
806 3693 1083 3758 (Christus)
1108 3692 1267 3756 factus
1284 3700 1352 3739 est

331 3777 554 3827 omnibus
594 3775 1028 3842 obtemperantibus
1064 3774 1164 3822 sibi
1202 3790 1351 3823 causa

1429 2378 1600 2428 salutis
1632 2388 1844 2429 wiernae.
1877 2379 2084 2445 Ideoque
2114 2379 2326 2428 Christus
2353 2379 2449 2427 solo

1429 2461 1667 2510 Sacrificio
1693 2479 1830 2510 coenae
1860 2460 1995 2509 nobis
2024 2478 2121 2509 non
2152 2461 2351 2509 obtinuit
2376 2478 2451 2509 re-

1429 2547 1698 2593 missionem
1756 2553 2070 2608 peccatorum.
2115 2541 2405 2607 Quapropter
2431 2579 2445 2602 7

1430 2630 1511 2694 qui
1547 2627 1606 2675 ad
1638 2626 1944 2675 evincendam
1982 2627 2199 2675 virtutem
2231 2625 2448 2687 propitia-

1429 2711 1598 2757 toriam
1627 2707 1847 2755 Sacrificii
1873 2709 1923 2755 in
1941 2723 2068 2755 coena
2087 2706 2228 2754 oblati
2246 2705 2449 2754 afferunt

1428 2790 1568 2839 verba
1589 2827 1602 2848 7
1637 2794 1739 2856 qu'ae
1770 2789 1978 2836 Christus
1998 2789 2187 2853 protulit
2216 2791 2265 2835 in
2289 2804 2449 2837 conse-

1429 2875 1633 2920 cratione
1663 2870 1815 2919 calicis
1835 2905 1850 2931 7
1885 2872 1973 2935 qui
2004 2887 2098 2935 pro
2126 2870 2260 2918 vobis
2289 2871 2448 2937 effun-

1430 2953 1596 3012 ditur,
1628 2956 1759 3019 juxta
1799 2968 1998 3017 graecam
2041 2953 2286 3002 lectionem
2308 2990 2321 3013 7
2353 2970 2449 3000 non

1429 3035 1646 3083 videntur
1697 3037 1806 3083 satis
1861 3035 2009 3083 solida
2065 3037 2240 3083 ratione
2286 3037 2446 3083 inniti.

1429 3117 1618 3165 Accedit
1645 3153 1659 3176 7
1703 3119 1881 3165 etiamsi
1934 3118 2219 3165 evinceretur
2273 3115 2452 3164 Sacrifi-

1431 3200 1558 3246 cium
1587 3215 1728 3247 coenae
1747 3199 1886 3247 fuisse
1903 3197 1991 3246 hoc
2008 3216 2142 3246 sensu
2162 3200 2447 3246 meritorium

1432 3290 1476 3328 et
1504 3282 1867 3345 propitiatorium
1890 3317 1903 3341 7
1932 3298 2027 3328 non
2058 3280 2167 3328 inde
2192 3291 2348 3329 tamen
2373 3282 2449 3327 iu-

1432 3362 1537 3410 ferri
1567 3381 1728 3427 posse,
1759 3365 1898 3411 etiam
1918 3365 2205 3410 meritorium
2234 3372 2277 3411 et
2301 3363 2448 3426 propi·

1431 3447 1666 3493 tiatorium
1695 3462 1790 3493 esse
1819 3442 2103 3493 Sacrificium
2134 3444 2312 3500 Missae3
2338 3460 2448 3490 nam

1432 3527 1642 3575 Christus
1657 3529 1706 3575 in
1736 3544 1882 3589 coena,
1905 3537 2061 3592 utpote
2087 3527 2238 3574 adhuc
2266 3527 2412 3572 viator
2432 3562 2445 3586 7

1431 3611 1599 3658 mereri
1647 3619 1824 3674 poterat
1852 3646 1866 3669 7
1906 3627 2002 3657 non
2043 3610 2156 3656 item
2200 3624 2303 3655 vero
2347 3616 2450 3671 post

1432 3701 1628 3740 mortem
1653 3728 1667 3753 7
1708 3694 1759 3740 in
1798 3709 1890 3758 qua
1931 3707 2068 3740 omne
2103 3690 2317 3737 meritum
2349 3685 2450 3754 ejus

1432 3774 1586 3823 desiit.
