2502 4186
278 235 402 295 242
916 250 1232 291 TRACTATUS
1276 250 1344 286 nn
1387 249 1787 288 coctumst-u.

364 398 499 458 193.
552 397 793 454 Constat
849 392 1023 471 igitur
1088 390 1422 450 certissimis
1478 389 1845 449 document-is
1869 435 1886 467 ,
1946 413 2251 475 nunquam
2301 397 2406 454 Ec-

278 495 509 554 clesiam
539 489 831 568 judicasse
853 533 869 562 ,
912 487 1392 547 communionem
1414 485 1523 544 sub
1551 497 1799 566 utraque
1823 487 2012 567 specie
2046 489 2318 549 omnibus
2344 502 2403 550 et

273 587 509 667 singulis
534 584 920 645 necessariam
954 604 1079 643 esse
1114 582 1190 642 ad
1225 581 1514 656 salutem,
1555 593 1658 640 aut
1684 581 1921 664 aliquod
1957 582 2173 643 Christi
2207 598 2405 646 extare

272 693 632 765 praeceptum
652 726 669 757 ,
712 701 828 762 quo
873 678 948 739 ad
978 700 1108 739 eam
1139 677 1340 738 fideles
1380 698 1583 737 omnes
1617 676 1925 757 adigantur
1957 677 2070 759 (l).

1095 866 1581 910 DIFFICULTATES.

358 1025 493 1086 194.
539 1023 675 1106 Obj.
712 1025 924 1107 prima.
968 1024 1032 1081 10
1063 1021 1234 1096 Quod
1267 1021 1531 1082 Christus
1547 1024 1675 1097 jam
1712 1035 2073 1104 praeceperat
2107 1026 2171 1083 in
2209 1023 2404 1086 verbis

272 1120 673 1206 promissionis
695 1165 713 1194 ‚
742 1122 915 1179 Joan.
950 1120 1025 1178 VI
1045 1164 1061 1194 ,
1092 1117 1171 1176 54
1201 1140 1215 1176 2
1262 1117 1413 1178 Nisi
1436 1117 1959 1177 manducaveritis
2008 1120 2266 1179 Carnem
2284 1121 2413 1199 filii

274 1220 538 1278 hominis
567 1227 623 1275 et
653 1217 932 1275 biberitis
970 1219 1100 1294 ejus
1145 1215 1524 1292 Sanquinem
1540 1256 1564 1284 ,
1614 1235 1737 1272 ozon
1770 1213 2063 1272 habebitis
2111 1220 2300 1274 vitam
2337 1220 2409 1274 in

278 1316 439 1374 vobis
452 1357 475 1386 ,
499 1313 568 1370 20
588 1309 784 1372 denuo
809 1308 1063 1369 inculcat
1085 1309 1149 1367 in
1175 1307 1369 1368 verbis
1390 1307 1798 1382 institutionis7
1821 1308 2035 1368 Matth.
2064 1311 2248 1368 XXVI
2265 1355 2281 1384 ‚
2298 1311 2406 1387 27,

271 1408 468 1467 dicens
501 1430 514 1466 ε
549 1408 751 1467 Bibz'te
785 1428 857 1464 em
890 1406 996 1464 hoc
1037 1425 1258 1463 omnes.
1306 1403 1371 1462 3⁰
1411 1404 1552 1476 Quae
1598 1403 1776 1464 verba
1815 1426 2021 1465 verum
2058 1404 2408 1464 mandatum

273 1504 581 1563 continent
605 1524 726 1560 non
751 1521 913 1560 secus
939 1521 1009 1558 ac
1028 1499 1362 1581 superiora:
1387 1499 1658 1578 Accipite
1680 1509 1736 1557 et
1753 1501 2119 1559 manducate
2129 1525 2149 1567 ;
2179 1499 2245 1558 4ο
2263 1500 2405 1576 imo,

272 1600 359 1658 uti
407 1598 680 1663 observat
732 1596 1060 1670 LutlierUS.,
1119 1594 1452 1677 praevidens
1507 1593 1772 1653 Christus
1818 1594 2042 1677 aliquos
2090 1594 2407 1677 aliquando

272 1695 533 1767 futurOS,
570 1694 670 1774 qui
713 1691 936 1753 vellent
972 1690 1174 1749 fideles
1216 1712 1247 1748 a
1289 1689 1464 1748 calice
1507 1709 1738 1766 arcere,
1783 1690 1846 1748 in
1883 1689 2003 1751 sola
2042 1691 2410 1773 porrectione

275 1788 464 1849 calicis
504 1789 653 1847 dixit
683 1811 696 1846 :
731 1789 933 1847 Bibite
973 1808 1045 1845 ρας
1081 1788 1186 1845 Ιιοο
1222 1807 1420 1845 omnes
1445 1808 1469 1852 ,·
1510 1783 1575 1841 5⁰
1610 1787 1935 1866 praesertim
1974 1808 2109 1845 cum
2147 1785 2408 1869 Apostoli

274 1897 416 1945 tunc
449 1883 651 1944 fideles
693 1906 898 1943 omnes
942 1891 1450 1964 repraesentarent.
1502 1882 1667 1960 Ergo.

357 1981 495 2040 195.
546 1982 718 2062 Resp.
751 1979 826 2038 ad
851 1980 929 2037 1m
951 2024 967 2053 a
992 1979 1148 2036 Dist.
1168 1978 1254 2035 Ita
1273 1987 1340 2034 ut
1359 1974 1611 2034 adducta
1637 1974 1850 2034 Christi
1883 1975 2060 2036 verba
2090 1976 2406 2057 respiciant

271 2100 399 2138 rem
430 2074 777 2135 sumendam
798 2121 814 2148 7
845 2095 1030 2140 conc.,·
1064 2071 1309 2131 modum
1349 2069 1654 2145 sumendi,
1696 2092 1823 2150 neq.
1874 2070 2076 2130 Talem
2113 2093 2252 2130 sane
2283 2093 2407 2151 ger-

273 2194 521 2232 manum
546 2193 670 2231 esse
699 2169 1017 2231 verborum
1051 2168 1268 2228 Christi
1304 2188 1542 2227 sensum
1565 2212 1580 2241 a
1608 2178 1808 2247 aperte
1840 2166 2164 2226 ostendunt
2188 2167 2410 2226 Christi

270 2290 475 2351 scopus
502 2279 562 2327 et
589 2267 864 2326 orationis
907 2266 1102 2324 series,
1145 2265 1362 2345 Scopus
1408 2263 1570 2323 enim
1595 2261 1811 2322 Christi
1836 2307 1853 2338 7
1884 2265 2059 2322 Joan.
2090 2263 2166 2322 VI
2185 2308 2200 2338 7
2252 2259 2362 2321 fuit
2385 2307 2403 2338 ,

276 2365 623 2447 promittere
678 2361 1104 2421 Eucharistiam
1131 2404 1148 2435 ‚
1202 2364 1443 2440 ejusque
1488 2357 1782 2417 inculcare
1838 2358 2282 2432 necessitatem,
2344 2368 2404 2416 et

286 2461 505 2519 fructus
540 2479 833 2541 exponere
854 2504 870 2533 ,
906 2457 993 2515 uti
1038 2456 1304 2538 superius
1343 2454 1726 2514 ostendimus.
1757 2453 2052 2513 Orationis
2093 2454 2303 2513 seriem
2341 2451 2403 2510 id

278 2577 468 2614 unum
525 2555 745 2637 pariter
790 2573 1133 2634 exposcere7
1183 2549 1414 2609 collatio
1461 2560 1732 2608 textuum
1772 2550 1929 2608 inter
1982 2569 2043 2607 se
2086 2546 2401 2606 clarissime

272 2650 514 2713 evincit.
579 2648 859 2730 Apposite
915 2644 1163 2729 proinde
1203 2644 1531 2704 Tridentini
1577 2646 1776 2702 Patres
1821 2642 2137 2703 observant
2167 2689 2182 2718 ,
2206 2643 2401 2724 ipsum

342 2922 403 2987 (l)
429 2921 523 2970 Cfr.
542 2920 810 2970 Bellarmin.
840 2917 921 2966 De
937 2917 1100 2967 Euch.
1120 2917 1210 2966 lib.
1230 2935 1298 2978 lv,
1383 2917 1592 2982 quinque
1622 2925 1778 2980 postea
1813 2917 1966 2964 secula
1996 2918 2046 2964 in
2088 2917 2279 2966 ecclesia
2308 2918 2407 2966 lati-

271 3023 380 3072 cap.
405 3003 501 3069 243
531 3004 720 3053 Bossuet
739 3041 755 3064 ,
790 3002 961 3050 Traite
993 3000 1051 3049 de
1079 3000 1128 3048 la
1156 2999 1300 3048 Com·
1382 3015 1442 3046 na
1466 3035 1479 3057 ,
1506 2997 1555 3044 id
1583 3009 1683 3058 est,
1713 3015 1861 3063 usque
1879 2998 1937 3046 ad
1956 3015 2049 3046 sec.
2076 3014 2164 3046 xm
2185 3037 2198 3059 ,
2227 3017 2405 3049 morem

275 3088 481 3135 munion
507 3102 616 3134 sous
637 3084 702 3133 les
723 3085 847 3133 deux
871 3085 1053 3149 especes
1070 3099 1091 3144 ‚·
1114 3079 1300 3131 Pellicia
1382 3080 1640 3128 obtinuisse
1670 3081 1932 3145 porrigendi
1965 3081 2161 3128 infirmis
2198 3081 2402 3131 hostiam

274 3186 351 3233 op.
378 3178 422 3218 et
440 3169 547 3216 diss.
568 3171 647 3216 cit.
679 3167 762 3218 ubi
796 3185 897 3232 pag,
934 3162 999 3229 78
1019 3174 1063 3214 et
1085 3181 1190 3230 seq.
1219 3162 1296 3211 lu·
1380 3161 1613 3228 Sanguine
1629 3165 1873 3211 intinctam
1895 3199 1909 3222 ,
1929 3163 1994 3210 ob·
2008 3163 2280 3227 quamdam,
2299 3179 2402 3229 quae

274 3249 482 3300 colenter
495 3249 726 3307 ostendit,
752 3257 801 3295 ιο
829 3258 1095 3312 nunae'quam
1113 3254 1158 3293 et
1171 3260 1291 3292 nus·
1375 3247 1494 3293 inter
1530 3246 1735 3294 doctores
1771 3245 2011 3308 praevaluit
2032 3282 2045 3304 ‚
2102 3247 2367 3308 opinionem
2385 3263 2400 3307 ;

267 3333 409 3398 piam
425 3330 635 3380 absoluta
655 3331 842 3395 liturgia
857 3339 1128 3378 asservatam
1148 3328 1291 3375 fuisse
1374 3331 1454 3394 qui
1480 3346 1577 3376 mos
1591 3329 1784 3376 demum
1800 3329 1981 3391 penitus
1997 3325 2264 3390 evanuit.4⁰
2283 3327 2400 3374 Tam

277 3403 710 3464 Eucharistiam-sub
729 3414 878 3477 specie
892 3414 1007 3460 vini.
1028 3410 1290 3475 2⁰Aprimo
1373 3410 1551 3458 Graecos
1597 3428 1737 3476 quam
1779 3409 2030 3475 Abyssinos
2081 3418 2126 3456 et
2178 3407 2350 3472 Coptos
2372 3444 2391 3469 ,

276 3496 493 3545 Ecclesiae
537 3495 692 3544 seculo
727 3511 875 3560 usque
902 3494 958 3541 ad
999 3510 1063 3540 vu
1082 3527 1099 3552 ,
1130 3490 1286 3539 ullum
1369 3494 1572 3559 aliosque
1607 3492 1848 3541 orientales
1871 3529 1885 3552 ‚
1924 3510 1950 3540 a
1979 3491 2139 3556 primis
2167 3492 2396 3554 tempori-

276 3580 463 3643 reperiri
487 3576 756 3642 exemplum
787 3576 1128 3623 communionis
1160 3574 1285 3621 infir·
1368 3574 1456 3623 bus
1486 3573 1547 3622 ad
1571 3593 1656 3623 nos
1690 3592 1839 3640 usque
1864 3574 2209 3622 administrasse
2238 3580 2283 3620 et
2308 3572 2393 3619 ad-

275 3678 459 3710 moram
478 3659 566 3709 sub
582 3669 779 3724 utraque
797 3660 966 3723 specie,
991 3674 1143 3723 neque
1161 3656 1285 3721 apud
1369 3655 1626 3705 ministrare
1654 3656 1992 3704 Eucharistiam
2024 3654 2112 3703 cub
2134 3652 2232 3702 sola
2242 3654 2397 3720 panis

267 3740 448 3791 *Graecos
469 3760 621 3809 neque
659 3740 785 3807 apud
834 3740 1042 3789 Latinos.
1104 3739 1156 3787 3⁰
1199 3737 1285 3788 Per
1368 3740 1537 3805 specie.
1567 3738 1729 3805 Ipsum
1759 3738 1852 3788 adi.
