2502 4186
2087 249 2167 309 43

615 280 736 318 GAP.
781 280 857 317 lv.
906 280 975 315 DE
1017 276 1268 314 BAPTISMI
1307 274 1595 312 SUBJECTO.

81 424 296 479 tatione
311 461 334 491 ,
370 420 525 497 quid
553 430 634 478 est
671 408 832 478 illud
855 419 1048 498 quod,
1075 417 1315 494 quando
1347 416 1432 473 ad
1449 416 1768 494 Baptisma
1796 413 2166 491 offeruntur,

71 535 184 592 pro
215 518 298 572 eis
311 523 589 592 parentes
616 524 904 591 tanquam
924 511 1287 590 fidedictores
1314 508 1666 587 respondent
1690 517 1747 565 et
1764 507 1981 565 dicunt
1991 549 2014 578 ,
2038 507 2172 564 illos

42 610 47 619 ’
69 612 267 687 facere
289 653 304 681 ,
334 608 494 686 quod
527 618 668 665 oetas
705 611 958 686 cogitare
991 625 1111 662 non
1130 613 1359 682 potest,
1393 613 1505 660 aut
1541 606 1598 660 si
1611 611 1804 680 potest
1823 644 1845 672 ,
1875 602 2168 659 occultum

78 713 160 760 est
175 746 197 773 ,
241 713 348 760 etc.
401 698 487 780 (l)
509 699 539 759 ⁴?
582 699 738 759 Adeo
772 721 911 762 vero
959 717 1166 778 parum
1212 707 1382 776 apte,
1415 696 1895 754 inconvenienter
1929 695 2072 754 adeo
2112 704 2172 753 et

77 795 278 875 frigide
293 840 308 868 7
338 795 610 875 inquiunt
626 794 1012 875 Anabaptistae
1031 834 1046 863 ,
1074 790 1178 848 has
1201 789 1567 848 difficultates
1585 789 1757 849 solvit
1777 789 2128 868 Augustinus
2150 831 2168 858 ‚

86 900 151 948 ut
175 889 399 947 nemini
427 888 748 949 satisfacere
785 887 1066 950 videatur.
1104 884 1254 942 Dicit
1279 885 1435 942 enim
1457 929 1472 958 .‚
1497 883 1769 965 parvulos
1806 904 1924 941 non
1958 882 2172 941 habere

78 984 254 1044 fidem
290 987 643 1044 Sacramenti
670 1030 687 1062 ,
727 983 938 1043 habere
974 993 1173 1039 tamen
1201 979 1336 1039 fidei
1377 981 1851 1051 Sacramentum3
1894 978 1980 1036 uti
2016 998 2175 1035 nune

80 1078 289 1137 dicitur
309 1124 324 1150 ,
355 1078 568 1139 habere
605 1100 699 1139 eos
734 1075 908 1135 fidem
928 1120 944 1151 2
973 1097 1093 1134 non
1129 1073 1414 1134 actualem
1436 1120 1452 1148 ,
1485 1075 1587 1133 sed
1620 1072 1977 1134 habitualem
2005 1097 2021 1145 ς
2050 1091 2179 1153 quae

81 1173 359 1254 quidnam
389 1175 494 1247 sit,
523 1194 583 1232 se
604 1169 920 1250 intelligere
952 1191 1071 1228 non
1096 1191 1262 1251 posse
1284 1215 1300 1244 ,
1330 1169 1643 1231 adversarii
1668 1169 1777 1251 ipsi
1805 1169 2174 1250 profitentur.

80 1267 245 1346 Ergo·

163 1362 261 1422 99.
309 1363 478 1441 Resp.
524 1357 611 1418 Ad
635 1359 715 1418 1m
747 1359 894 1439 Neq.
924 1369 1111 1432 antec,
1135 1358 1210 1417 ad
1239 1358 1339 1417 1¹¹¹.
1370 1355 1538 1439 prob.
1571 1360 1733 1418 Dist.
1768 1355 1835 1415 Id
1860 1356 2179 1416 observant

83 1465 281 1514 contra
301 1473 532 1512 omnem
555 1453 892 1531 veritatem,
916 1474 949 1512 a
963 1453 1153 1512 nescio
1172 1475 1287 1533 quo
1308 1453 1515 1534 spiritu
1537 1450 1722 1510 ductis
1751 1450 2141 1532 Anabaptistis
2158 1495 2176 1525 ‚

83 1569 181 1607 seu
205 1548 393 1631 potius
416 1546 728 1606 Socinianis
756 1548 1079 1609 velificandi
1101 1592 1118 1622 ,
1151 1568 1342 1613 comm
1361 1550 1528 1624 juxta
1557 1546 1639 1605 rei
1666 1545 1976 1605 veritatem
1995 1589 2010 1618 7
2044 1566 2176 1623 neq.

82 1643 164 1700 Ex
201 1642 267 1699 iis
303 1642 460 1700 enim
480 1687 497 1714 ,
551 1663 680 1724 quae
714 1643 974 1723 superius
1005 1641 1352 1722 protulimus
1378 1686 1394 1714 .‚
1429 1639 1790 1700 documentis
1824 1639 2182 1697 contrarium

78 1735 317 1793 omnino
340 1747 582 1794 constat.
613 1736 881 1817 Alioquin
910 1757 1016 1796 nec
1048 1735 1120 1795 de
1149 1735 1467 1794 infantium
1501 1735 1798 1816 Baptismo
1826 1743 2176 1812 conquestus

82 1841 231 1887 esset
260 1830 678 1904 Tertullianus3
711 1853 900 1912 neque
936 1852 1007 1889 ex
1037 1829 1352 1890 universali
1378 1831 1543 1911 praxi
1572 1830 1824 1887 infantes
1847 1825 2184 1908 baptizandi

82 1923 440 2002 collegissent
467 1927 663 1983 Patres
708 1925 1031 1983 doctrinam
1074 1924 1147 1984 de
1183 1934 1417 2005 peccato
1454 1923 1750 2003 originali3
1793 1943 1984 2003 neque
2019 1921 2184 1980 Pela-

83 2018 232 2095 giani
263 2023 393 2095 jure
418 2019 666 2078 infantes
692 2019 969 2100 baptizari
992 2021 1406 2078 concessissent
1431 2064 1446 2093 ,
1480 2019 1688 2077 saltem
1716 2017 1790 2076 ad
1811 2039 2053 2097 regnum
2080 2017 2186 2073 Dei

85 2113 554 2194 consequendum
587 2114 715 2194 (2),
746 2136 853 2174 nec
885 2113 956 2174 de
995 2114 1419 2195 susceptoribus
1450 2113 1763 2172 infantium
1793 2124 1881 2171 tot
1904 2123 2189 2192 tantaque

89 2216 355 2265 extarent
381 2209 440 2265 in
463 2220 722 2270 veterum
760 2210 995 2267 Patrum
1023 2210 1248 2290 scriptis
1279 2219 1336 2267 et
1375 2209 1436 2266 in
1464 2209 1714 2289 antiquis
1756 2207 2037 2286 liturgiis3
2078 2226 2186 2266 nec

90 2298 160 2356 de
189 2300 503 2359 infantibus
540 2300 841 2382 baptizatis
874 2303 1082 2360 referta
1111 2314 1256 2361 esset
1285 2314 1548 2362 veterum
1582 2314 1912 2384 temporum
1942 2302 2184 2360 historia

89 2413 208 2450 non
235 2395 427 2453 minus
442 2417 616 2477 quam
633 2395 1016 2455 recentiorum
1043 2395 1150 2477 (3).
1179 2397 1296 2454 Hos
1320 2406 1579 2454 auctores
1605 2397 1838 2476 decepit
1861 2395 2189 2454 multorum

158 2598 223 2660 (1)
249 2596 384 2665 Apud
412 2597 460 2647 S.
494 2598 689 2664 August.
722 2598 883 2666 Epist.
921 2616 1088 2659 xcviii,

90 2697 137 2726 n.
154 2695 197 2746 7.
923 2736 926 2740 ,

160 2761 225 2822 (2)
261 2759 380 2809 Sane
411 2760 648 2810 Caelestius
685 2764 779 2826 ipse
815 2765 866 2810 in
896 2761 1087 2823 libello,

98 2858 232 2904 quem
257 2842 414 2889 Romae
443 2844 613 2903 edidit,
646 2844 787 2891 fassus
801 2850 868 2892 est
889 2882 901 2904 ‚
923 2846 1095 2897 infan-

99 2929 164 2968 tes
195 2921 429 2986 baptizari
456 2926 508 2971 in
539 2926 860 2972 remissionem
881 2934 1097 2990 peccato-

99 3018 207 3048 rum
226 3039 239 3061 ‚
267 3004 522 3052 secundum
549 3006 762 3070 reyulum
800 3006 1098 3055 Universalis

101 3081 333 3131 Ecclesiae
363 3093 406 3132 et
428 3087 687 3134 secundum
714 3087 980 3152 Evanqelii
1018 3088 1101 3136 do·-

102 3167 307 3213 ctrinam
330 3183 344 3227 ;
367 3176 419 3212 ut
434 3155 569 3216 rere'r‘t
584 3170 636 3220 S.
663 3171 778 3235 Aug.
795 3171 875 3219 lib.
893 3171 972 3220 De
988 3187 1100 3236 pee-

102 3255 205 3293 cato
227 3248 401 3310 origin.
427 3265 528 3311 cap.
551 3248 601 3299 5.

152 3327 218 3391 (3)
237 3329 878 3392 (fr.Joan.Gerard.Vossius,
896 3333 1097 3397 Disput.

101 3425 175 3456 xxv
197 3409 252 3456 de
271 3408 517 3475 Baptismo
537 3429 558 3472 ,·
578 3415 657 3477 qui
674 3414 911 3478 diligenter
923 3415 1103 3479 collegit

101 3488 288 3539 Patrum
326 3510 567 3556 graecorum
611 3504 653 3541 et
695 3495 940 3542 latinorum
980 3498 1103 3543 testi-

102 3575 255 3620 monia
276 3592 361 3622 nec
377 3592 472 3622 non
490 3575 800 3623 Conciliorum
818 3577 1105 3624 auctoritates

102 3671 266 3720 magno
291 3674 483 3705 numero
518 3675 598 3722 pro
626 3657 999 3723 paedobaptismo.
1037 3656 1106 3705 Ex

103 3732 174 3781 his
210 3753 343 3800 porro
371 3741 534 3787 erroris
578 3741 782 3803 arguitur
820 3737 1107 3788 Walafridus

1176 2597 1368 2659 Strabo,
1389 2617 1476 2647 nec
1498 2616 1593 2647 non
1623 2597 1837 2648 Suicerus
1854 2636 1867 2659 ‚
1899 2602 1979 2666 qui
2006 2600 2098 2648 loc.
2129 2602 2193 2648 cit

1178 2682 1372 2731 scribere
1399 2698 1496 2729 non
1531 2681 1760 2729 dubitavit
1812 2697 1826 2728 ε
1861 2677 2047 2728 Primis
2076 2680 2197 2728 duo-

1180 2763 1267 2810 bus
1294 2761 1467 2810 seculis
1492 2778 1631 2810 nemo
1661 2760 1970 2827 Baptismum
1990 2763 2199 2827 accipie-

1178 2844 1288 2903 bat,
1329 2845 1432 2891 nisi
1465 2845 1583 2907 qui,
1633 2844 1690 2890 in
1725 2843 1821 2907 fide
1859 2845 2121 2891 instructus
2150 2852 2197 2891 et

1181 2927 1399 2975 doctrina
1424 2920 1606 2974 Christi
1633 2926 1843 2974 imbutus
1862 2963 1878 2988 ‚
1906 2928 2073 2973 testari
2083 2943 2197 2991 pos-

1182 3017 1271 3067 set,
1303 3025 1352 3055 se
1378 3008 1561 3056 credere
1581 3016 1775 3073 propter
1802 3007 1887 3055 illa
1911 3008 2052 3055 verba
2075 3045 2087 3066 ‚
2109 3008 2199 3071 qui

1183 3090 1439 3137 crediderit
1476 3098 1521 3137 et
1553 3089 1829 3154 baptizatus
1851 3089 2022 3153 fuerit.
2057 3087 2108 3136 Ε
2110 3104 2195 3153 rqo

1180 3174 1323 3237 prius
1349 3181 1450 3219 erat
1475 3171 1680 3219 credere.
1706 3171 1820 3219 ltem
1841 3174 2002 3218 erroris
2034 3188 2201 3235 expos-

1186 3254 1359 3301 tulatur
1403 3252 1618 3313 Grotius,
1669 3256 1750 3319 qui
1778 3255 1944 3317 pariter
1984 3250 2074 3300 loc.
2115 3254 2193 3300 cit.

1187 3335 1343 3383 scribit
1372 3352 1387 3383 ε
1415 3334 1626 3382 Videtur
1648 3343 1805 3382 autem
1840 3334 1965 3382 mihi
1988 3334 2202 3398 antiqui-

1188 3425 1264 3464 tus
1293 3414 1570 3481 Baptismus
1585 3416 1845 3480 infantium
1870 3415 2016 3463 multo
2045 3414 2201 3476 maqis

1188 3500 1243 3545 in
1288 3498 1464 3561 Africa
1519 3515 1662 3562 quam
1719 3499 1775 3545 in
1830 3495 1955 3544 Asia
1998 3494 2204 3557 aliisque

1190 3578 1366 3625 niundi
1399 3578 1621 3643 partibus
1655 3578 1809 3642 fuisse
1837 3578 2163 3641 frequentatus
2184 3611 2198 3632 ‚

1190 3669 1235 3706 et
1250 3676 1360 3707 cum
1374 3661 1548 3723 majori
1561 3659 1768 3725 quadam
1784 3657 2080 3705 necessitatis
2098 3655 2202 3719 opi-

1186 3741 1349 3790 nione.
1375 3740 1434 3788 Et
1455 3741 1592 3805 paulo
1623 3750 1723 3805 post
1757 3756 1771 3787 z
1807 3736 2084 3787 Graecorum
2102 3735 2205 3802 ple-
