2502 4186
771 216 892 256 car.
941 217 1032 255 111.
1081 217 1148 252 nn
1191 212 1576 253 conrssssmnu.
2114 187 2232 251 433

126 358 456 419 testimonia
491 357 809 418 ostendunt
848 357 1086 439 quidem
1120 377 1411 416 summam
1449 354 1855 415 difficultatem
1892 375 1994 414 seu
2029 375 2226 414 mora-

125 453 241 513 lem
278 451 804 534 impossibilitatem
839 449 1175 511 obtinendae
1208 450 1561 509 remissionis
1600 472 1672 509 ex
1706 447 1935 509 defectu
1978 448 2227 530 disposi-

125 548 300 606 tionis
331 549 391 606 in
411 549 655 608 istorum
684 546 994 606 criminum
1017 544 1128 603 reis
1149 589 1164 618 ,
1205 543 1362 625 quod
1385 566 1508 603 non
1536 543 1855 603 diffitemur
1875 588 1892 618 ,
1930 564 2226 625 quaecum-

124 664 238 723 que
274 642 511 702 demum
542 652 775 720 peccata
805 661 869 700 ea
898 642 1014 698 sint
1041 639 1129 718 (1)
1152 684 1167 712 ,
1207 638 1280 696 de
1307 637 1517 719 quibus
1543 659 1733 697 sermo
1761 649 1848 698 est
1873 638 1937 697 in
1966 638 2229 698 adductis

123 735 509 806 testimoniis;
561 734 723 793 nullo
767 750 917 795 vero
948 731 1124 792 modo
1163 733 1462 812 attingunt
1510 732 1799 792 defectum
1831 733 2130 797 ,facultatis
2169 734 2234 792 in

123 830 398 904 Ecclesia,
439 830 748 911 suppositis
789 827 998 888 debitis
1034 825 1528 908 dispositionibus.
1578 826 1980 887 Id-evidenter
2007 839 2234 888 constat

121 946 194 993 ex
228 945 331 997 e0,
383 923 540 1005 quod
577 924 772 983 omnia
794 922 908 989 filla
947 922 1275 982 testimonia
1305 921 1620 1001 respiciant
1666 924 1854 980 Deum
1889 922 2084 1002 ipsum
2114 922 2230 982 im-

122 1018 411 1094 mediate,
449 1039 549 1077 seu
593 1028 923 1099 peccatores
965 1016 1054 1073 his
1098 1015 1344 1097 peccatis
1394 1015 1730 1096 inquinatos
1781 1016 1843 1073 in
1898 1016 2103 1075 ordine
2158 1017 2234 1080 ad

119 1113 526 1173 difficultatem
552 1115 740 1174 veniae
767 1134 798 1171 a
830 1115 949 1171 Deo
974 1110 1309 1170 obtinendae
1335 1107 1410 1169 ob
1433 1111 1748 1191 pessimam
1774 1113 1955 1170 animi
1984 1111 2227 1194 disposi-

120 1210 388 1283 tionem;
429 1209 502 1269 de
534 1208 807 1269 facultate
843 1228 981 1266 vero
1020 1206 1284 1265 Ecclesiae
1319 1225 1428 1264 nec
1464 1204 1714 1265 verbum
1751 1205 1990 1287 quidem
2038 1207 2099 1266 in
2140 1207 2230 1266 his

119 1302 370 1369 hahetur
395 1349 410 1379 ,
451 1325 522 1363 ex
559 1325 675 1385 quo
717 1303 878 1382 argui
928 1301 1142 1383 possit,
1180 1321 1310 1360 eam
1349 1299 1664 1359 limitatam
1706 1321 1829 1360 esse
1880 1301 2078 1382 quoad.
2107 1302 2234 1363 haec

121 1410 375 1480 peccata.
416 1400 541 1472 Quo
570 1400 658 1473 fit,
690 1408 758 1456 ut
777 1419 901 1456 non
928 1396 1155 1478 possint
1179 1394 1496 1457 adversarii
1520 1415 1587 1454 ea
1621 1396 1952 1455 testimonia
1989 1418 2230 1477 urgere,

117 1494 264 1576 quin
302 1505 570 1554 evertant
608 1493 907 1575 propriam
950 1491 1312 1563 doctrinam3
1354 1488 1613 1570 alioquin
1647 1490 1808 1549 enim
1852 1504 2229 1573 sequeretur,

117 1610 309 1670 neque
343 1588 416 1647 ab
443 1589 565 1670 ipsa
595 1587 794 1649 divina
829 1585 1221 1646 misericordia
1252 1605 1418 1665 posse
1446 1582 1545 1642 illa
1570 1596 1803 1665 peccata
1835 1585 2093 1661 dimitti,
2124 1608 2234 1647 nec

117 1683 402 1763 ejusmodi
422 1694 751 1765 peccatores
785 1682 1019 1742 veniam
1044 1702 1075 1738 a
1107 1681 1227 1738 Deo
1250 1699 1419 1760 posse
1447 1676 1715 1738 obtinere
1733 1724 1750 1754 ,
1786 1701 1948 1740 secus
1972 1702 2038 1740 ac
2062 1682 2234 1741 Mon-

119 1781 345 1839 tanistae
370 1799 433 1837 ac
456 1777 768 1838 Novatiani
794 1774 1027 1834 docent.

197 1873 338 1934 164.
376 1872 463 1932 Ad
487 1873 573 1931 211¹
589 1917 605 1948 ,
631 1875 790 1932 Da'st.
819 1873 951 1933 Non
976 1871 1205 1932 invenit
1219 1871 1363 1930 Esau
1382 1871 1747 1953 poenitentiae
1768 1870 1962 1932 locum
1981 1871 2042 1931 in
2067 1883 2235 1953 patre

110 1968 293 2030 relate
308 1967 384 2028 ad
396 1973 523 2048 jam
539 1966 812 2027 collatam
830 1965 1303 2027 benedictionem
1320 2009 1338 2039 ,
1360 1988 1523 2026 conc.
1532 1991 1552 2034 ;
1573 1977 1946 2049 peccatorum
1963 1989 2226 2045 suorum,

111 2067 359 2148 menge
386 2064 481 2124 his
514 2064 673 2124 enim
704 2063 800 2123 hic
829 2086 951 2122 non
979 2074 1069 2121 est
1095 2083 1309 2122 sermo,

197 2161 336 2220 165.
384 2161 475 2221 Ad
511 2159 594 2220 3¹¹²
620 2205 636 2235 ,
672 2161 846 2241 Resp.
880 2159 964 2218 1⁰.
997 2159 1134 2218 Haec
1174 2180 1298 2217 non
1329 2180 1453 2219 esse
1485 2159 1561 2220 ad
1593 2182 1758 2236 rem3
1797 2182 1903 2220 nos
1941 2161 2232 2244 siquidem

111 2258 332 2337 agimus
367 2256 443 2316 de
471 2255 740 2314 facultate
767 2276 799 2313 a
840 2253 1068 2312 Christo
1097 2252 1358 2314 Ecclesiae
1377 2254 1509 2314 data
1531 2300 1547 2330 .,
1576 2254 1652 2314 ad
1673 2278 1849 2338 quam
1883 2268 2040 2317 certe
2057 2302 2074 2332 ,
2101 2279 2233 2339 quae

113 2352 496 2430 objiciuntur,
537 2349 740 2410 referri
781 2359 1103 2430 nequeunt.
1144 2351 1318 2430 Resp.
1359 2350 1426 2407 2⁰
1472 2351 1630 2410 Disc.
1679 2353 1915 2411 Peccata
1946 2351 2009 2410 in
2046 2353 2235 2412 Deum

113 2458 342 2528 patrata
375 2445 711 2507 difficilioris
745 2455 882 2503 sunt
908 2443 1261 2503 remissionis
1282 2448 1452 2522 juxta
1480 2444 1632 2505 dicta
1653 2491 1670 2520 ,
1703 2468 1894 2513 conc.;
1924 2444 2188 2508 absolute
2210 2492 2228 2524 ,

113 2565 242 2623 neq.
274 2541 439 2602 Addo
458 2587 474 2615 ,
509 2552 568 2601 et
589 2540 741 2599 hanc
772 2537 1204 2614 difficultatem,
1243 2539 1290 2597 si
1313 2561 1489 2620 quam
1519 2540 1636 2601 vim
1659 2539 1935 2615 haberet,
1968 2553 2231 2604 evertere

112 2636 577 2698 adversariorum
600 2647 871 2716 systema.
910 2634 1073 2694 Idem
1099 2633 1326 2694 dicatur
1344 2634 1417 2695 de
1449 2656 1540 2711 e0,
1569 2635 1725 2718 quod
1753 2636 2064 2698 adversarii
2087 2636 2228 2716 obji-

115 2731 277 2790 ciunt
301 2752 372 2792 ex
408 2730 711 2791 Antiocho.

201 2826 334 2885 166.
380 2826 514 2904 Obj.
553 2825 824 2886 secunda.
870 2828 1070 2887 Patres
1094 2847 1216 2885 non
1243 2826 1410 2908 pauci
1438 2826 1592 2887 hanc
1620 2828 2025 2910 exceptionem
2047 2850 2231 2910 agno-

184 3034 250 3096 (l)
286 3031 424 3080 Haud
446 3046 610 3096 parum
630 3032 747 3080 inter
773 3030 1122 3094 sedissentiunt
1203 3032 1359 3080 sertim
1403 3028 1726 3095 Apostolorum
1768 3030 1898 3079 Pauli
1947 3048 2001 3080 ac
2053 3030 2230 3086 Joanis.

117 3117 389 3179 interpretes
421 3115 471 3161 in
497 3112 850 3162 determinando
895 3122 1080 3177 peccato
1105 3148 1120 3171 ,
1145 3119 1147 3122 ⁴
1204 3111 1357 3161 Verba
1386 3110 1554 3160 Christi
1573 3112 1779 3178 plerique
1812 3113 2035 3177 explicant
2065 3113 2122 3163 de
2144 3116 2200 3162 iis
2218 3150 2233 3174 ,

119 3197 178 3245 dc
212 3214 305 3262 quo
349 3196 497 3260 agitur
539 3197 590 3242 in
635 3194 826 3260 objectis
871 3194 1001 3242 locis.
1036 3193 1126 3241 Alii
1208 3196 1288 3260 qui
1330 3204 1483 3259 aperte
1544 3196 1818 3259 impugnant
1861 3198 2097 3244 veritatem
2144 3196 2236 3245 sibi

121 3279 249 3327 enim
275 3278 334 3325 de
354 3279 577 3341 apostasia
599 3313 612 3336 ,
653 3277 730 3324 alii
754 3276 811 3324 de
837 3277 1128 3340 impoeniten-
1210 3278 1440 3341 cognitam
1461 3314 1474 3334 ‚
1505 3285 1624 3323 etex
1650 3275 1743 3323 sola
1771 3277 1914 3324 animi
1929 3279 2236 3342 perversitate

120 3363 182 3407 tia
212 3359 374 3416 finali,
409 3356 489 3406 alii
518 3357 575 3406 de
605 3356 921 3428 incredulitate
941 3392 955 3416 ,
975 3356 1051 3404 alii
1079 3356 1136 3405 de
1218 3375 1318 3406 eam
1370 3358 1672 3416 adoriuntur,
1719 3357 1878 3423 quales
1925 3358 2239 3408 haeresiarchae

121 3441 226 3489 aliis
256 3442 456 3505 peccatis
480 3457 534 3488 ea
563 3449 819 3505 exponunt.
848 3438 938 3486 Res
963 3440 1136 3486 incerta
1220 3440 1548 3505 utplurimum
1590 3449 1698 3487 sunt
1729 3456 1982 3505 eorumque
2017 3441 2232 3487 ministri.

118 3533 182 3572 est
206 3539 221 3585 ;
247 3522 532 3571 verisimilior
550 3521 684 3569 nobis
709 3519 890 3569 videtur
918 3521 1138 3584 expositio
1221 3521 1321 3570 Cfr.
1374 3521 1589 3570 Morinus
1606 3557 1620 3581 ‚
1654 3519 1726 3570 De
1780 3520 1955 3568 Poenit.
2005 3518 2093 3568 lib.
2153 3536 2199 3568 ιι
2215 3555 2233 3582 ‚

120 3605 178 3653 de
203 3607 421 3670 apostasia
441 3641 453 3663 ‚
483 3602 750 3651 utindicare
764 3602 946 3650 videtur
974 3618 1139 3666 scopus
1222 3620 1328 3668 cap.
1366 3600 1450 3652 28.

120 3688 388 3736 eorumdem
420 3687 693 3751 scriptorum
727 3700 959 3734 sacrorum
980 3721 994 3747 ,
1024 3698 1139 3750 prae-

201 3768 267 3826 T.
318 3767 409 3827 VI.
1922 3762 2002 3819 28
