2502 4186
758 261 882 299 cn.
932 262 999 298 11.
1048 261 1116 297 ms
1156 259 1551 298 comunione.
2105 238 2223 300 385

916 400 1323 456 PROPoslTlo
1362 401 1406 454 Ι.

111 548 402 609 Contritio
434 547 544 606 illa
563 588 588 618 ,
615 567 750 625 quoe
789 548 1133 625 concipitur
1166 564 1239 601 ea·
1268 551 1651 622 peccatorum
1698 547 1998 621 gravitate
2011 588 2036 617 ,
2069 547 2226 605 mul—

185 643 449 703 titudine
465 685 487 714 ,
523 642 827 720 foeditate,
871 643 1191 699 amissione
1216 648 1454 699 oeternoe
1485 637 1882 698 beatitudinis
1912 651 1969 698 et
1993 652 2227 702 ceternoe

186 740 600 798 damnationis
623 739 882 795 incursu
899 777 921 809 ,
958 755 1099 794 cum
1113 736 1419 813 proposito
1449 733 1717 792 melioris
1749 737 1912 805 vitoe,
1934 746 2018 793 est
2051 757 2229 796 verus

185 845 243 893 et
279 833 446 893 utilis
474 832 668 904 dolor,
712 853 786 890 ac
806 839 1128 910 proeparat
1163 829 1250 886 ad
1271 830 1543 908 qratiam
1562 870 1584 899 ,
1632 847 1753 886 non
1783 849 1917 887 vero
1945 832 2106 907 facit
2131 832 2228 890 ho-

187 933 416 988 minem
467 931 662 1007 maqis
699 927 1075 1006 hypocritam
1115 944 1189 982 ac
1227 928 1426 1004 mayis
1457 934 1827 1004 peccatorem
1847 948 1874 997 ,-
1926 946 2110 1003 neque
2149 937 2237 986 est

186 1023 352 1081 dolor
391 1032 628 1089 coactus
647 1064 670 1094 ,
711 1022 818 1080 sed
845 1020 1002 1080 liber
1026 1039 1098 1078 ac
1131 1019 1534 1078 voluntarius.

187 1186 287 1245 42.
334 1187 499 1246 Hanc
525 1185 986 1268 propositionem
1021 1183 1096 1243 de
1127 1182 1244 1244 fide
1282 1205 1407 1244 esse
1434 1193 1661 1243 constat
1691 1204 1763 1243 ex
1795 1197 1922 1244 can.
1949 1185 2015 1259 V,
2051 1186 2227 1247 Cone.

107 1281 437 1343 Tridentini
468 1304 482 1340 ε
511 1283 585 1341 Si
610 1284 747 1360 quis
767 1282 996 1340 dixerit
1009 1323 1031 1354 ,
1055 1302 1190 1340 eam
1215 1278 1660 1355 contritionem,
1684 1303 1820 1361 quoe
1835 1294 2106 1363 paratur
2116 1307 2238 1365 per

105 1378 532 1438 discussionem
548 1419 573 1449 ,
628 1377 1020 1436 collectionem
1071 1386 1129 1435 et
1165 1377 1604 1436 detestationem
1636 1389 2027 1458 peccatorum
2048 1423 2073 1452 ,
2108 1403 2235 1461 qua

104 1478 244 1552 quis
279 1475 565 1553 recogitat
595 1491 788 1532 annos
813 1493 949 1531 suos
983 1475 1054 1530 in
1091 1473 1514 1531 amaritudine
1553 1477 1783 1532 animas
1822 1495 1952 1533 suoe
1966 1518 1988 1548 ,
2006 1478 2234 1553 ponde-

105 1569 301 1628 rando
320 1577 705 1648 peccatorum
733 1587 989 1626 suorum
1019 1570 1384 1646 yravitatem
1401 1609 1425 1638 ,
1453 1564 1945 1640 multitudinem,
1982 1572 2234 1647 foedita-

109 1674 223 1721 tem
239 1705 263 1735 ,
302 1666 692 1722 amissionem
727 1671 967 1720 aeternoe
1014 1661 1414 1720 beatitudinis
1455 1671 1515 1720 et
1554 1672 1791 1721 oeternoe
1819 1663 2237 1724 damnationis

106 1763 431 1817 incursum
453 1799 476 1828 ,
520 1777 661 1815 cum
705 1760 1013 1835 proposito
1050 1757 1317 1814 melioris
1375 1744 1511 1814 hitoe
1526 1799 1550 1829 ,
1601 1777 1724 1817 non
1767 1778 1884 1816 esse
1929 1778 2140 1817 verum
2184 1772 2239 1818 et

104 1855 316 1911 utilem
336 1852 591 1910 dolorem
605 1892 630 1922 ,
653 1871 764 1910 nec
778 1871 1141 1931 praeparare
1155 1852 1242 1910 ad
1245 1855 1518 1932 qratiam
1535 1895 1560 1924 ,
1584 1852 1689 1911 sed
1705 1855 1908 1931 facere
1931 1853 2235 1914 hominem

101 1953 473 2028 hypocritam
524 1957 581 2006 et
621 1952 817 2027 maqis
848 1958 1220 2028 peccatorem
1238 1991 1262 2020 ,
1310 1948 1554 2007 demum
1600 1950 1781 2007 illum
1819 1970 1936 2008 esse
1976 1950 2235 2010 dolorem

99 2054 372 2103 coactum
409 2053 467 2102 et
505 2063 626 2102 non
662 2044 925 2102 liberum
969 2063 1044 2102 ac
1078 2044 1540 2115 voluntarium,
1573 2044 1903 2103 anathema
1928 2047 2008 2104 sit
2035 2045 2147 2124 (1).

183 2138 284 2198 43.
333 2140 679 2219 Priusquam
711 2158 850 2200 vero
892 2158 1138 2196 manum
1169 2135 1587 2198 admoveamus
1622 2136 1698 2196 ad
1735 2137 1907 2217 hujus
1944 2138 2233 2219 dogmatis

103 2234 414 2295 veritatem
444 2231 862 2293 vindicandam
885 2277 902 2306 .,
938 2218 1226 2291 nonnulla
1252 2232 1677 2314 praemittamus
1720 2252 1954 2293 necesse
2009 2245 2131 2311 est,
2163 2239 2231 2295 ut:

103 2340 288 2387 status
317 2328 650 2410 quaestionis
679 2327 886 2387 clarior
917 2327 1151 2390 evadat.
1185 2328 1333 2387 Cum
1372 2325 1493 2386 tota
1535 2328 1927 2389 controversia
1967 2341 2234 2390 versetur

103 2424 250 2482 circa
280 2423 506 2482 timoris
527 2422 896 2483 honestatem
921 2468 937 2497 ,
965 2421 1295 2482 notandum
1322 2432 1410 2482 est
1433 2468 1450 2496 ,
1475 2422 1748 2482 timorem
1785 2422 2096 2506 multiplici
2137 2446 2236 2485 ra-

103 2521 263 2579 tione
288 2520 584 2601 distingui.
620 2520 777 2580 Alius
804 2531 893 2579 est:
919 2520 1078 2579 enim
1114 2520 1289 2578 timor
1321 2519 1660 2578 mundanus
1679 2566 1695 2593 ‚
1729 2518 1873 2578 alius
1909 2520 2192 2581 naturalis
2214 2568 2232 2598 .,

105 2615 248 2674 alius
271 2614 732 2698 supernaturalis
761 2637 862 2674 seu
886 2614 1139 2675 divinus,
1170 2616 1528 2675 Mundanus
1563 2625 1652 2673 est
1684 2613 1782 2674 ille
1806 2661 1822 2689 7
1848 2637 1964 2696 quo
1992 2617 2121 2698 quis
2150 2618 2234 2678 ita

103 2732 310 2793 poenas
350 2710 423 2771 ab
465 2710 802 2771 hominibus
839 2711 1186 2791 infligendas
1221 2712 1434 2770 metuit
1456 2757 1472 2785 .,
1513 2722 1581 2769 ut
1619 2723 1932 2794 propterea
1964 2712 2026 2770 in
2057 2713 2232 2773 Crea-

106 2817 295 2867 torem
326 2828 564 2889 peccare
583 2829 704 2866 non
735 2817 978 2867 metuat.
1010 2805 1345 2866 Naturalis
1365 2805 1464 2864 ille
1498 2805 1708 2865 dicitur
1727 2852 1743 2881 ,
1787 2828 1902 2888 quo
1935 2808 2064 2889 quis
2101 2809 2227 2890 ipsa

107 2912 317 2960 natura
366 2901 512 2962 duce
561 2901 712 2962 mala
762 2902 1106 2984 temporalia
1152 2900 1511 2960 reformidat.
1568 2902 2076 2980 Supernaturalis
2126 2923 2229 2962 seu

107 2998 356 3057 divinus
374 3009 463 3057 est
491 2996 591 3077 ille
611 3041 630 3074 ‚
655 3019 772 3081 quo
794 2998 926 3081 quis
953 3019 985 3057 a
1017 3008 1254 3081 peccato
1289 2996 1546 3056 abstinet
1575 2995 1672 3058 vel
1693 2995 1852 3056 dolet
1881 2996 1955 3056 de
1990 3006 2229 3078 peccato

178 3202 244 3266 (1)
281 3201 373 3250 Hic
405 3204 511 3250 satis
542 3203 697 3250 mirari
740 3219 836 3250 non
873 3219 1117 3268 possumne
1199 3205 1338 3251 etiam
1363 3203 1469 3249 sine
1489 3199 1573 3249 illo
1590 3217 1610 3262 ‚-
1639 3208 1693 3248 2⁰
1735 3210 1946 3249 statuunt
1981 3201 2173 3267 quidem
2195 3239 2210 3262 ‚

109 3284 400 3351 prudentiam
417 3282 605 3333 Patrum
619 3283 1017 3343 Tridentinorum,
1034 3286 1116 3351 qni
1198 3287 1524 3334 contritionem
1552 3301 1607 3331 ex
1631 3282 1723 3331 illis
1743 3285 1926 3331 motivis
1943 3295 2216 3349 conceptam

110 3370 172 3416 ita
200 3375 494 3416 assernerunt
516 3365 776 3414 doctrinam
810 3366 1077 3414 catholicam
1094 3402 1108 3426 ‚
1197 3383 1362 3414 verum
1376 3374 1421 3414 et
1438 3363 1603 3413 utilem
1633 3381 1729 3414 esse
1759 3364 1997 3428 dolorem3
2023 3368 2225 3415 minime.

110 3459 163 3497 ut
210 3449 471 3514 detegerent
518 3465 572 3498 ac
616 3448 891 3496 damnarent
944 3464 1116 3497 errores
1198 3465 1307 3498 vero
1345 3457 1553 3497 asserunt
1585 3462 1687 3495 eam
1729 3464 1825 3495 esse
1856 3446 2168 3512 sufficientem
2193 3462 2219 3507 ς

109 3529 467 3579 Protestantium
485 3566 500 3590 ‚
532 3530 764 3595 simulque
793 3531 942 3578 varias
981 3529 1117 3578 scho-
1201 3527 1253 3577 3⁰
1268 3530 1515 3580 adstruunt
1528 3527 2216 3592 demum,''l1njusmodicontri·

108 3612 258 3660 larum
292 3613 569 3679 qnaestiones
593 3611 896 3660 declinarent.
934 3610 1117 3659 Etenim
1199 3614 1375 3660 tionem
1400 3627 1654 3677 praeparare
1685 3609 1743 3659 ad
1771 3609 1994 3674 gratiam3
2025 3616 2093 3655 ast
2121 3624 2218 3656 non

121 3703 168 3741 ιθ
185 3712 235 3742 ea
250 3693 671 3744 recensentdoloris
683 3696 868 3749 motiva,
880 3708 1121 3759 quamque
1202 3692 1366 3743 dicunt
1386 3728 1403 3756 „
1430 3703 1583 3741 utrum
1608 3698 1781 3741 remote
1807 3707 1869 3738 an
1886 3689 2128 3755 proxime.

115 3778 360 3826 consistere
378 3786 567 3843 possunt
590 3777 684 3827 sive
709 3790 820 3825 cum
842 3789 1002 3826 amore
1026 3775 1119 3825 sive

193 3858 259 3916 T.
310 3858 399 3916 VI.
1866 3847 1946 3907 25
