2502 4186
360 270 484 310 cn».
531 271 573 307 1.
623 269 691 305 nn
723 266 900 306 amn
942 264 1164 305 cums‘n
1206 263 1517 304 PnAEsmwru
1567 265 1625 300 m
1668 262 1908 326 anema.
2070 241 2195 302 '1¹57

91 415 287 474 Horne
331 412 455 492 (l)‚
501 414 705 494 Koppe
743 410 834 494 (2)
861 451 878 486 ‚n
921 409 1204 476 Sartorius
1247 408 1371 486 (3),
1415 408 1577 466 Storr
1616 404 1740 485 (4),
1787 404 2025 464 Schmid
2060 405 2150 486 (5)
2176 450 2192 481 7

90 507 282 567 Roller
312 507 401 587 (6)
429 506 660 587 aliique.

170 602 269 660 27.
317 600 406 661 Ad
438 601 556 677 41¹²,
596 602 752 658 Dist.
794 599 866 657 Id
910 608 997 658 est
1022 596 1066 671 ‚²
1094 598 1299 655 Petrus
1347 594 1754 676 compendiosa
1812 594 2038 655 ratione
2085 616 2193 677 per

91 696 513 776 professionem
569 694 902 775 explicitam
955 690 1165 751 Christi
1202 689 1521 749 divinitatis
1571 689 1851 770 implicite
1899 691 2195 749 confessus

93 802 180 851 est
218 811 355 851 vera
397 809 517 847 esse
539 833 554 862 ,
595 807 970 868 quaecumque
1007 785 1265 845 Christus
1302 783 1601 865 hucusque
1648 784 1948 858 docuerat,
1992 807 2196 853 conc.;

94 885 168 944 ad
191 884 372 943 solam
395 883 904 942 manducationem
929 901 1034 962 per
1055 879 1231 938 fidem
1257 880 1557 938 restrinxit
1577 878 1792 962 Christi
1819 879 1998 940 verba
2016 925 2032 953 ,
2060 903 2190 962 neq.

92 978 307 1038 Eadem
342 978 556 1038 scilicet
598 979 819 1037 ratione
860 976 954 1035 hic
993 996 1053 1034 se
1106 975 1279 1054 gessit
1310 976 1513 1033 Petrus
1565 995 1630 1033 ac
1671 984 1870 1055 postea
1915 975 2143 1035 Martha
2173 1019 2194 1048 ,

93 1091 269 1154 quam
298 1094 430 1131 cum
458 1072 719 1132 Christus
753 1067 1179 1151 interpellasset
1210 1067 1282 1127 de
1320 1073 1453 1147 ejus¹
1482 1068 1598 1127 fide
1627 1069 1775 1128 circa
1810 1090 1975 1127 suam
1998 1081 2194 1152 potes-

89 1179 272 1227 tatem
314 1168 599 1227 extinctos
633 1166 708 1225 ad
740 1165 921 1224 vitam
954 1163 1296 1240 revocandi,
1325 1163 1660 1246 respondit,
1691 1167 1862 1224 Joan.
1897 1167 1975 1224 XI
2003 1210 2018 1239 ,
2062 1167 2140 1225 27
2175 1189 2189 1225 t

98 1262 310 1342 Utique
331 1307 352 1335 ,
390 1264 643 1322 Domine
661 1302 686 1331 ,
713 1275 811 1339 eqo
841 1259 1076 1317 credidi
1099 1302 1121 1330 ,
1157 1263 1308 1338 quia
1329 1269 1394 1317 tu
1420 1280 1477 1318 es
1516 1259 1788 1319 Christus
1814 1260 2016 1319 Filius
2041 1262 2195 1334 Dei,

88 1365 202 1437 qui
251 1363 321 1417 in
366 1365 524 1417 hunc
573 1356 876 1414 mundam
917 1357 1150 1413 venisti.
1207 1355 1363 1412 Num
1415 1365 1724 1435 propterea
1779 1376 1900 1413 non
1950 1355 2198 1415 credidit

90 1452 318 1511 Martha
342 1497 359 1530 ,
393 1451 649 1533 potuisse
677 1449 971 1508 Christum
997 1459 1259 1507 mortuos
1286 1448 1585 1508 excitare?
1621 1452 1768 1508 Data
1799 1450 1958 1508 enim
1984 1451 2196 1510 Christi

90 1546 393 1608 divinitate
415 1592 430 1621 .,
480 1556 667 1605 cetera
713 1555 1038 1626 sequuntur
1088 1567 1101 1601 τ
1142 1544 1302 1623 Quia
1342 1564 1463 1602 non
1507 1555 1592 1602 cst
1623 1546 1988 1624 impossihile
2029 1548 2204 1624 apud

91 1645 286 1701 Deum
323 1662 492 1701 omne
527 1641 792 1698 verbum.

167 1736 268 1795 28.
316 1735 446 1813 Ohj.
483 1735 673 1793 tertia.
723 1733 1001 1793 Catholici
1039 1733 1386 1815 interpretes
1439 1754 1561 1791 non
1603 1733 1774 1814 pauci
1811 1733 1935 1794 haec
1984 1733 2196 1794 Christi

89 1828 269 1893 verba
296 1830 368 1889 de
405 1832 756 1888 comestione
785 1849 891 1910 per
932 1826 1107 1887 fidem
1138 1839 1552 1910 exposuerunt.
1594 1829 1760 1908 Ergo·

172 1926 274 1983 29.
325 1927 498 2007 Resp.
534 1926 652 1984 Hos
689 1945 809 1982 non
840 1923 1035 2005 plures
1057 1969 1072 1998 ⁷
1111 1923 1212 1983 sed
1239 1946 1451 2006 paucos
1490 1924 1731 1983 omnino
1769 1946 1922 2000 esse⁷
1956 1947 2056 1985 sex
2085 1927 2199 1985 cir-

97 2021 239 2080 citer
265 2031 365 2079 aut
381 2030 606 2101 septem
628 2064 644 2093 ,
672 2040 782 2078 nec
800 2019 913 2077 nisi
934 2029 1066 2100 post
1087 2030 1349 2078 exortam
1365 2018 1788 2078 Calixtinorum
1805 2020 2092 2080 haeresim.
2121 2023 2201 2080 Ut

97 2114 271 2192 igitur
294 2115 649 2196 praecipuum
675 2114 920 2172 istorum
937 2113 1124 2173 telum
1158 2113 1577 2189 retunderent,
1611 2136 1680 2173 ex
1703 2117 1874 2174 Joan.
1910 2116 2012 2190 VI,
2062 2115 2139 2174 53
2178 2139 2191 2174 :

99 2207 250 2267 Nisi
268 2251 292 2279 ,
331 2219 446 2266 etc.
493 2209 781 2288 petitum,
832 2209 1070 2267 inficiati
1106 2221 1243 2267 sunt
1265 2254 1280 2283 .,
1323 2209 1617 2268 Christum
1656 2209 1750 2268 hic
1779 2209 2040 2270 locutum
2078 2232 2200 2270 esse

96 2300 168 2360 de
184 2302 321 2362 reali
345 2303 546 2362 Carnis
570 2323 684 2361 suae
706 2303 1056 2362 comestione
1079 2304 1188 2382 (7).
1211 2306 1283 2363 At
1301 2305 1593 2364 immerito
1617 2317 1675 2363 et
1705 2317 1905 2365 contra
1933 2311 2201 2365 commu-

101 2418 239 2456 nem
260 2397 806 2479 interpretationem
835 2397 898 2456 id
923 2398 1162 2458 inficiati
1193 2409 1333 2457 sunt
1351 2397 1607 2481 alioquin
1630 2399 1903 2459 Calixtini
1931 2422 1997 2460 ea
2020 2400 2200 2463 verba

97 2601 299 2662 divina,
334 2619 429 2667 qua
457 2602 671 2651 homines
705 2603 866 2669 adjuti
882 2606 1035 2669 proni
1063 2613 1107 2652 et
1193 2604 1350 2652 Pauli
1376 2604 1542 2670 Epist.
1576 2605 1642 2654 ad
1677 2605 1838 2655 Galat.
1864 2623 2026 2656 sensu.
2062 2608 2200 2659 Zwic.

94 2682 260 2746 faciles
284 2684 555 2732 redduntur
574 2684 640 2731 ad
663 2683 1039 2750 amplectendam
1064 2694 1109 2733 et
1198 2683 1343 2751 1778.
1385 2687 1616 2736 Bendsten
1654 2689 1791 2736 refert
1825 2689 1927 2737 haec
1968 2690 2106 2738 verba
2144 2691 2202 2739 ad

100 2763 438 2814 obcervandam
466 2765 744 2831 reliqionem
767 2767 1104 2816 christianam.
1189 2767 1526 2834 philosophiam
1577 2771 1843 2819 orientalem
1878 2771 2199 2834 (Miscellan.
2249 2822 2254 2827 ,

101 2844 238 2894 Joan.
267 2863 313 2894 vx
327 2881 341 2905 ,
366 2844 449 2895 63.
1190 2850 1379 2916 Hasn.)
1393 2872 1413 2910 ;
1442 2862 1486 2900 et
1508 2851 1900 2902 Windischmann
1917 2891 1930 2913 ,
1951 2853 2052 2902 Die
2079 2851 2200 2902 Phi-

167 2925 234 2990 (l)
269 2924 640 2989 Introduction,
673 2929 764 2977 vol.
803 2947 837 2977 11
861 2967 873 2989 ‚
905 2948 953 2995 p.
974 2927 1103 2992 456,
1188 2930 1394 2997 losophie
1433 2935 1503 2980 im
1556 2934 1805 2999 Fortqanq
1842 2934 1926 2983 der
1982 2935 2068 2985 W
2064 2935 2204 3001 cltqe-

105 3007 218 3056 edit.
254 3023 351 3070 v113
382 3019 426 3057 et
448 3011 542 3061 vol.
576 3029 621 3059 ιν
642 3048 656 3074 ,
691 3030 794 3077 pag.
823 3009 937 3061 522.
1188 3013 1394 3062 schichte
1406 3033 1425 3075 ,'
1451 3033 1529 3063 seu
1547 3014 1867 3080 Philosophia
1883 3018 1939 3063 in
1947 3031 2204 3080 proqressu

169 3089 231 3152 (2)
253 3088 508 3138 Excursas
529 3109 576 3140 1x
599 3094 655 3140 in
673 3092 724 3140 E
718 3093 924 3159 pinnaci
941 3093 1109 3144 Galat.
1189 3095 1400 3144 historice
1453 3096 1626 3143 mandi
1661 3133 1674 3157 ,
1721 3106 1839 3161 part.
1879 3114 1895 3143 1
1927 3134 1940 3157 ,
2005 3098 2093 3147 lib.
2133 3114 2167 3146 11
2193 3134 2207 3159 ‚

173 3170 235 3235 (3)
267 3169 469 3219 Dias-ert.
494 3171 660 3222 Theol.
684 3174 741 3222 de
768 3176 957 3224 notione
984 3177 1133 3235 vocis„
1188 3195 1239 3243 p.
1264 3173 1390 3243 1889
1409 3213 1423 3240 ,
1442 3177 1614 3226 Bonnae
1640 3175 1764 3226 1832
1782 3215 1795 3239 ,
1827 3180 2025 3227 ostendit
2050 3179 2204 3229 affini-

104 3248 215 3319 σ-ρέρξ
236 3254 291 3300 in
305 3251 431 3302 Nov.
469 3253 599 3303 Tect.
630 3254 832 3320 Tiibing.
870 3253 1015 3323 1778.
1191 3269 1329 3308 tatem
1349 3262 1489 3323 ipsius
1508 3277 1614 3307 cum
1633 3259 1926 3324 opinionibus
1949 3263 1999 3309 in
2023 3263 2200 3310 theolo-

167 3334 233 3398 (Ιι)
274 3334 621 3382 Commentatio
654 3334 709 3382 de
742 3352 910 3384 vocum
949 3340 1111 3387 carnis
1191 3343 1266 3406 gia
1291 3341 1553 3389 Sankhiana
1569 3344 1792 3406 acceptis·

104 3425 147 3465 ct
159 3418 361 3483 spiritus
373 3417 582 3481 qennino
599 3453 612 3477 ,
629 3427 718 3466 etc.
733 3416 937 3483 Tfibing.
961 3420 1107 3485 1732.
1261 3423 1325 3487 (7)
1362 3423 1537 3489 Nempe
1565 3425 1820 3472 timuerunt
1836 3461 1849 3484 ‚
1875 3423 1956 3472 uhi
1986 3440 2079 3472 non
2109 3432 2205 3471 erat

171 3498 234 3563 (ὅ)
268 3497 340 3548 De
359 3507 587 3565 potestate
604 3498 847 3549 vocabulis
875 3498 1040 3567 α-οἱρκος
1068 3513 1113 3552 ct
1194 3507 1357 3568 timor;
1393 3507 1459 3554 uti
1498 3508 1625 3554 enim
1659 3522 1743 3554 suo
1776 3506 1877 3554 loco
1911 3505 2203 3564 videbimus,

105 3585 354 3643 πνεῦματος
387 3583 443 3628 in
493 3581 617 3630 Nov·
680 3579 805 3631 Τθδί·
857 3583 1066 3649 8ubjecta
1093 3622 1108 3647 ,
1194 3605 1252 3636 ex
1286 3588 1378 3636 illis
1407 3586 1575 3636 Christi
1603 3587 1752 3636 verbis
1784 3587 1966 3636 nullum
1992 3588 2087 3634 erui
2118 3603 2201 3651 po-

104 3662 260 3713 Viteb.
298 3679 315 3712 ι
328 3662 445 3731 775.
1195 3678 1283 3718 test
1309 3678 1594 3735 praeceptum
1608 3669 1666 3717 de
1680 3669 1904 3719 sumenda
1919 3667 2203 3717 Eucharistia

170 3744 240 3809 (6)
289 3743 368 3794 De
420 3762 586 3795 vocum
636 3742 749 3813 σοὶρξ
785 3755 828 3798 et
855 3751 1032 3818 πνεῦμα
1061 3749 1118 3798 in
1198 3749 1285 3799 sub
1314 3753 1701 3817 utraquc'specie.
