2502 4186
724 251 847 288 cn».
896 250 982 288 111.
1027 249 1096 286 nn
1140 248 1531 287 comnmons.
2086 222 2201 286 431

94 395 226 477 quia
276 391 527 475 denique
570 392 834 451 omnium
870 391 1362 468 remittendorum
1417 390 1729 450 criminum
1779 389 2019 450 facultas
2069 391 2204 451 solis

91 488 378 570 Apostolis
394 509 660 548 concessa
677 487 787 546 fuit
805 532 822 562 ‚
855 487 1097 546 minime
1119 506 1257 546 vero
1278 487 1542 568 ipsorum
1556 483 1977 545 successoribus
1995 531 2011 562 ‚
2028 498 2207 568 prout

93 584 176 643 illi
208 583 467 644 haeretici
493 580 945 642 contendebant.
970 583 1103 640 Jam
1134 602 1272 640 vero
1296 580 1444 639 nihil
1476 579 1688 639 horum
1716 579 1829 639 dici
1859 591 2073 662 potest.

178 678 313 738 158.
361 680 491 737 Non
520 678 777 758 primum
798 721 813 751 ,
839 687 904 735 ut
928 676 1157 736 constat
1186 675 1346 734 exiis
1366 720 1382 749 7
1413 674 1624 756 quibus
1642 675 2004 734 ostendimus
2025 721 2041 750 .,
2066 678 2206 738 Poe-

90 774 402 832 nitentiam
436 773 879 830 Sacramentum
918 791 1040 830 esse
1077 791 1107 828 a
1141 768 1514 829 Sacramento
1556 768 1838 850 Baptismi
1886 768 2062 848 plane
2111 770 2204 830 di-

93 889 365 940 versum,
403 876 580 947 atque
604 865 854 925 adducta
892 863 1224 924 testimonia
1260 863 1338 923 ad
1368 863 1558 923 solum
1599 863 1964 923 Poenitentiae
2000 864 2206 925 Sacra-

90 972 359 1021 mentum
395 961 617 1019 referri.
663 961 903 1020 Constat
936 969 1213 1042 praeterea
1249 979 1319 1018 ex
1357 979 1425 1018 eo
1478 958 1672 1039 quod,
1712 967 1889 1038 prout
1933 956 2205 1020 observat

91 1058 146 1116 S.
186 1057 463 1115 Pacianus
486 1101 501 1130 ‚
529 1055 796 1115 homines
830 1065 964 1136 post
997 1054 1362 1135 Baptismum
1389 1052 1602 1135 pejoris
1640 1051 1987 1111 conditionis
2011 1053 2206 1115 forent

88 1173 267 1233 quam
289 1152 406 1210 sint
433 1152 540 1232 ipsi
560 1149 859 1210 infideles:
896 1150 1068 1230 Quod
1083 1153 1170 1221 si,
1197 1148 1390 1231 inquit
1409 1194 1425 1224 ,
1451 1149 1538 1207 ad
1548 1159 1744 1228 yentes
1768 1147 1926 1207 hanc
1945 1149 2211 1209 solvendi

85 1248 396 1306 licentiam
431 1249 520 1305 vel
541 1247 781 1327 liqandi
801 1255 1082 1327 spectasse
1103 1246 1456 1316 concedam,
1492 1249 1681 1303 multo
1714 1248 1911 1324 mayis
1944 1246 2032 1303 ad
2050 1247 2207 1325 hap·-

87 1348 294 1402 tizatos
305 1346 676 1421 pertinuisse
701 1346 1075 1401 convincam.
1099 1339 1302 1412 Nam,
1330 1344 1390 1400 si
1408 1343 1463 1399 is
1484 1341 1635 1399 solvi
1641 1343 1847 1420 potuit
1875 1341 1964 1399 vel
1984 1342 2200 1422 liqari‚

85 1441 196 1517 qui
232 1460 354 1497 non
393 1439 614 1497 hahuit
636 1439 976 1509 vinculum,
1012 1446 1237 1517 quanto
1265 1441 1459 1518 maqis
1494 1437 1624 1512 ille,
1664 1457 1842 1515 quem
1874 1437 2022 1515 fidei
2035 1441 2202 1517 jura

84 1543 413 1592 tenuerunt
433 1533 564 1614 (l)?
663 1542 667 1547 ‘

175 1628 315 1687 159.
364 1629 496 1687 Non
525 1627 775 1688 alterum
816 1626 1048 1686 admitti
1070 1636 1296 1709 potest3
1333 1625 1604 1708 siquiden
1630 1636 1865 1685 tantum
1903 1626 2069 1686 abest
2089 1673 2105 1703 ,
2137 1639 2204 1688 ut

87 1723 488 1804 exceptionem
511 1722 767 1804 aliquam
791 1720 1001 1780 alicubi
1029 1721 1292 1780 Christus
1317 1720 1516 1780 fecerit
1534 1766 1550 1795 7
1590 1731 1658 1779 ut
1696 1742 1934 1780 omnem
1964 1744 2203 1803 prorsus

83 1818 486 1899 exceptionem
534 1816 862 1876 excluserit.
917 1816 1157 1899 Optime
1196 1837 1428 1875 rursum
1478 1815 1919 1876 Barcinonensis
1960 1818 2203 1879 antistes

82 1912 221 1971 ibid.
249 1910 485 1971 subdit:
524 1912 926 1996 Quaecumque
952 1914 1275 1984 solveritis,
1322 1914 1530 1990 inquit
1568 1910 1905 1993 (Christus).
1940 1913 2204 1974 Omnino

82 2009 244 2067 nihil
278 2012 506 2088 excepit
528 2033 546 2066 .·
585 2029 1008 2087 quoecumque,
1051 2011 1291 2087 inquit,
1321 2008 1412 2065 vel
1446 2027 1671 2087 maqna
1701 2008 1789 2066 vel
1821 2009 2057 2068 modica
2086 2008 2196 2090 (2).

83 2105 154 2162 Et
189 2105 247 2162 S.
283 2101 621 2163 Ambrosius
651 2124 668 2161 ε
713 2104 914 2175 Deus,
955 2101 1187 2177 scribit,
1225 2103 1668 2161 distinctionem
1698 2124 1820 2162 non
1850 2107 2014 2183 facit
2039 2150 2055 2180 ,
2093 2109 2204 2185 qui

82 2200 567 2259 misericordiam
601 2220 781 2258 suam
798 2199 1394 2278 promisitomnibus
1408 2241 1429 2270 ,
1459 2208 1514 2256 et
1543 2200 1872 2259 relaaandz'
1893 2202 2203 2262 licentiam

83 2296 502 2354 Sacerdotibus
536 2297 666 2354 suis
703 2298 831 2353 sine
860 2296 989 2353 ulla
1021 2298 1353 2374 caceptione
1387 2298 1668 2353 concessit
1700 2295 1813 2377 (3).
1852 2295 2035 2379 quue
2064 2319 2205 2358 con-

81 2391 278 2471 firmat
319 2390 588 2473 exemplo
630 2390 940 2449 incestuosi
975 2389 1263 2449 Corinthii
1288 2435 1304 2465 7
1345 2411 1521 2472 quem
1559 2388 1811 2452 absolvit
1840 2392 2053 2471 Paulus
2079 2439 2094 2469 .,
2143 2405 2235 2454 et-

83 2486 330 2545 Simonis
376 2486 526 2567 Magi
562 2485 827 2567 omnium
867 2485 1272 2545 haereticorum
1318 2485 1576 2567 parentis
1595 2530 1610 2559 ‚
1658 2486 1749 2545 cui
1801 2497 2000 2547 tamen
2054 2487 2201 2549 dixit

81 2584 309 2656 PetruS‚
345 2582 468 2641 Act.
506 2583 676 2660 VIII,
705 2582 789 2639 22
817 2603 830 2639 :
864 2582 1293 2641 Paenitentiam
1333 2603 1440 2661 aye
1471 2582 1550 2639 ab
1583 2582 1695 2641 hac
1735 2587 2012 2662 nequitia
2045 2595 2153 2644 tua
2178 2587 2220 2662 7'

81 2686 139 2735 et
170 2697 314 2757 roya
349 2679 551 2737 Deum
568 2721 591 2749 ,
609 2681 681 2736 'si
699 2680 857 2756 forte
883 2681 1235 2736 remittatur
1259 2677 1378 2735 tibi
1410 2678 1532 2736 hoec
1556 2680 1833 2758 cogitatio
1861 2680 2059 2739 cordis
2088 2684 2201 2740 tui.

169 2771 305 2830 160.
354 2773 487 2831 Non
523 2771 776 2854 denique
798 2772 1074 2847 tertium,
1117 2772 1249 2854 quia
1284 2772 1345 2830 in
1383 2770 1610 2832 bonum
1639 2772 1899 2833 Ecclesiae
1934 2773 2090 2835 hanc
2119 2775 2200 2835 fa-

84 2866 359 2926 cultatem
377 2867 638 2927 Christu's
666 2868 981 2942 concessit3
1023 2867 1280 2949 alioquin
1308 2879 1648 2949 sequeretur
1668 2913 1683 2943 ,
1711 2880 2064 2949 potestatem
2093 2870 2202 2931 ad-

82 2961 456 3023 ministrandi
476 2973 664 3023 cetera
680 2965 1054 3023 Sacramenta
1071 2962 1147 3022 ad
1163 2962 1313 3022 solos
1332 2962 1636 3045 Apostolos
1650 2962 1967 3024 limitatam
1985 2965 2161 3039 fuisse
2180 2992 2197 3042 ς

84 3057 242 3139 quod
266 3068 467 3116 tamen
489 3058 800 3118 Novatiani
822 3081 945 3118 non
968 3057 1378 3118 admittebant.
1407 3058 1559 3117 Hinc
1577 3081 1812 3117 rursum
1841 3061 1900 3118 S.
1923 3060 2201 3121 Pacianus

81 3153 162 3211 ita
196 3173 291 3212 eos
321 3152 748 3234 perstringebat
776 3175 789 3210 :
822 3154 892 3212 Si
912 3175 1046 3234 erqo
1075 3164 1131 3212 et
1162 3155 1400 3213 lavacri
1417 3164 1474 3212 et
1502 3153 1850 3213 chrismatis
1866 3165 2196 3234 potestas...

83 3248 170 3305 ad
185 3247 245 3305 E
237 3252 511 3327 piscopos
538 3249 679 3306 inde
699 3247 1032 3320 descendit,
1058 3259 1113 3307 et
1128 3250 1367 3330 liqandi
1366 3254 1482 3328 jus
1501 3250 1710 3327 adfuit
1725 3260 1780 3308 et
1799 3251 2067 3310 solvendi
2086 3251 2197 3332 (4).

169 3341 309 3400 161.
355 3343 544 3414 Quare
574 3343 845 3404 universa
875 3342 1118 3403 Ecclesia
1148 3354 1208 3403 et
1233 3345 1433 3404 Patres
1472 3365 1674 3404 omnes
1694 3390 1709 3420 ‚
1751 3345 1951 3405 statim
1986 3367 2052 3406 ac
2079 3351 2201 3406 im-

155 3556 217 3621 (l)
255 3557 422 3623 Epist.
468 3538 619 3606 urad
649 3560 1064 3625 Sympronianum
1087 3599 1102 3619 ‚
1258 3560 1328 3625 (2)
1359 3560 1482 3608 lbid.
1511 3579 1562 3609 n.
1598 3558 1683 3609 62.

85 3656 137 3686 n.
168 3636 255 3699 61,
288 3640 413 3704 apud
436 3639 649 3704 Aguirre,
676 3640 863 3692 Collect.
889 3643 1105 3690 mamima
1255 3640 1320 3704 (3)
1348 3640 1428 3689 De
1448 3641 1632 3690 Poenit.
1649 3641 1715 3690 lib
1736 3658 1806 3700 .1‚
1833 3658 1937 3706 cap.
1962 3639 2012 3701 3,
2043 3659 2092 3690 n.
2124 3657 2199 3692 10.

90 3718 238 3770 Cone.
271 3720 420 3788 Hisp.
450 3731 564 3770 tom.
596 3736 652 3772 11.
1254 3722 1324 3787 (4)
1360 3722 1520 3789 Epist.
1558 3741 1595 3783 1,
1627 3723 1692 3772 ad
1718 3719 1979 3788 Sympron.
2012 3740 2063 3774 n.
2097 3739 2173 3790 ¹7·
