2502 4186
247 277 250 280 <
310 235 427 296 380
794 258 797 263 “
935 251 1257 292 macra-rus
1301 253 1369 288 m:
1413 253 1802 305 ronmrnn'rn.

309 409 444 482 post
478 394 728 456 adducta
771 392 949 456 verba
985 394 1066 453 ita
1106 396 1479 476 prosequitur
1513 417 1527 452 ε
1569 394 1779 474 Neque
1811 399 1975 453 enim
2015 398 2257 476 aliqu-id
2290 421 2430 480 pro-

307 496 436 552 dest
463 510 584 549 non
617 491 919 568 baptizato
953 490 1149 548 dicere
1174 515 1191 548 .·
1219 491 1455 549 dimitte
1501 490 1672 548 nohis
1710 490 1914 547 dehita
1966 500 2169 550 nostra
2193 493 2304 573 (1).
2362 495 2431 552 In

311 583 461 644 libro
503 603 638 647 vero
664 586 756 643 De
777 588 1018 663 nuptiis
1043 583 1151 643 loc.
1174 585 1269 644 cit.
1298 585 1518 667 pariter
1541 582 1706 643 addit
1747 605 1760 641 ε
1798 585 1966 663 Quid
1993 588 2157 642 enim
2172 591 2427 664 prodes—

312 691 396 739 set
410 681 498 738 vel
515 689 653 738 ante
668 680 1058 758 Baptismum
1078 680 1442 740 Paenitentia
1457 723 1482 752 ,
1505 683 1635 738 nisi
1649 680 2005 758 Baptismus
2034 690 2379 758 sequeretur
2409 726 2432 754 ,

314 777 403 836 vel
421 785 628 855 postea
648 779 828 847 ,nisi
861 776 1220 855 praecederet
1245 775 1334 856 (2)
1353 776 1380 832 Ρ
1423 776 1735 856 Comparat
1762 772 1976 832 scilicet
2014 775 2071 832 S.
2100 777 2314 834 Doctor
2341 796 2437 835 re-

315 870 755 951 generationem
811 869 1175 952 spiritualem
1222 869 1604 950 generationi
1632 867 1870 927 carnali.
1930 868 2438 942 Quemadmodum

246 958 249 960 ’
319 987 461 1028 vero
484 964 621 1025 huic
640 965 820 1028 veluti
834 965 1042 1048 primae
1065 985 1245 1025 causae
1261 977 1321 1024 et
1336 965 1455 1026 vita
1470 975 1529 1024 et
1542 964 1756 1023 sanitas
1780 974 1840 1022 et
1865 962 2163 1024 medicinae
2180 966 2439 1047 operatio

323 1059 718 1120 adscribendae
741 1071 880 1119 sunt
896 1106 913 1135 ‚
940 1061 1020 1119 sic
1038 1060 1462 1140 regenerationi
1483 1048 1771 1141 spirituali
1791 1069 1850 1117 et
1869 1058 2002 1119 vitae
2021 1061 2439 1139 perfectionem

324 1167 384 1216 et
422 1155 810 1215 nutritionem
849 1167 908 1215 et
943 1156 1166 1214 amissae
1206 1154 1558 1216 valetudinis
1600 1153 2135 1234 recuperationem,
2169 1176 2298 1236 quae
2332 1178 2440 1237 per

325 1253 444 1313 Con
451 1254 579 1311 firm
586 1244 866 1329 ationem,
885 1252 1302 1312 Eucharistiam
1316 1252 1792 1311 etPoenitentiam
1807 1248 2122 1325 habentur,
2137 1250 2438 1311 adscribit·

406 1346 506 1406 31.
558 1347 646 1407 Ad
665 1348 750 1406 2¹¹¹
770 1393 787 1422 ,
825 1350 984 1407 Dist.
1035 1349 1213 1407 Vocat
1245 1349 1302 1405 S.
1335 1346 1670 1426 Fulgentius
1698 1347 2062 1428 Baptismum
2089 1348 2442 1406 Sacramen-

324 1454 456 1502 tum
493 1444 638 1523 fidei
667 1454 725 1502 et
754 1444 1136 1503 Poenitentz'oe
1156 1486 1179 1515 ,
1235 1443 1369 1526 quia
1409 1442 1534 1502 sine
1570 1442 1659 1502 his
1701 1441 2175 1524 dispositionibus
2224 1443 2442 1525 absque

326 1539 515 1598 fructu
542 1539 869 1620 Baptismus
897 1541 1295 1621 perciperetur
1313 1584 1329 1614 ,
1370 1559 1553 1605 ccnc.;
1588 1539 1750 1619 quasi
1778 1559 1964 1596 unum
2002 1540 2442 1598 Sacramentum

327 1654 448 1693 esse
496 1634 788 1693 censuerit
836 1635 1201 1715 Baptismum
1241 1645 1303 1692 et
1339 1634 1785 1707 Poenitentiam,
1829 1655 1956 1713 neq.
2015 1633 2194 1692 Addit
2246 1634 2405 1693 enim
2424 1680 2439 1708 ,

328 1727 621 1809 explicans
649 1729 1028 1811 semetipsum
1057 1751 1070 1786 z
1094 1730 1178 1788 Id
1198 1739 1309 1800 est,
1327 1749 1446 1808 per
1469 1730 1876 1808 Baptismum.
1905 1729 2131 1788 Deinde
2156 1731 2398 1811 exponit
2423 1775 2440 1803 .,

328 1845 442 1904 qua
459 1823 684 1883 ratione
706 1823 919 1883 adultis
949 1824 1023 1883 ad
1044 1824 1338 1905 Baptisma
1364 1822 1774 1884 accedentibus
1802 1824 1877 1882 sit
1908 1826 2225 1897 necessaria
2256 1825 2445 1884 Poeni-

322 1919 507 1976 tentia
526 1963 542 1992 ‚
579 1939 702 1976 non
733 1919 877 1978 item
909 1940 1049 1979 vero
1086 1918 1366 2000 parvuliS.

405 2011 503 2070 32.
555 2011 646 2071 Ad
683 2012 765 2071 311¹
785 2058 801 2087 .,
849 2013 1001 2093 Ney.
1042 2013 1356 2094 paritatem
1407 2038 1424 2086 ς
1472 2014 1535 2071 in
1584 2012 1938 2072 Eucharistia
1988 2014 2148 2073 enirn
2195 2025 2441 2096 utraque

324 2108 542 2189 species
571 2107 840 2167 eamdem
865 2128 1001 2167 cum
1029 2107 1258 2167 Christo
1291 2109 1574 2167 unionem
1595 2108 1878 2187 significat
1898 2153 1915 2183 .,
1948 2107 2024 2166 ad
2060 2109 2327 2167 eamdem
2351 2130 2447 2168 re—

324 2203 510 2262 fertur
544 2201 906 2285 spiritualem
935 2202 1146 2262 animae
1175 2203 1552 2262 refectionem
1573 2248 1589 2278 ‚
1631 2201 2015 2284 eamdemque
2048 2203 2286 2263 demum
2313 2226 2448 2282 gra-

326 2297 470 2355 tiam
500 2296 790 2378 producit.
830 2298 980 2357 Hinc
1009 2299 1068 2356 S.
1098 2297 1348 2357 Thomas
1382 2297 1574 2373 docet,
1608 2297 2027 2357 Eucharistiam
2053 2320 2176 2358 esse
2205 2298 2443 2381 quidem

326 2392 767 2452 Sacramentum
805 2394 1203 2453 materialiter
1234 2392 1548 2476 multiplex
1569 2437 1585 2468 ‚
1624 2415 1812 2451 unum
1848 2405 2046 2453 tamen
2091 2394 2445 2474 perfectione

327 2486 474 2566 signi
501 2498 562 2548 et
583 2487 774 2568 gratiae
797 2487 1180 2570 productione
1210 2487 1321 2568 (3).
1353 2490 1569 2549 Contra
1594 2509 1733 2551 vero
1766 2489 1829 2547 in
1858 2490 2152 2571 Baptismo
2176 2500 2237 2548 et
2259 2489 2450 2548 Poeni-

398 2745 467 2812 (l)
503 2747 679 2812 Scopus
709 2745 760 2796 S.
794 2746 1036 2812 Augustini
1068 2748 1119 2794 in
1138 2746 1224 2796 hac
1255 2749 1346 2811 epi·
1431 2748 1512 2812 qui
1550 2764 1645 2795 non
1684 2756 1803 2796 esset
1845 2746 2078 2811 Baptismo
2124 2756 2448 2810 regeneratus3

332 2829 448 2877 stola
483 2839 548 2879 est
576 2828 787 2879 resellcre
804 2829 1064 2878 Donatistae
1083 2865 1098 2888 ‚
1126 2832 1208 2894 qui
1234 2846 1346 2878 con·
1430 2846 1538 2877 cum
1561 2846 1620 2878 ex
1649 2831 1695 2876 vi
1725 2831 1869 2893 ipsius
1897 2829 2122 2892 Baptismi
2155 2829 2289 2876 nobis
2311 2831 2452 2895 prosit

339 2911 600 2960 tendebant
616 2911 669 2959 in
692 2928 751 2959 ea
777 2927 824 2959 se
842 2927 939 2959 esse
967 2909 1216 2967 Ecclesia,
1241 2927 1348 2975 quoe
1430 2922 1530 2959 tum
1558 2910 1660 2959 haec
1688 2914 1830 2960 oratio
1849 2948 1862 2972 ,
1892 2922 1991 2959 tum
2008 2913 2095 2960 alia
2118 2913 2272 2960 salutis
2296 2912 2447 2960 subsi-

316 2995 430 3059 J'am
468 3010 569 3041 non
612 2993 754 3042 habet
784 2991 1025 3041 maculam
1052 3000 1139 3040 aut
1176 3008 1348 3057 ruqam
1430 2990 1523 3053 dia,
1544 3009 1645 3058 quae
1661 2992 1866 3041 Christus
1888 2993 2098 3041 Ecclesiae
2119 3010 2211 3042 suae
2233 2994 2443 3060 reliquit.

331 3073 928 3140 autaliquidhujusmodi‚
968 3084 1017 3122 ut
1030 3073 1230 3123 refertS.
1261 3073 1351 3122 Do·
1499 3074 1568 3138 (Ξ)
1601 3075 1768 3142 Melius
1799 3080 1935 3124 etiam
1965 3076 2247 3140 dignoscitur
2277 3076 2327 3124 S.
2355 3076 2449 3123 Au-

333 3164 451 3215 ctor,
475 3173 528 3205 n.
553 3154 617 3204 38
630 3177 649 3215 ;
666 3156 838 3222 quibus
854 3156 1116 3221 respondet,
1141 3154 1227 3204 hoc
1242 3155 1348 3204 'fieri
1432 3158 1604 3220 gustini
1621 3150 1752 3205 niens
1781 3174 1838 3206 ex
1861 3160 1916 3205 iis
1934 3193 1948 3218 ‚
1971 3174 2073 3224 quae
2086 3158 2165 3206 hic
2181 3158 2450 3206 immediate

333 3252 430 3284 nou
463 3253 596 3301 posse
623 3240 673 3284 in
703 3238 904 3287 Ecclesia
942 3238 1168 3288 militante
1191 3275 1205 3299 ‚
1242 3254 1347 3304 quae
1432 3238 1589 3286 subdit
1621 3255 1635 3286 ε
1667 3235 1736 3285 In
1763 3230 1871 3304 ipsa
1907 3256 2087 3304 quoque
2117 3241 2332 3287 oratione
2365 3239 2448 3286 do-

334 3334 505 3382 nempe
523 3320 574 3366 in
600 3318 673 3366 his
695 3322 828 3368 terris
849 3321 1003 3369 adhuc
1029 3320 1229 3379 militat3
1265 3318 1349 3368 sed
1431 3322 1645 3380 mimica,
1697 3338 1804 3384 quoe
1841 3322 2128 3385 quotidiana
2177 3331 2244 3368 est
2287 3327 2448 3368 nostra

336 3399 465 3447 hunc
498 3409 667 3448 statum
698 3412 981 3450 reservatum
1007 3418 1103 3451 esse
1138 3402 1350 3451 Ecclesiae
1432 3403 1682 3450 mundatio
1704 3440 1718 3463 ‚
1758 3421 1848 3467 quo
1891 3405 2087 3467 fructu,
2136 3421 2229 3468 quo
2273 3403 2445 3468 effectu

326 3470 386 3529 'in
403 3481 528 3531 coelis
552 3499 660 3530 cum
686 3482 867 3531 Christo
897 3487 1104 3549 regnanti
1122 3487 1172 3533 in
1197 3485 1350 3533 futuro
1434 3484 1671 3532 diceretur
1699 3505 1716 3532 .·
1744 3486 1929 3534 dimitte
1967 3485 2104 3534 ‘nobis
2135 3485 2293 3533 debita
2337 3500 2447 3531 nos-

339 3562 659 3626 secu103cum
691 3563 770 3612 hic
800 3582 977 3630 semper
1008 3582 1166 3630 rogare
1198 3565 1349 3615 Deum
1434 3575 1508 3615 tra
1523 3601 1540 3628 ‚
1575 3568 1677 3615 nisi
1705 3568 1764 3615 ab
1797 3570 1895 3624 eis,
1926 3570 2015 3632 qui
2038 3567 2276 3633 baptizati
2299 3575 2413 3613 sum
2433 3603 2447 3621 ,

341 3646 594 3694 debeamus
619 3646 710 3694 illis
728 3648 879 3695 verbis
901 3664 915 3695 ε
946 3645 1157 3696 Dimitte
1176 3648 1313 3696 nobis
1335 3687 1349 3705 ‚
1436 3648 1673 3697 diceretur
1687 3653 1710 3696 ?
1739 3659 1825 3697 etc.

341 3736 436 3776 etc.
479 3726 590 3792 Quae
616 3730 776 3794 petitio
805 3729 973 3779 frustra
1006 3730 1133 3780 fieret
1165 3730 1223 3779 ab
1263 3748 1349 3792 eo,
1504 3730 1568 3794 (3)
1607 3731 1661 3780 P.
1698 3730 1726 3779 3
1748 3769 1761 3793 ,
1784 3749 1829 3797 q.
1863 3731 1942 3796 73,
1971 3749 2016 3779 a.
2053 3745 2103 3778 2.
