2502 4186
2113 230 2189 291 89

531 265 651 305 CAP.
693 266 736 304 1.
782 266 851 303 DE
891 261 1172 305 'vssmu'ru
1213 259 1452 300 SACRAM.
1502 252 1765 295 connum.

118 402 517 486 superstitiosis
543 402 747 463 ritibus
773 399 1181 463 temeraverint
1198 442 1215 473 ,
1263 409 1331 456 ut
1363 397 1435 457 de
1472 392 1892 456 Valentinianis
1920 412 2185 474 conque-

117 499 264 559 ritur
297 499 546 557 Irenaeus
570 498 658 578 (1)
682 542 698 568 .,
728 516 1025 578 nunquam
1053 504 1251 551 tamen
1281 494 1404 568 ejus
1433 491 1738 552 veritatem
1768 487 2003 546 inficiati
2035 496 2188 545 sunt.

119 595 508 662 Protestantes
542 600 844 672 propterea
871 588 1129 648 omnium
1165 585 1372 666 primi,
1407 584 1761 654 cohaerenter
1785 581 1859 640 ad
1886 603 2054 640 suum
2077 601 2193 660 sys-

120 698 276 747 tema
311 686 382 746 de
416 685 851 763 justificatione,
887 705 1017 742 cum
1053 679 1432 739 Sacramentis
1480 678 1747 759 reliquiS‚
1790 687 2002 758 praeter
2038 677 2192 756 Bap-
2237 697 2239 699 ’

119 780 292 839 tisma
338 789 396 837 et
437 777 884 851 Eucharistiam‚
935 773 1444 854 Confirmationem
1486 772 1659 831 etiam
1711 778 2033 848 reJ'ecerunt
2085 766 2192 847 (2).

117 871 400 932 Lutherus
431 871 583 929 inter
624 870 969 930 ceremonias
1010 866 1408 926 ecclesiasticas
1446 865 1955 925 Confirmationem
1985 883 2193 922 recen-

117 976 203 1025 set
229 964 350 1042 (3);
398 965 585 1024 caeteri
623 975 814 1024 autem
850 961 1104 1022 haeretici
1134 959 1206 1018 ab
1247 981 1314 1019 eo
1339 962 1605 1041 prognati
1643 959 1882 1019 ulterius
1913 955 2197 1039 progressi

118 1069 253 1117 sunt
273 1103 289 1131 ‚
339 1058 479 1117 dum
523 1058 728 1139 spiritu
770 1076 903 1118 vere
935 1056 1186 1113 satanico
1223 1056 1491 1115 conviciis
1515 1076 1580 1114 ac
1605 1052 1980 1135 blasphemiis
2001 1096 2017 1125 ,
2052 1071 2194 1130 quas

117 1151 214 1212 vel
255 1152 469 1212 referre
525 1151 736 1224 taedet,
778 1150 840 1207 in
886 1148 995 1207 hoc
1040 1151 1476 1208 Sacramentum
1528 1160 1663 1207 sunt
1707 1145 2043 1206 debacchati
2089 1143 2196 1224 (4).

119 1247 279 1305 Inter
312 1267 406 1305 eos
437 1258 632 1304 tamen
652 1288 668 1318 7
698 1243 797 1324 qui
826 1242 995 1320 hujus
1035 1244 1388 1310 Sacramenti
1415 1244 1718 1304 veritatem
1742 1243 2161 1323 impugnarunt
2179 1281 2197 1311 ,

120 1340 382 1400 eminent
429 1341 596 1398 Joan.
661 1331 903 1396 Dallaeus
963 1336 1057 1417 (5)
1116 1348 1175 1396 et
1222 1336 1453 1397 Samuel·
1499 1336 1805 1417 Basnagius
1863 1334 1972 1416 (6).
2031 1334 2201 1394 Nunc

119 1553 404 1623 προσ-φέρουσι
426 1552 726 1622 mima-3⁸10?
752 1560 908 1616 τοῦτο,
930 1575 1007 1603 xxc
1025 1577 1124 1607 τους

119 1658 172 1685 εκ
209 1637 349 1694 Τηθδί
386 1660 465 1692 7ης
503 1658 709 1703 ὥΙΡΕΟΊως
741 1660 798 1684 ‘1'oe
833 1656 1010 1698 O'aissd‘l’l
1044 1658 1124 1690 7ης

121 1719 361 1775 ἐκκλησίαις
377 1717 725 1782 συναπτομένους
742 1715 877 1783 χρίειν
899 1720 934 1766 οἱ
959 1716 1123 1766 παιηό-

121 1809 262 1867 φημοι
291 1801 479 1868 πατέρες
507 1798 800 1867 προσ-ἔταξαν.
822 1799 874 1847 ld
903 1810 967 1847 est
987 1817 1000 1846 ε
1020 1801 1118 1856 Iis,

119 1899 232 1949 quos
241 1885 504 1949 baptizant,
523 1884 876 1930 sanctissimum
895 1880 1119 1929 Chrisma

121 1981 221 2013 non
254 1964 486 2030 proebent.
539 1963 842 2031 Quapropter
887 1978 988 2018 eos,
1038 1961 1125 2025 qui

123 2062 181 2095 etc
211 2046 302 2095 Ιιαο
341 2046 512 2094 hoeresi
536 2046 724 2109 corpori
754 2042 984 2092 Ecclesioe
1017 2059 1127 2091 eon-

113 2128 410 2191 junqumur,
430 2125 754 2174 laudatissimi
767 2120 935 2172 Patres
951 2124 1131 2187 inunqi

121 2214 464 2273 praeceperunt.
521 2204 612 2269 Qui
657 2205 844 2269 quidem
899 2221 996 2252 mos
1015 2240 1029 2262 ,
1078 2213 1131 2252 ut

130 2288 335 2335 observat
392 2286 595 2335 eruditus
646 2285 854 2333 Valesius
884 2320 898 2343 ‚
952 2286 1001 2331 in
1046 2284 1131 2331 ad-

128 2368 442 2415 notationibus
460 2369 508 2413 in
528 2383 629 2430 cap.
650 2363 714 2427 43
734 2402 748 2425 ‚
777 2365 863 2413 lib.
898 2381 943 2412 v1
963 2401 976 2425 ‚
996 2363 1134 2415 Hist.

129 2447 287 2496 eccles.
339 2447 508 2495 Euseb.
558 2447 761 2494 manavit
795 2463 849 2493 ex
890 2462 971 2502 eo,
1009 2446 1133 2510 quod

126 2531 331 2594 ipsorum
355 2538 511 2576 auctor
537 2527 820 2575 Novatianus
839 2526 1128 2590 Baptismum

129 2612 226 2659 sine
249 2611 568 2658 chrismatione
593 2610 851 2672 accepisset.

198 2692 263 2755 (1)
303 2691 439 2740 Com.
479 2689 668 2750 Hoeres,
698 2689 783 2737 lib.
814 2706 829 2735 1
849 2725 861 2748 ,
895 2704 995 2751 cap.
1030 2702 1123 2746 21,

132 2788 184 2818 n.
215 2772 244 2820 3
262 2808 276 2832 ,
303 2773 410 2820 edit.
440 2771 577 2820 Mass.
607 2771 665 2820 de
692 2787 784 2836 quo
808 2771 908 2818 loco
933 2768 1126 2817 inferius

134 2853 216 2899 erit
240 2869 404 2900 sermo.

200 2932 269 2993 (2)
303 2932 514 2982 Bellarm.
533 2933 620 2981 lib.
638 2930 708 2980 De
727 2931 957 2995 Confirm.
973 2947 1072 2995 cap.
1091 2947 1126 2990 1,

132 3030 184 3060 n.
215 3010 248 3074 4
267 3049 279 3070 ,
303 3015 420 3060 inter
449 3030 523 3061 eos
541 3050 554 3072 ‚
585 3016 664 3078 qui
694 3016 951 3079 rejecerunt
978 3011 1132 3059 Sacra-

133 3100 345 3141 mentum
362 3092 752 3155 Confirmationis,
773 3104 980 3141 numerat
997 3092 1129 3141 Wal-

133 3174 292 3222 denses
323 3183 367 3221 et
387 3173 668 3222 Wicleffitas.
701 3176 840 3222 Porro
857 3174 1097 3222 Bossuetus
1114 3210 1127 3234 ,

131 3256 353 3303 Histoire
376 3254 454 3300 des
475 3253 530 3299 V
527 3255 676 3303 ariat.
708 3256 790 3303 liv.
819 3272 885 3317 xi,
913 3255 1125 3314 ostendit,

132 3336 234 3384 illos
254 3337 484 3384 haereticos
510 3339 741 3399 agnovisse
769 3345 937 3400 septem
958 3336 1118 3384 Sacra-

130 3427 283 3465 menta
308 3452 322 3479 ,
361 3418 555 3482 ideoque
588 3427 631 3463 et
657 3415 1083 3465 Consu-mationem.

196 3498 267 3561 (3)
301 3498 403 3546 Lib.
436 3498 514 3544 De
545 3505 667 3562 capt.
695 3496 871 3560 Babyl.
909 3514 1010 3561 cap.
1047 3495 1123 3545 De

135 3579 363 3644 Confirm.
392 3580 605 3628 Attamen
628 3579 750 3627 idem
770 3579 993 3625 Lutherus
1018 3578 1124 3625 alias

133 3663 365 3711 veritatem
402 3662 539 3729 hujus
576 3661 856 3710 Sacramenti
898 3660 1127 3709 confessus

1205 1579 1288 1620 est.
1317 1569 1422 1624 fist..
1443 1569 1765 1618 Catechismus
1797 1567 2088 1616 christianus
2118 1565 2202 1612 do·-

1204 1652 1344 1698 ctoris
1363 1651 1584 1699 Martini
1608 1649 1809 1698 Lutheri
1835 1666 1893 1697 em
1922 1650 2025 1695 suis
2047 1649 2203 1712 operi-

1203 1731 1293 1780 bus
1332 1731 1481 1780 simul
1518 1731 1734 1780 collectus
1768 1747 1861 1797 per
1902 1728 2205 1778 Ludovicum

1214 1813 1438 1863 Ussleber
1454 1850 1467 1872 ,
1493 1811 1645 1880 1744,
1673 1813 1826 1860 denuo
1853 1827 2034 1860 recusus
2050 1812 2100 1857 in
2120 1824 2202 1873 op.

1202 1897 1398 1944 doctoris
1439 1894 1753 1959 Christophori
1784 1892 1979 1950 Besold,
2020 1888 2206 1938 Motiva

1205 1977 1285 2025 sui
1327 1976 1512 2024 reditus
1549 1975 1614 2024 ad
1655 1978 1800 2024 Rom.
1847 1972 1970 2021 cath.
2010 1969 2198 2021 Eccles.

1208 2057 1443 2106 elaborata
1459 2094 1475 2114 ,
1505 2056 1735 2104 translata
1762 2064 1806 2103 et
1833 2054 1961 2102 edita
1993 2056 2063 2102 P.
2108 2049 2205 2100 W.

1208 2138 1278 2188 K.
1295 2140 1344 2188 A
1350 2146 1536 2203 uqustoe
1559 2137 1615 2185 V
1612 2136 1757 2185 indel.
1783 2133 1923 2195 1828,
1944 2131 2210 2200 Appendix

1210 2221 1436 2271 secunda.
1483 2220 1582 2268 Cfr.
1628 2238 1678 2284 p.
1724 2218 1840 2266 320⁷.
1887 2215 2008 2267 Cum
2045 2212 2210 2262 Besold

1212 2301 1348 2349 vellet
1364 2302 1452 2349 hoc
1477 2318 1590 2364 opus
1612 2301 1729 2363 typis
1752 2299 1884 2346 edere
1904 2295 2207 2354 Francofurti,

1216 2400 1241 2430 a
1291 2381 1587 2430 tolerantibus
1629 2377 1986 2428 Protestantibus
2032 2376 2134 2422 haec
2167 2375 2210 2422 ei

1213 2466 1302 2513 fuit
1329 2465 1545 2529 denegata
1572 2463 1789 2524 facultas;
1820 2462 1931 2508 h-inc
1959 2458 2211 2524 Augustam

1212 2548 1364 2605 venit,
1390 2546 1546 2611 ibique
1571 2545 1686 2592 illud
1707 2543 1923 2606 vulgavit.
1955 2540 2211 2605 Lipsienses

1206 2637 1250 2675 et
1284 2627 1716 2691 Wittembergenses
1756 2627 1806 2671 inf
1842 2631 2069 2671 conventu
2102 2620 2213 2684 Lip-

1208 2711 1364 2768 siensi,
1386 2725 1507 2756 anno
1533 2704 1677 2769 1548,
1695 2715 1868 2769 septem
1882 2706 2051 2768 pariter
2064 2702 2213 2749 admi-

1208 2800 1363 2839 serunt
1376 2788 1669 2837 Sacramenta
1685 2824 1698 2847 ‚
1717 2797 1759 2835 et
1773 2788 2074 2834 nominarunt
2088 2783 2216 2831 Con-

1210 2873 1533 2920 firmationem.
1568 2867 1641 2917 Cf.
1673 2868 1834 2916 Bellar.
1860 2868 1951 2915 loc.
1971 2868 2051 2913 cit.
2079 2882 2128 2911 n.
2169 2879 2210 2910 1.

1282 2953 1353 3017 (4)
1389 2951 1482 2999 Has
1508 2951 1644 2998 refert
1659 2947 1875 2998 Bellarm.
1892 2948 1982 2995 loc.
1999 2949 2078 2993 cit.
2098 2962 2146 2994 n.
2161 2941 2213 2992 6.

1281 3034 1343 3097 (ὅ)
1382 3032 1551 3080 Tribus
1580 3031 1706 3079 libris
1735 3030 1871 3078 Joan.
1907 3028 2103 3076 Dallaeus
2130 3023 2217 3072 hoc

1213 3116 1558 3165 Sacramentum
1597 3113 1882 3176 impugnavit
1914 3113 1964 3157 in
2011 3126 2088 3172 op.
2136 3105 2216 3153 De

1211 3197 1393 3245 duobus
1418 3195 1702 3242 Latinorum
1724 3209 1781 3239 ex
1798 3192 2020 3238 tinctione
2036 3186 2215 3236 Sacra·

1210 3280 1415 3337 menti-3,
1459 3275 1832 3338 Confirmatione
1865 3282 1908 3320 et
1943 3271 2177 3318 Ecetrema
2201 3304 2216 3329 ,

1200 3371 1254 3409 ut
1288 3367 1458 3408 vocant
1480 3395 1493 3416 ‚
1543 3356 1808 3412 Unctione,
1848 3354 1937 3403 vol.
1968 3370 1983 3400 1
2006 3390 2019 3412 ‚
2065 3355 2115 3399 in
2129 3347 2214 3412 -4,

1204 3442 1425 3500 Genevae,
1475 3435 1619 3504 1659.

1272 3523 1341 3587 (6)
1383 3522 1438 3569 In
1489 3517 1678 3568 Annal.
1707 3511 2094 3583 politico-eccles.
2145 3508 2207 3557 ad

1210 3622 1385 3655 annum
1411 3604 1498 3667 37,
1530 3600 1556 3667 S
1595 3597 1661 3650 36
1687 3609 1732 3648 et
1759 3615 1888 3663 seqq.
