2502 4186
287 168 405 230 410
915 186 1234 227 uaeramus
1276 186 1344 223 mi
1387 186 1775 227 roamrmvru.

290 331 597 392 dentinum
614 326 729 408 (l),
751 335 1000 397 constat,
1014 327 1353 389 Sacerdotes
1353 327 1678 404 judicium
1698 333 1801 387 Ιιοο
1819 372 1834 402 ‚
1851 332 2155 408 incognita
2181 350 2394 398 causa,

291 443 554 484 excercere
581 442 703 481 non
725 425 995 502 potuisse
1007 440 1042 494 ,‘
1065 443 1252 501 neque
1287 427 1625 502 aequitatem
1663 424 1907 501 quidem
1931 424 2062 481 illos
2096 429 2165 482 in
2195 426 2395 503 poem‘s

291 518 684 598 injunqendis
727 537 964 577 servare
994 522 1298 597 potuisse,
1348 523 1409 577 si
1440 522 1510 576 in
1539 538 1750 597 yenere
1789 519 2110 576 dumtaxat
2122 559 2147 589 ,
2180 528 2236 575 et
2278 538 2397 576 non

283 617 491 694 potius
521 618 593 672 in
618 617 805 693 specie
836 634 909 672 ac
940 614 1300 693 sinyillatim
1330 634 1442 672 sua
1463 617 1588 691 ipsi
1607 623 1856 692 peccata
1879 613 2294 671 declarassent.
2330 610 2398 670 Id

294 709 489 790 ipsum
521 707 631 767 fori
658 707 851 768 civilis
881 707 1239 768 consuetudo
1271 706 1446 790 plane
1478 706 1843 766 demonstrat
1861 753 1878 782 .,
1914 706 2014 766 ubi
2045 706 2154 765 nisi
2176 703 2398 783 judices

294 824 404 883 pro
435 801 717 862 tribunali
755 801 1022 862 sedentes
1056 823 1288 874 reorum
1315 822 1510 861 causas
1546 801 1640 863 vel
1675 822 1747 862 ex
1780 802 2014 884 propria
2049 799 2405 860 confessione

296 898 394 959 vel
433 898 718 957 accersitis
770 897 1015 958 testibus
1064 898 1500 978 diligentissime
1546 898 1910 978 inquirerent
1936 942 1952 971 7
2007 897 2365 957 discuterent
2384 938 2400 967 ,

296 993 696 1076 ponderarent
720 1038 735 1066 ,
774 1015 975 1053 eorum
995 993 1214 1071 judicia
1248 1005 1314 1052 ut
1340 993 1713 1074 iniquissimae
1753 993 2256 1074 praevaricationes
2293 990 2403 1047 ha-

298 1087 425 1147 beri
447 1088 748 1148 deberent.
769 1089 917 1148 Cum
942 1089 1139 1170 itaque
1157 1088 1417 1148 Christus
1443 1086 1703 1147 tribunal
1726 1086 2023 1169 spirituale
2047 1084 2406 1145 Poenitentiae

299 1183 373 1242 ad
395 1185 584 1242 instar
597 1184 706 1243 fori
728 1183 909 1245 civilis
930 1183 1179 1243 erexerit
1197 1227 1213 1257 ,
1239 1183 1557 1243 necessario
1575 1181 1878 1242 fatendum
1899 1192 1986 1240 est
2007 1202 2078 1240 ex
2104 1180 2409 1260 Scriptura}

298 1278 640 1336 auctoritate
666 1322 682 1353 .,
724 1278 836 1337 nisi
871 1278 1086 1360 praevia
1121 1276 1482 1356 singulorum
1517 1288 1887 1359 peccatorum
1928 1273 2238 1335 lethalium
2274 1294 2409 1332 cum

299 1372 416 1431 suis
439 1373 886 1432 circumstantiis
907 1418 922 1448 ,
951 1394 1081 1455 quae
1111 1372 1363 1454 speciem
1391 1383 1624 1431 mutant
1645 1371 1986 1448 ‚Confessio
2015 1372 2116 1430 fiat
2133 1415 2151 1447 ,
2192 1369 2411 1430 remitti

302 1468 637 1527 acretineri
670 1479 901 1550 peccata
932 1490 1052 1527 non
1084 1489 1272 1550 posse.

392 1563 527 1620 107.
578 1564 749 1622 Hunc
773 1574 1051 1645 praeterea
1077 1584 1142 1622 ac
1165 1585 1286 1621 non
1310 1562 1489 1621 alium
1514 1584 1743 1622 sensum
1769 1583 1892 1622 esse
1918 1561 2262 1636 verborum,
2282 1559 2414 1641 qui—

304 1654 414 1713 bus
455 1656 1007 1728 Christuscontulit
1038 1657 1192 1716 hanc
1231 1668 1583 1741 potestatem
1624 1656 1965 1718 absolvendi
2004 1668 2106 1715 aut
2146 1654 2363 1735 ligandi
2397 1700 2412 1727 v

306 1742 645 1810 remittendi
661 1763 762 1810 aut
775 1752 1070 1812 retinendi
1088 1763 1320 1834 peccata
1333 1797 1349 1828 ‚
1370 1762 1597 1811 constat
1613 1773 1682 1811 ex
1706 1752 1929 1810 ratione
1944 1796 1960 1827 ‚
1980 1751 2168 1833 quain
2189 1751 2417 1832 praxim

308 1845 432 1903 haec
464 1845 704 1904 facultas
738 1845 812 1904 ab
851 1847 1097 1906 Ecclesia
1138 1847 1386 1906 deducta
1418 1858 1505 1906 est
1530 1892 1546 1921 ‚
1582 1857 1757 1927 atque
1795 1868 1862 1906 ex
1905 1846 2195 1905 constanti
2229 1844 2416 1903 tradi-

312 1942 473 1999 tione
502 1961 566 1999 ac
587 1941 1072 2022 interpretatione
1088 1944 1327 2000 Patrum
1346 1986 1362 2015 ‚
1387 1963 1493 2023 per
1516 1962 1660 2022 quos
1684 1962 1886 2000 eorum
1910 1941 2223 2001 verborum
2247 1940 2419 2020 signi-

312 2036 503 2094 ficatio
523 2035 913 2095 determinata
933 2047 1039 2095 est.
1065 2035 1232 2110 Quod
1261 2036 1527 2118 sequenti
1549 2036 1944 2117 propositione
1967 2034 2419 2095 luculentissime

314 2132 715 2190 ostendemuS.
733 2132 976 2190 Interim
996 2131 1536 2204 animadvertimus,
1555 2131 1989 2193 Confessionem
2004 2131 2191 2213 ipsam
2209 2129 2419 2190 divinae

311 2228 693 2286 institutionis
717 2249 839 2286 esse
857 2273 873 2302 7
907 2248 970 2286 ac
990 2229 1372 2287 necessariam
1404 2226 1478 2286 ad
1494 2225 1784 2307 salutem,
1807 2247 1929 2286 non
1953 2237 2150 2286 autem
2174 2226 2424 2285 modum

311 2322 631 2382 confitendi
659 2324 780 2383 sive
808 2322 1004 2404 palam
1027 2324 1149 2384 sive
1177 2333 1431 2397 secret03
1475 2323 1574 2404 qui
1597 2321 1806 2381 modus
1835 2322 2011 2382 afficit
2035 2333 2269 2382 tantum
2300 2320 2420 2379 dis-

315 2417 593 2499 ciplinam
617 2463 633 2494 ,
664 2423 824 2497 cujus
853 2418 1099 2479 Ecclesia
1123 2418 1483 2478 moderatrix
1521 2439 1645 2478 esse
1675 2417 1851 2478 debet
1879 2419 1990 2499 (2).

1128 2594 1618 2638 DIFFICULTATES.

404 2711 539 2768 108.
587 2708 719 2787 obj.
752 2710 958 2791 prima.
994 2709 1056 2767 1⁰
1091 2708 1353 2768 Christus
1388 2707 1574 2768 citatis
1601 2706 1794 2767 verbis
1832 2706 2165 2767 Sacerdotes
2196 2706 2419 2786 judices

392 2916 455 2980 (l)
492 2916 611 2965 Sess.
651 2935 745 2977 xiv,
780 2934 882 2982 cap.
915 2915 964 2966 5.
1422 2912 1607 2963 Ηωνεε.
1645 2930 1793 2974 mxxix,
1827 2912 1931 2980 §5,
1964 2913 2239 2962 contendere
2259 2951 2271 2973 ,
2300 2931 2426 2962 nun-

391 2999 458 3062 (2)
495 2998 641 3048 Conc.
666 2999 797 3048 Trid.
828 3001 918 3048 hoc
947 3009 1099 3064 aperte
1122 2999 1296 3046 iudicat
1314 3034 1327 3056 ‚
1420 3015 1562 3063 quam
1585 2995 1928 3045 Confessionem
1954 2997 2187 3062 publicam
2219 2999 2429 3061 viguisse.

322 3097 430 3129 sess.
461 3098 561 3142 xlv,
600 3099 707 3147 cap.
751 3079 802 3131 5.
849 3081 952 3130 Cfr.
984 3080 1223 3139 MorinuS‚
1253 3079 1334 3127 De
1421 3080 1594 3128 Verum
1628 3082 1725 3145 ipse
1755 3080 1962 3146 loquitur
2002 3079 2059 3127 de
2101 3079 2283 3144 publica
2323 3096 2429 3144 pec-

325 3158 506 3211 Poenit.
533 3163 620 3211 lib.
647 3180 712 3223 11,
740 3180 837 3227 cap.
876 3179 934 3211 10
955 3199 967 3222 ‚
1003 3161 1031 3229 ὃ
1075 3160 1134 3226 14
1165 3173 1208 3210 et
1237 3180 1333 3227 seq·
1422 3175 1627 3214 catorum
1659 3163 1982 3222 Confessione‚
2013 3179 2115 3227 quae
2149 3162 2301 3227 aliqua
2332 3162 2430 3226 lege

326 3253 427 3292 tum
445 3246 585 3292 etiam
606 3261 709 3309 cap.
726 3260 779 3311 9,
798 3245 879 3293 ubi
902 3262 994 3292 non
1010 3261 1154 3309 pauca
1173 3261 1324 3292 exem·
1423 3247 1561 3294 fuerit
1577 3248 1836 3311 praescripta
1852 3282 1865 3306 ‚
1886 3247 2136 3310 praesertim
2154 3247 2203 3290 in
2219 3246 2429 3291 universa

327 3325 404 3390 pla
453 3325 626 3391 profert
667 3327 893 3391 ejusmodi
935 3326 1285 3374 Conl'essionum
1314 3361 1327 3384 ‚
1422 3328 1642 3376 Ecclesia.
1671 3328 1728 3376 ln
1761 3346 1853 3394 quo
1873 3330 2033 3393 utique
2067 3329 2108 3374 ei
2141 3328 2429 3374 assentimur.

329 3422 432 3473 quae
451 3410 501 3455 in
525 3406 711 3471 publico
736 3423 949 3455 consessu
977 3407 1209 3456 interdum
1233 3407 1331 3455 fieri
1421 3409 1504 3458 Ast
1519 3412 1679 3476 negari
1700 3425 1795 3458 non
1812 3419 1961 3474 potest
1976 3446 1990 3469 ‚
2013 3411 2063 3457 in
2087 3407 2323 3457 nonnullis
2340 3405 2429 3453 Ec·

331 3497 688 3559 consueverunt.
728 3487 783 3536 Id
805 3490 955 3553 ipsum
975 3488 1175 3538 ostendit
1215 3488 1332 3537 Mas·
1424 3492 1574 3540 clesiis
1607 3502 1652 3540 et
1677 3509 1757 3557 per
1792 3491 1977 3556 aliquod
2004 3501 2182 3556 ternpus
2203 3488 2430 3555 ejusmodi

334 3581 489 3619 suetus
508 3605 523 3632 ,
555 3572 695 3619 Dias.
726 3587 782 3618 111
820 3566 960 3618 Iren.
994 3587 1100 3636 cap,
1128 3586 1177 3635 7.
1207 3568 1334 3630 Scio,
1426 3573 1771 3623 Confessionem
1806 3572 2074 3622 obtinuisse.

332 3650 571 3702 Patavium
617 3655 666 3701 iu
700 3653 856 3701 adnot.
907 3655 957 3701 in
1002 3653 1048 3700 S.
1106 3652 1334 3717 Epiphan.
