2502 4186
2024 277 2026 280 ·
2072 253 2181 315 171

345 282 466 320 ΟΑΡ.
515 281 557 318 l.
605 282 673 316 lm
716 279 1138 353 REALleHRISTI
1181 276 1501 315 PRAESENTIA
1535 276 1596 313 IN
1639 275 1890 314 EUGHAR.

70 434 284 508 pateat.
306 423 534 482 Falsum
554 432 834 506 praeterea
858 433 945 481 est
963 467 980 497 ,
1006 421 1276 501 nuspiam
1291 419 1353 478 in
1371 421 1519 479 Nov.
1540 419 1689 477 Test.
1715 418 2183 493 commemorari,

71 531 173 579 aut
199 541 274 578 ne
301 520 613 578 minimum
651 518 973 600 quidquam
1015 514 1181 587 addi,
1227 513 1386 595 quod
1411 513 1630 572 indicet
1648 558 1663 587 ,
1691 514 1753 571 in
1780 513 1965 596 epulis
1997 512 2189 573 Chris-

70 616 367 674 tianorum
391 615 564 674 sacris
594 635 693 672 ore
718 612 934 692 gustari
972 610 1324 689 Sanguinem
1357 619 1417 668 et
1442 610 1665 690 Corpus
1702 609 1934 668 Christi.
1968 608 2188 691 Ecquid

73 710 230 769 aliud
268 709 378 769 sibi
412 708 621 770 volunt
657 707 836 769 verba
872 704 1148 787 Apostoli,
1189 706 1210 763 1
1244 705 1375 763 Cor.
1405 688 1496 778 X.
1539 704 1612 761 16
1649 727 1661 762 :
1705 705 1881 764 Galia·
1916 706 2189 764 henedic-

77 809 283 876 tionis‚
307 810 413 863 cui
429 804 849 868 benedicimus,
883 821 1079 861 nonne
1102 803 1569 860 communicatio
1593 800 1930 879 Sanquinis
1962 797 2196 859 Christi

74 898 197 957 est?
238 909 293 956 et
314 902 540 977 panis,
586 919 762 977 quem
801 899 1157 976 franyimus
1176 938 1200 966 ,
1247 916 1448 957 nonne
1472 899 1876 975 participatio
1912 899 2190 974 Corporis

74 995 333 1052 Domini
357 991 592 1073 esc(l)'?
629 992 744 1051 Ubi
793 996 1026 1050 Kncvoevz'a
1064 999 1232 1047 sonat
1265 989 1482 1048 realem
1507 990 2013 1070 participationem
2038 1032 2056 1062 ‚
2100 990 2189 1049 uti

75 1088 139 1145 in
174 1110 234 1147 v.
291 1090 365 1148 18
407 1095 742 1169 particiffws
781 1087 1028 1161 altaris,
1071 1093 1284 1145 κοινωνοί
1323 1086 1617 1145 dicuntur.
1672 1086 1857 1145 Judaei
1897 1107 2072 1168 porro
2124 1105 2190 1144 ac

76 1183 294 1243 ethnici
322 1206 444 1243 non
471 1186 712 1265 figuram
743 1182 931 1241 carnis
949 1227 965 1257 7
997 1180 1101 1241 sed
1128 1202 1363 1241 carnem
1385 1182 1577 1263 ipsam
1608 1181 1974 1240 immolatam
2003 1201 2191 1240 come-

77 1277 333 1354 debant3
383 1301 518 1360 ergo
565 1290 624 1338 et
663 1277 1017 1352 Christiani,
1074 1276 1423 1357 quibuscum
1447 1275 1532 1335 illi
1577 1276 1980 1336 conferuntur.
2035 1273 2190 1349 Quid

76 1395 310 1433 rursum
338 1374 497 1434 aliud
521 1374 718 1432 ferunt
744 1371 1006 1450 ejusdem
1037 1372 1298 1454 Apostoli
1320 1370 1531 1445 verba,
1554 1371 1694 1433 ibid.
1724 1373 1837 1449 XI,
1877 1371 1956 1431 27
1989 1393 2003 1431 ε
2035 1372 2191 1451 Qui-

77 1490 330 1548 cumque
357 1470 821 1528 manducaverit
836 1488 1064 1548 panem
1085 1468 1246 1526 hunc
1259 1509 1280 1538 ,
1304 1469 1394 1525 vel
1419 1469 1643 1526 biberit
1661 1470 1908 1526 calicem
1935 1469 2198 1528 Domini

76 1565 326 1644 indiyne
343 1610 358 1639 7
379 1586 518 1623 reus
539 1568 658 1622 erit
683 1564 962 1644 Corporis
994 1575 1049 1622 et
1066 1564 1403 1643 Sanquinz's
1424 1566 1684 1623 Domini
1721 1562 1810 1642 (2)
1836 1563 1863 1619 Ρ
1901 1561 2015 1620 Ubi
2052 1582 2191 1620 reus

79 1657 275 1735 ἔνοχος,
321 1657 529 1717 dicitur
576 1658 650 1718 de
694 1680 871 1740 poena
901 1658 976 1718 ob
1021 1658 1401 1717 offensionem
1427 1660 1809 1736 personalem
1858 1657 1984 1736 (3),
2031 1654 2192 1738 quod

66 1754 336 1833 ‘profecto
387 1754 461 1813 de
499 1776 661 1814 mero
703 1753 967 1835 symbolo
1008 1754 1121 1812 dici
1161 1754 1388 1835 nequit.
1435 1755 1559 1813 Hoc
1601 1754 1795 1836 ipsum
1834 1752 2148 1812 adstruunt
2172 1796 2189 1824 ‚

76 1869 205 1928 quae
243 1848 476 1924 subdit,
507 1848 649 1909 ibid.
691 1864 750 1911 v.
787 1851 866 1909 29
903 1873 917 1908 z
950 1850 1094 1911 Non
1120 1851 1473 1930 dijudicans
1519 1850 1747 1929 Corpus
1776 1851 2038 1908 Domini
2077 1847 2189 1927 (4).

79 1943 358 2015 Quaenam
383 1946 543 2002 enim
571 1943 718 2003 ratio
749 1957 850 2003 aut
871 1947 1177 2005 necessitas
1209 1943 1525 2005 haberetur
1548 1944 1721 2023 hujus
1753 1944 2145 2003 distinctionis
2173 1988 2190 2018 ⁷

79 2036 124 2093 si
147 2036 361 2097 Christi
392 2039 618 2120 Corpus
650 2061 855 2122 reapse
883 2063 1004 2100 non
1039 2039 1313 2101 adesset?
1338 2043 1412 2100 At
1444 2040 1790 2101 adversariis
1831 2041 2047 2099 nostris
2071 2040 2193 2099 for-

79 2130 231 2190 sitan
265 2132 386 2193 haec
415 2146 589 2194 erunt
618 2135 861 2195 totidem
884 2135 1226 2215 glossemata
1247 2181 1262 2209 .,
1305 2156 1431 2217 quae
1454 2136 1517 2194 in
1541 2148 1770 2196 textum
1803 2137 2190 2217 irrepserunt.

163 2225 259 2285 51.
306 2227 396 2286 Ad
431 2227 548 2304 411¹,
601 2231 774 2311 Resp.
825 2232 890 2288 1⁰
943 2232 1096 2311 Ney.
1140 2231 1299 2290 hunc
1346 2232 1528 2290 ritum
1567 2236 1693 2310 jam
1753 2243 1920 2291 aetate
1981 2229 2195 2290 Christi

81 2319 402 2381 obtinuisse
426 2369 442 2396 7
488 2334 554 2381 ut
592 2324 782 2383 Judaei
820 2325 883 2382 in
911 2325 1300 2385 celebratione
1336 2325 1833 2408 coenae‘paschalis
1876 2326 1974 2384 illa
2013 2324 2193 2385 verba

77 2415 427 2495 proferrent.
450 2419 598 2476 Nam
614 2440 803 2500 neque
820 2421 883 2476 in
899 2430 1067 2478 tract.
1082 2421 1421 2498 Pesachim,
1440 2441 1632 2502 neque
1645 2423 1705 2478 in
1722 2431 1888 2478 tract.
1904 2420 2195 2480 Beracotli

148 2578 211 2642 (l)
250 2575 314 2628 To*
343 2578 541 2647 ποτ-ἤρων
581 2587 662 2637 τῆς
699 2580 930 2645 εὖλογιόις,
969 2580 988 2632 ἓ
1028 2586 1095 2641 ειξ-
1176 2595 1295 2633 certe
1329 2584 1386 2632 de
1423 2584 1633 2650 symbolo
1663 2584 1754 2633 dici
1784 2586 1963 2651 nequit.
1996 2582 2196 2650 Quando

1174 2665 1334 2714 Ariani
1369 2676 1538 2715 statuas
1574 2669 1865 2731 imperatoris
1900 2666 2195 2714 Constantini

1175 2748 1296 2796 male
1327 2758 1612 2808 tractarunt,
1658 2748 1794 2797 aulici
1831 2750 1875 2795 ei
1902 2747 2196 2796 blandientes

83 2666 298 2723 λογοῧμεν
315 2701 328 2724 ‚
354 2661 454 2724 ov’x}
477 2662 668 2712 κοινωνιόι
691 2670 771 2713 τοῦ
797 2667 991 2727 αἵματος
1018 2671 1096 2714 τοῦ

80 2749 267 2804 Χριστοῦ
318 2747 442 2809 {rw-13
496 2743 565 2811 ‘ri-v
614 2745 739 2813 ἄρτον
785 2744 823 2796 ἓν
882 2754 1090 2811 κλῶμεν,

83 2819 181 2882 ου’χὶ
212 2824 401 2875 κοινωνίαι
433 2834 511 2877 τοῦ
538 2826 747 2891 στὸματος
788 2835 867 2879 ‘tob‘
902 2836 1095 2897 Χριστοῦ

82 2924 225 2968 80‘2'513

152 2987 214 3052 (2)
245 2986 327 3042 Ὃς
361 2987 413 3040 02⁸»
448 2991 578 3056 ἐσθίῃ
611 2991 683 3043 riv
720 2990 846 3061 ἔρα-ον
882 3000 1029 3044 τοῦτον
1070 2991 1095 3052 33

77 3068 176 3133 πίνῃ
222 3067 275 3119 ri
315 3070 510 3139 oros-»ipen
558 3082 637 3125 τοῦ
681 3074 831 3142 Κυρίου
877 3075 1090 3144 ςὶνοιξῖως,

78 3150 228 3215 ’ἔνοχος
270 3150 400 3203 ἵει-ται
436 3162 515 3205 τοῦ
545 3155 757 3221 rcipias-05
792 3155 870 3206 xa}
909 3166 989 3209 τοῦ
1022 3164 1092 3210 αἵ·-

77 3259 225 3298 ,ιιοιτος
262 3231 339 3285 ‘rosi
373 3235 545 3304 Κυρίου.

146 3319 211 3383 (3)
250 3317 370 3368 Sane
412 3338 427 3367 ε
465 3320 591 3368 Reus
630 3318 779 3384 ’ἔνοχος
827 3324 995 3374 dicitur
1033 3327 1092 3375 de

78 3419 207 3466 poena
228 3438 242 3461 ‚
272 3412 317 3450 et
343 3400 535 3468 quidem
571 3405 925 3463 mortiS‚Matth.
954 3425 1086 3469 xxvi,

74 3481 162 3541 66,
190 3484 246 3531 de
265 3484 530 3533 addictione
556 3484 616 3532 ad
634 3486 863 3546 tribunal,
892 3488 1008 3538 ibid.
1031 3509 1086 3551 v,

76 3581 131 3612 21
158 3577 202 3613 et
223 3581 305 3628 223
325 3565 467 3613 semel
495 3566 552 3614 de
570 3566 768 3632 objecto,
786 3569 911 3633 quod
939 3569 1088 3618 offen-

72 3645 214 3708 ditur,
238 3648 321 3695 cfr.
341 3647 503 3696 Jacob.
532 3666 567 3695 11
586 3683 602 3708 ,
629 3665 685 3696 10
708 3665 723 3696 ε
744 3646 857 3696 Erit
875 3651 1094 3699 omnium

73 3743 183 3774 rcus
226 3729 436 3791 (scilicet
471 3732 859 3795 praeceptorum).
893 3731 1011 3780 Item
1042 3735 1094 3780 in

71 3810 176 3873 jure
210 3808 351 3860 Rom.
374 3810 503 3859 Reus
525 3810 649 3860 loesae
677 3813 961 3877 niajestatis.
995 3813 1095 3862 Hoc

1175 2830 1328 2879 dixere
1352 2847 1366 2879 ε
1389 2827 1462 2878 En
1482 2867 1496 2891 ‚
1523 2830 1757 2897 quomodo
1793 2830 1930 2878 facies
1968 2839 2047 2878 tua
2081 2829 2200 2879 limo

1175 2915 1381 2977 operitur
1398 2930 1451 2961 ac
1469 2912 1590 2961 male
1612 2912 1808 2960 foedatur
1825 2928 1839 2974 5
1860 2910 2197 2960 Constantinus

1174 2994 1341 3043 faciem
1370 3012 1500 3043 suam
1530 3012 1675 3042 manu
1701 2994 1941 3058 explorans
1959 3029 1973 3054 ‚
2002 3010 2196 3058 respon-

1175 3076 1243 3124 dit
1269 3095 1282 3125 :
1308 3077 1401 3142 Ego
1427 3077 1545 3124 nihil
1567 3079 1734 3125 sentio.
1764 3075 1812 3124 Si
1829 3075 1999 3123 Christi
2014 3074 2192 3140 Corpus

1174 3160 1225 3207 in
1257 3158 1548 3207 Eucharistia
1574 3177 1670 3209 non
1696 3158 1905 3218 adesset,
1928 3156 2100 3206 Paulus
2121 3173 2196 3222 ap·

1175 3244 1266 3289 tius
1299 3251 1342 3290 et
1377 3242 1541 3290 melius
1569 3259 1624 3289 ex
1654 3241 1864 3288 bonitate
1897 3239 1970 3287 vel
1998 3242 2195 3288 auctori-

1175 3333 1266 3371 tate
1297 3322 1466 3370 Christi
1499 3325 1717 3388 arguisset
1765 3340 1908 3390 quam
1939 3339 1998 3371 ex
2043 3321 2199 3370 offen-

1177 3407 1304 3454 sione
1314 3403 1568 3471 personali
1583 3423 1605 3466 ,-
1641 3423 1750 3454 nam
1769 3444 1783 3467 ‚
1807 3407 1888 3472 qui
1910 3422 2066 3470 regem
2097 3421 2195 3452 non

1177 3487 1317 3535 afficit.
1333 3489 1504 3553 injuria
1517 3488 1766 3552 personali,
1783 3505 1880 3535 non
1894 3496 2076 3536 tenetur
2088 3500 2193 3533 reu-s

1178 3567 1427 3635 majestatis
1446 3607 1458 3630 ‚
1488 3570 1650 3619 saltem
1682 3573 1839 3618 stricto
1867 3587 2022 3617 sensu.

1249 3651 1312 3715 (4)
1348 3648 1426 3707 Mn*
1451 3649 1673 3719 διοικρῖνων
1695 3649 1747 3703 ’τὲ
1765 3659 1899 3713 σ-ὦμοι
1918 3653 1997 3701 τοῦ
2019 3645 2192 3714 Kvps'ov.
