2502 4186
262 221 342 281 72
503 284 505 290 ι
923 236 1239 278 ΤηΑαΤΛτπε
1283 235 1351 272 ΒΕ
1394 233 1683 274 nummo,

347 382 484 445 157.
532 381 662 460 obj.
706 365 928 461 quarta.
963 376 1182 436 Saltem
1218 373 1560 436 universa-lis
1592 373 1703 432 dici
1727 375 1929 455 nequit
1951 375 2074 436 haec
2095 378 2359 438 doctrina

265 479 339 540 de
382 476 640 538 absoluta
693 472 1033 532 necessitate
1069 471 1381 552 Baptismi„
1435 489 1624 549 neque
1671 480 1958 527 constans.
2010 471 2072 527 10
2123 474 2191 530 In
2237 474 2361 553 pri—

262 573 464 635 mitiva
502 567 787 649 siquidem
823 559 1068 625 Ecclesia
1117 565 1352 647 plurimi
1391 564 1464 623 ad
1511 574 1740 622 aetatem
1777 562 2039 622 adultam
2081 566 2360 645 Baptismi

265 663 690 744 susceptionem
736 659 1178 742 protrahebant.
1225 661 1292 718 20
1339 660 1733 718 Constitutum
1784 670 2060 739 praeterea
2102 660 2244 734 fuit,
2296 671 2363 719 ut

264 759 556 840 Baptisma
605 755 840 815 nonnisi
889 754 1245 814 solemnibus
1294 754 1580 812 paschatis
1631 765 1690 811 et
1740 756 2107 813 pentecostes
2160 753 2362 813 diebus

264 852 806 923 administraretur.,
839 861 1012 931 prout
1045 860 1206 930 patet
1240 870 1309 907 ex
1339 849 1505 930 epist.
1535 851 1607 907 lv
1641 851 1697 906 S.
1732 848 1972 922 Leonis;
2007 848 2072 907 30
2098 844 2195 930 qui
2219 849 2363 907 ritus

264 946 408 1007 adeo
433 945 616 1025 rigide
647 944 986 1003 observatur
1006 945 1063 1001 in
1090 943 1377 1003 Thessalia
1401 989 1416 1018 a
1445 945 1635 1024 inquit
1662 946 1917 1002 Socrates
1937 989 1951 1018 a
1995 955 2065 1002 ut
2092 967 2362 1016 namque

263 1044 434 1123 apud
459 1045 586 1100 illos
612 1042 830 1118 absque
861 1042 1168 1118 Baptismo
1198 1043 1545 1098 moriantur
1572 1037 1781 1118 (1).40
1819 1038 1926 1098 Alii
1958 1051 2230 1120 praeterea
2263 1040 2364 1098 diu

261 1136 820 1206 incatecIiumenatu
838 1135 1111 1214 Baptismi
1126 1136 1368 1212 gratiam
1387 1145 1688 1215 expectare
1708 1133 2060 1212 cogebantur
2079 1158 2095 1206 ς
2127 1135 2191 1193 5⁰
2209 1133 2366 1215 quod

267 1232 316 1291 si
357 1231 682 1310 contigisset
724 1227 944 1309 aliquos
987 1228 1281 1308 extemplo
1331 1250 1400 1287 ex
1430 1229 1544 1287 ¹bac
1590 1230 1708 1288 vita
1756 1229 2034 1307 migrare3
2089 1230 2361 1287 sacrificia

269 1337 330 1387 et
365 1325 682 1383 oblationes
711 1344 817 1403 pro
852 1324 1113 1402 ipsorum
1145 1322 1449 1380 animabus
1478 1323 1675 1382 offerri
1707 1334 2129 1382 consueverant
2163 1323 2225 1380 in
2263 1325 2369 1382 Ec—

266 1420 432 1481 clesia
456 1465 471 1494 ,
503 1429 648 1478 teste
695 1421 750 1477 S.
782 1416 1084 1477 Ambrosio
1119 1418 1180 1475 in
1218 1418 1475 1477 oratione
1501 1463 1517 1492 7
1545 1440 1720 1499 quam
1768 1419 2026 1478 recitavit
2066 1420 2128 1477 in
2171 1418 2372 1476 funere

266 1515 658 1575 Valentiniani
695 1515 1066 1595 Imperatoris
1097 1512 1284 1572 adhuc
1307 1513 1746 1588 catechumeni,
1785 1513 1858 1573 ab
1895 1513 2203 1593 Argobaste
2237 1513 2372 1572 dolo

270 1610 502 1670 sublati.
552 1611 616 1667 6Ο
654 1609 802 1667 Hinc
839 1607 991 1667 bene
1036 1629 1264 1689 semper
1300 1621 1597 1688 speratum
1644 1620 1727 1668 est
1768 1609 1839 1669 de
1877 1606 1978 1683 iis,
2023 1610 2123 1690 qui
2169 1610 2230 1666 in
2269 1610 2373 1666 Ec·
2466 1627 2467 1631 ¹

273 1706 458 1766 clesiae
517 1705 740 1764 unitate
799 1703 1014 1784 absque
1065 1704 1358 1783 Baptismo
1401 1703 1658 1762 defuncti
1705 1704 1980 1779 fuissent,
2044 1716 2109 1761 ut
2158 1702 2375 1761 indicat

275 1804 327 1862 S.
365 1801 682 1881 Cyprianus
709 1801 904 1877 Epist.
937 1799 1218 1858 LXXIII
1235 1800 1319 1856 ad
1346 1801 1769 1876 Juhajanum;
1802 1799 1937 1874 ubi,
1975 1821 2106 1858 cum
2131 1797 2238 1856 sibi
2264 1797 2377 1878 ipsi

278 1896 553 1954 adversus
591 1894 941 1953 sententiam
987 1893 1061 1951 de
1099 1892 1524 1973 rebaptizandis
1570 1895 1632 1952 in
1672 1894 1876 1952 haeresi
1915 1893 2218 1975 baptizatis
2267 1914 2376 1972 op-

273 1990 559 2071 posuisset
597 2011 610 2047 :
652 1990 817 2068 Quid
841 2009 971 2068 erqo
1008 1989 1109 2065 fiet
1144 1989 1212 2046 de
1243 1992 1335 2045 his
1355 2032 1370 2060 ,
1418 1992 1530 2066 qai
1555 1992 1623 2046 in
1657 1993 2038 2066 proeteritam
2070 1990 2138 2045 de
2169 1989 2380 2045 haeresi

274 2086 361 2143 ad
381 2084 713 2144 Ecclesiam
735 2089 1026 2142 venientes
1048 2087 1176 2140 sine
1200 2085 1511 2160 Baptismo
1530 2085 1784 2142 admissi
1810 2083 1993 2142 sunt?
2017 2082 2331 2163 respondet
2358 2104 2371 2139 :

277 2179 492 2238 Potens
536 2189 623 2236 est
659 2181 957 2238 Dominus
1002 2179 1422 2235 misericordia
1469 2199 1582 2234 saa
1632 2179 2078 2256 indulgjentiam
2135 2178 2282 2234 dare
2328 2187 2384 2235 et

279 2294 368 2331 eos
390 2317 411 2345 ,
449 2277 560 2351 qui
597 2276 681 2330 ad
706 2275 1031 2334 Ecclesiam
1063 2274 1421 2349 simpliciter
1444 2272 1700 2328 admissi
1725 2276 1794 2328 in
1829 2269 2099 2329 Ecclesia
2126 2273 2384 2330 dormie-

282 2379 435 2427 runt
448 2412 470 2440 ,
509 2370 587 2427 ab
616 2362 897 2427 Ecclesioe
927 2388 1051 2424 suoe
1087 2367 1446 2423 mmzeribas
1475 2387 1595 2423 non
1627 2387 1908 2444 separare
1942 2366 2052 2445 (2).
2108 2368 2233 2438 Quo
2261 2366 2381 2424 fac-

162 2484 169 2491 ·
216 2485 219 2487 “
280 2474 408 2522 tum
435 2475 522 2521 est
551 2464 654 2537 70,
694 2474 759 2520 ut
805 2461 1218 2520 controversia·
1240 2460 1627 2540 anabaptismi
1660 2481 1888 2540 semper
1922 2472 2178 2541 spectata
2213 2461 2383 2519 fuerit

279 2568 560 2637 tanquam
585 2556 659 2614 ad
682 2556 925 2615 liberam
948 2555 1311 2635 disciplinam
1339 2565 1624 2633 spectans,
1654 2555 1719 2611 8ο
1747 2554 1931 2627 Adde,
1960 2557 2170 2635 Coptos
2194 2601 2209 2630 ‚
2237 2567 2384 2616 teste

284 2651 504 2710 Thema
536 2672 567 2708 a
599 2653 736 2708 Jesu
760 2695 775 2725 ,
811 2652 1045 2708 nonnisi
1083 2661 1218 2730 post
1251 2649 1490 2730 triginta
1515 2648 1635 2706 dies
1661 2648 1931 2728 parvulos
1965 2670 2094 2707 suos
2122 2650 2343 2727 tingere
2365 2694 2381 2724 .,

286 2755 346 2803 et
374 2743 608 2824 quidem
633 2764 738 2822 per
768 2743 915 2801 solos
939 2742 1303 2823 Presbyteros
1324 2787 1339 2814 a
1379 2741 1521 2799 adeo
1548 2753 1612 2799 ut
1636 2763 1730 2801 eos
1765 2743 1954 2823 potius
1981 2744 2129 2801 mori
2154 2745 2383 2824 patian-

285 2849 417 2911 tur,
448 2859 620 2919 quam
646 2850 712 2896 ut
744 2849 878 2895 ante
906 2848 1186 2895 statutum
1217 2837 1371 2896 diem
1403 2848 1461 2895 et
1495 2835 1566 2894 ab
1604 2836 1714 2894 alio
1737 2882 1752 2907 ,
1786 2859 1960 2917 quam
1984 2860 2014 2895 a
2045 2838 2384 2918 Presbytero

285 2931 654 3012 baptizentur
678 2977 693 3004 ,
733 2933 816 2989 uti
840 2931 995 3013 apud
1018 2931 1356 2991 Calvinistas
1380 2952 1502 2989 mos
1525 2930 1766 2990 obtinet.
1794 2932 1880 2990 Ad
1907 2955 2199 2990 summum
2221 2979 2236 3007 ,
2254 2988 2258 2991 .
2277 2945 2387 2994 tes-

289 3025 444 3084 tibus
495 3014 826 3085 Wanslebio
869 3038 928 3084 et
965 3026 1257 3105 Zagazabo
1278 3071 1294 3100 7
1338 3026 1584 3106 AEgyptii
1639 3026 1915 3107 supplent
1964 3028 2240 3107 Baptismi
2283 3028 2388 3087 de-

286 3119 503 3180 fectum
534 3120 829 3179 nonnullis
865 3120 1232 3179 unctionibus
1267 3141 1440 3202 super
1479 3120 1763 3179 infantem
1814 3121 2187 3198 defunctum,
2219 3127 2388 3200 juxta

294 3287 429 3333 ristie
448 3322 462 3345 ‚
495 3285 552 3333 de
569 3285 615 3333 la
635 3288 803 3350 yrdce,
836 3287 902 3333 du
923 3286 1067 3351 peche
1094 3284 1301 3350 oriqinel
1380 3282 1570 3331 l'aimer
1593 3293 1635 3331 et
1668 3287 1805 3332 avoir
1829 3285 1870 3333 Ie
1901 3284 2126 3350 Bapteme
2159 3284 2214 3332 de
2243 3285 2388 3336 desir.

300 3375 346 3414 et
377 3367 433 3414 de
467 3366 512 3415 la
538 3369 849 3415 resurrection
876 3368 956 3414 des
982 3384 1116 3432 corps
1134 3404 1147 3425 ‚
1178 3368 1301 3414 Paris
1453 3367 1516 3429 (l)
1553 3362 1632 3413 Διὲ
1659 3365 1834 3432 σφόδρα
1857 3365 1971 3421 πλῆν
2000 3365 2152 3424 Salvam
2177 3368 2213 3413 οἱ
2235 3364 2382 3416 λοιποὶ

303 3446 455 3511 18263
474 3451 581 3513 qui,
603 3460 652 3496 ut
670 3450 805 3497 refert
830 3449 986 3496 Revue
1004 3447 1299 3512 encycloped.
1384 3444 1448 3510 ,ιιῆ
1484 3447 1818 3506 βαπτισθέντες
1864 3447 2215 3503 alveario-novom«.
2252 3447 2389 3498 Hist.

299 3529 356 3576 de
385 3529 568 3590 Paris,
600 3530 721 3578 Mars
766 3527 886 3596 1827
929 3531 1182 3596 :Suppose
1214 3547 1303 3593 que
1383 3529 1494 3578 eccl.
1534 3532 1619 3580 lib.
1659 3551 1718 3593 v,
1758 3550 1863 3597 cap.
1905 3545 2037 3590 ¹111,
2078 3548 2131 3579 ex
2171 3532 2377 3579 versione

298 3609 364 3658 les
407 3611 594 3675 ensants
649 3612 901 3676 renfermes
942 3612 1062 3659 dans
1114 3612 1155 3659 le
1203 3611 1304 3659 sein
1383 3611 1573 3662 Valesii.

298 3693 530 3741 materne!
568 3702 776 3760 peucent
832 3696 1076 3742 connaitre
1127 3693 1262 3741 Diew
1287 3731 1300 3755 ‚
1451 3692 1523 3758 (2)
1557 3694 1681 3744 Edit.
1718 3694 1875 3744 Maur.
1904 3710 2011 3759 pag.
2063 3688 2174 3740 136.
