<?xml version="1.0" encoding="UTF-8"?>
<!DOCTYPE html PUBLIC "-//W3C//DTD XHTML 1.0 Transitional//EN"
    "http://www.w3.org/TR/xhtml1/DTD/xhtml1-transitional.dtd">
<html xmlns="http://www.w3.org/1999/xhtml" xml:lang="en" lang="en">
 <head>
  <title>
</title>
<meta http-equiv="Content-Type" content="text/html;charset=utf-8" />
  <meta name='ocr-system' content='tesseract 3.04.00' />
  <meta name='ocr-capabilities' content='ocr_page ocr_carea ocr_par ocr_line ocrx_word'/>
</head>
<body>
  <div class='ocr_page' id='page_1' title='image "a603693806perruoft_0195.png"; bbox 0 0 2502 4186; ppageno 0'>
   <div class='ocr_carea' id='block_1_1' title="bbox 2109 238 2226 307">
    <p class='ocr_par' dir='ltr' id='par_1_1' title="bbox 2109 238 2226 307">
     <span class='ocr_line' id='line_1_1' title="bbox 2109 238 2226 307; baseline 0.009 -11"><span class='ocrx_word' id='word_1_1' title='bbox 2109 238 2226 307; x_wconf 88' lang='lat'><strong>187</strong></span> 
     </span>
    </p>
   </div>
   <div class='ocr_carea' id='block_1_2' title="bbox 390 258 1932 314">
    <p class='ocr_par' dir='ltr' id='par_1_2' title="bbox 390 258 1932 314">
     <span class='ocr_line' id='line_1_2' title="bbox 390 258 1932 314; baseline -0.006 -8"><span class='ocrx_word' id='word_1_2' title='bbox 390 267 515 306; x_wconf 79' lang='lat' dir='ltr'>CAP..</span> <span class='ocrx_word' id='word_1_3' title='bbox 560 269 599 304; x_wconf 89' lang='lat'><strong>1.</strong></span> <span class='ocrx_word' id='word_1_4' title='bbox 649 269 715 303; x_wconf 83' lang='lat' dir='ltr'><strong>DE</strong></span> <span class='ocrx_word' id='word_1_5' title='bbox 759 268 922 304; x_wconf 74' lang='lat' dir='ltr'><strong>REALI</strong></span> <span class='ocrx_word' id='word_1_6' title='bbox 964 265 1186 305; x_wconf 80' lang='lat' dir='ltr'>CHRISTI</span> <span class='ocrx_word' id='word_1_7' title='bbox 1229 262 1644 314; x_wconf 57' lang='lat' dir='ltr'><strong>PRAESEN311A1&gt;1H</strong></span> <span class='ocrx_word' id='word_1_8' title='bbox 1687 258 1932 300; x_wconf 78' lang='lat' dir='ltr'>EUCHAR.</span> 
     </span>
    </p>
   </div>
   <div class='ocr_carea' id='block_1_3' title="bbox 115 401 2237 1625">
    <p class='ocr_par' dir='ltr' id='par_1_3' title="bbox 127 401 2228 584">
     <span class='ocr_line' id='line_1_3' title="bbox 131 401 2228 491; baseline -0.003 -24"><span class='ocrx_word' id='word_1_9' title='bbox 131 407 366 483; x_wconf 81' lang='lat' dir='ltr'><strong>derent,</strong></span> <span class='ocrx_word' id='word_1_10' title='bbox 404 408 561 468; x_wconf 85' lang='lat' dir='ltr'><strong>aliud</strong></span> <span class='ocrx_word' id='word_1_11' title='bbox 582 409 809 488; x_wconf 81' lang='lat' dir='ltr'>exurgit</span> <span class='ocrx_word' id='word_1_12' title='bbox 837 408 910 468; x_wconf 90' lang='lat' dir='ltr'><strong>de</strong></span> <span class='ocrx_word' id='word_1_13' title='bbox 937 407 1051 468; x_wconf 89' lang='lat' dir='ltr'><strong>fide</strong></span> <span class='ocrx_word' id='word_1_14' title='bbox 1071 407 1274 491; x_wconf 72' lang='lat' dir='ltr'><strong>priscae</strong></span> <span class='ocrx_word' id='word_1_15' title='bbox 1306 404 1566 469; x_wconf 68' lang='lat' dir='ltr'><strong>Ecclesiae</strong></span> <span class='ocrx_word' id='word_1_16' title='bbox 1591 403 1738 471; x_wconf 85' lang='lat' dir='ltr'><strong>circa</strong></span> <span class='ocrx_word' id='word_1_17' title='bbox 1772 402 1988 464; x_wconf 87' lang='lat' dir='ltr'><strong>realem</strong></span> <span class='ocrx_word' id='word_1_18' title='bbox 2015 401 2228 466; x_wconf 84' lang='lat' dir='ltr'><strong>Christi</strong></span> 
     </span>
     <span class='ocr_line' id='line_1_4' title="bbox 127 496 2218 584; baseline -0.003 -22"><span class='ocrx_word' id='word_1_19' title='bbox 127 504 499 584; x_wconf 66' lang='lat' dir='ltr'><strong>praesentiam</strong></span> <span class='ocrx_word' id='word_1_20' title='bbox 519 505 580 570; x_wconf 83' lang='lat' dir='ltr'><strong>in</strong></span> <span class='ocrx_word' id='word_1_21' title='bbox 612 503 963 563; x_wconf 84' lang='lat' dir='ltr'><strong>Eucharistia</strong></span> <span class='ocrx_word' id='word_1_22' title='bbox 992 500 1360 567; x_wconf 84' lang='lat' dir='ltr'><strong>ineluctabile</strong></span> <span class='ocrx_word' id='word_1_23' title='bbox 1382 513 1633 582; x_wconf 75' lang='lat' dir='ltr'><strong>&#39;prorsus</strong></span> <span class='ocrx_word' id='word_1_24' title='bbox 1670 509 2079 579; x_wconf 83' lang='lat' dir='ltr'><strong>argumentum</strong></span> <span class='ocrx_word' id='word_1_25' title='bbox 2103 496 2218 577; x_wconf 92' lang='lat' dir='ltr'><strong>(l).</strong></span> 
     </span>
    </p>

    <p class='ocr_par' dir='ltr' id='par_1_4' title="bbox 115 591 2237 1625">
     <span class='ocr_line' id='line_1_5' title="bbox 211 591 2228 679; baseline -0.003 -24"><span class='ocrx_word' id='word_1_26' title='bbox 211 597 309 656; x_wconf 93' lang='grc'><strong>71.</strong></span> <span class='ocrx_word' id='word_1_27' title='bbox 336 599 429 656; x_wconf 89' lang='lat' dir='ltr'><strong>V0.</strong></span> <span class='ocrx_word' id='word_1_28' title='bbox 454 597 542 657; x_wconf 91' lang='lat' dir='ltr'><strong>Ad</strong></span> <span class='ocrx_word' id='word_1_29' title='bbox 570 598 692 656; x_wconf 85' lang='lat' dir='ltr'><strong>haec</strong></span> <span class='ocrx_word' id='word_1_30' title='bbox 720 598 937 663; x_wconf 89' lang='lat' dir='ltr'><strong>accedit</strong></span> <span class='ocrx_word' id='word_1_31' title='bbox 960 606 1389 679; x_wconf 80' lang='lat' dir='ltr'><strong>argumentum,</strong></span> <span class='ocrx_word' id='word_1_32' title='bbox 1419 591 1578 674; x_wconf 84' lang='lat' dir='ltr'><strong>quod</strong></span> <span class='ocrx_word' id='word_1_33' title='bbox 1597 594 1814 674; x_wconf 88' lang='lat' dir='ltr'><strong>petitur</strong></span> <span class='ocrx_word' id='word_1_34' title='bbox 1839 614 1908 652; x_wconf 82' lang='lat' dir='ltr'><strong>ex</strong></span> <span class='ocrx_word' id='word_1_35' title='bbox 1934 591 2228 674; x_wconf 79' lang='lat' dir='ltr'><strong>praescrip-</strong></span> 
     </span>
     <span class='ocr_line' id='line_1_6' title="bbox 115 684 2233 766; baseline -0.002 -18"><span class='ocrx_word' id='word_1_36' title='bbox 115 691 303 751; x_wconf 73' lang='lat' dir='ltr'><strong>tione.</strong></span> <span class='ocrx_word' id='word_1_37' title='bbox 341 691 674 751; x_wconf 86' lang='lat' dir='ltr'><strong>Fatentibus</strong></span> <span class='ocrx_word' id='word_1_38' title='bbox 699 693 857 751; x_wconf 91' lang='lat' dir='ltr'><strong>enim</strong></span> <span class='ocrx_word' id='word_1_39' title='bbox 878 684 1343 757; x_wconf 66' lang='lat' dir='ltr'><strong>&#39;Protestantibus</strong></span> <span class='ocrx_word' id='word_1_40' title='bbox 1364 733 1379 763; x_wconf 85' lang='grc'><strong>.,</strong></span> <span class='ocrx_word' id='word_1_41' title='bbox 1417 708 1549 751; x_wconf 80' lang='lat' dir='ltr'><strong>cum</strong></span> <span class='ocrx_word' id='word_1_42' title='bbox 1573 709 1688 756; x_wconf 73' lang='lat' dir='ltr'><strong>sec.</strong></span> <span class='ocrx_word' id='word_1_43' title='bbox 1728 689 1883 755; x_wconf 83' lang='lat' dir='ltr'>XV10</span> <span class='ocrx_word' id='word_1_44' title='bbox 1909 685 2233 766; x_wconf 80' lang='lat' dir='ltr'><strong>Zwinglius:</strong></span> 
     </span>
     <span class='ocr_line' id='line_1_7' title="bbox 127 781 2225 856; baseline -0.005 -7"><span class='ocrx_word' id='word_1_45' title='bbox 127 798 187 849; x_wconf 83' lang='lat' dir='ltr'><strong>et</strong></span> <span class='ocrx_word' id='word_1_46' title='bbox 212 786 482 850; x_wconf 88' lang='lat' dir='ltr'><strong>Calvinus</strong></span> <span class='ocrx_word' id='word_1_47' title='bbox 507 809 820 847; x_wconf 75' lang='lat' dir='ltr'><strong>sacrorum</strong></span> <span class='ocrx_word' id='word_1_48' title='bbox 846 787 1254 850; x_wconf 71' lang='lat' dir='ltr'><strong>emendatores·</strong></span> <span class='ocrx_word' id='word_1_49' title='bbox 1273 784 1460 847; x_wconf 82' lang='lat' dir='ltr'><strong>exorti</strong></span> <span class='ocrx_word' id='word_1_50' title='bbox 1484 793 1621 850; x_wconf 75' lang='lat' dir='ltr'><strong>sunt</strong></span> <span class='ocrx_word' id='word_1_51' title='bbox 1643 828 1660 856; x_wconf 80' lang='lat'><strong>,</strong></span> <span class='ocrx_word' id='word_1_52' title='bbox 1687 781 1932 850; x_wconf 82' lang='lat' dir='ltr'><strong>Ecclesia</strong></span> <span class='ocrx_word' id='word_1_53' title='bbox 1955 783 2225 842; x_wconf 87' lang='lat' dir='ltr'><strong>universa</strong></span> 
     </span>
     <span class='ocr_line' id='line_1_8' title="bbox 127 876 2227 964; baseline -0.003 -22"><span class='ocrx_word' id='word_1_54' title='bbox 127 880 396 945; x_wconf 86' lang='lat' dir='ltr'><strong>credebat</strong></span> <span class='ocrx_word' id='word_1_55' title='bbox 419 880 634 941; x_wconf 90' lang='lat' dir='ltr'><strong>realem</strong></span> <span class='ocrx_word' id='word_1_56' title='bbox 652 882 864 943; x_wconf 88' lang='lat' dir='ltr'><strong>Christi</strong></span> <span class='ocrx_word' id='word_1_57' title='bbox 883 881 1266 964; x_wconf 72' lang='lat' dir='ltr'><strong>praesentiam.</strong></span> <span class='ocrx_word' id='word_1_58' title='bbox 1295 881 1472 947; x_wconf 80' lang='lat' dir='ltr'><strong>Porro</strong></span> <span class='ocrx_word' id='word_1_59' title='bbox 1501 878 1792 945; x_wconf 74' lang='lat' dir='ltr'><strong>unanimis</strong></span> <span class='ocrx_word' id='word_1_60' title='bbox 1816 876 1937 937; x_wconf 87' lang='lat' dir='ltr'><strong>haec</strong></span> <span class='ocrx_word' id='word_1_61' title='bbox 1960 877 2227 940; x_wconf 87' lang='lat' dir='ltr'><strong>omnium</strong></span> 
     </span>
     <span class='ocr_line' id='line_1_9' title="bbox 127 965 2226 1056; baseline -0.001 -22"><span class='ocrx_word' id='word_1_62' title='bbox 127 975 421 1034; x_wconf 88' lang='lat' dir='ltr'><strong>christiani</strong></span> <span class='ocrx_word' id='word_1_63' title='bbox 450 977 702 1041; x_wconf 88' lang='lat' dir='ltr'><strong>nominis</strong></span> <span class='ocrx_word' id='word_1_64' title='bbox 741 978 1000 1056; x_wconf 82' lang='lat' dir='ltr'><strong>gentium</strong></span> <span class='ocrx_word' id='word_1_65' title='bbox 1035 965 1177 1040; x_wconf 71' lang='lat' dir='ltr'><strong>fi&#39;des</strong></span> <span class='ocrx_word' id='word_1_66' title='bbox 1199 1018 1215 1048; x_wconf 81' lang='lat'><strong>,</strong></span> <span class='ocrx_word' id='word_1_67' title='bbox 1257 974 1319 1034; x_wconf 91' lang='lat' dir='ltr'><strong>in</strong></span> <span class='ocrx_word' id='word_1_68' title='bbox 1352 985 1439 1033; x_wconf 88' lang='lat' dir='ltr'><strong>tot</strong></span> <span class='ocrx_word' id='word_1_69' title='bbox 1467 974 1677 1042; x_wconf 73' lang='lat' dir='ltr'><strong>dissitis</strong></span> <span class='ocrx_word' id='word_1_70' title='bbox 1717 971 1870 1036; x_wconf 83' lang='lat' dir='ltr'><strong>orbis</strong></span> <span class='ocrx_word' id='word_1_71' title='bbox 1907 971 2089 1052; x_wconf 82' lang='lat' dir='ltr'><strong>plagis</strong></span> <span class='ocrx_word' id='word_1_72' title='bbox 2129 971 2226 1031; x_wconf 88' lang='lat' dir='ltr'><strong>de·</strong></span> 
     </span>
     <span class='ocr_line' id='line_1_10' title="bbox 126 1067 2220 1157; baseline -0.001 -29"><span class='ocrx_word' id='word_1_73' title='bbox 126 1070 386 1149; x_wconf 81' lang='lat' dir='ltr'><strong>gentium</strong></span> <span class='ocrx_word' id='word_1_74' title='bbox 410 1115 425 1144; x_wconf 80' lang='lat'><strong>,</strong></span> <span class='ocrx_word' id='word_1_75' title='bbox 478 1091 548 1129; x_wconf 82' lang='lat' dir='ltr'><strong>ex</strong></span> <span class='ocrx_word' id='word_1_76' title='bbox 588 1071 707 1130; x_wconf 91' lang='lat' dir='ltr'><strong>sola</strong></span> <span class='ocrx_word' id='word_1_77' title='bbox 749 1069 1054 1153; x_wconf 79' lang='lat' dir='ltr'><strong>apostolica</strong></span> <span class='ocrx_word' id='word_1_78' title='bbox 1101 1069 1362 1131; x_wconf 87' lang='lat' dir='ltr'><strong>doctrina</strong></span> <span class='ocrx_word' id='word_1_79' title='bbox 1409 1070 1691 1149; x_wconf 82' lang='lat' dir='ltr'><strong>originem</strong></span> <span class='ocrx_word' id='word_1_80' title='bbox 1737 1067 1954 1129; x_wconf 85' lang='lat' dir='ltr'><strong>habere</strong></span> <span class='ocrx_word' id='word_1_81' title='bbox 2009 1068 2220 1157; x_wconf 83' lang='lat' dir='ltr'><strong>potuit.</strong></span> 
     </span>
     <span class='ocr_line' id='line_1_11' title="bbox 125 1163 2230 1243; baseline -0.002 -21"><span class='ocrx_word' id='word_1_82' title='bbox 125 1164 351 1236; x_wconf 78' lang='lat' dir='ltr'><strong>Quaevis</strong></span> <span class='ocrx_word' id='word_1_83' title='bbox 390 1167 547 1227; x_wconf 88' lang='lat' dir='ltr'><strong>enim</strong></span> <span class='ocrx_word' id='word_1_84' title='bbox 591 1165 701 1239; x_wconf 84' lang='lat' dir='ltr'><strong>alia</strong></span> <span class='ocrx_word' id='word_1_85' title='bbox 735 1165 907 1242; x_wconf 60' lang='lat' dir='ltr'><strong>hujus</strong></span> <span class='ocrx_word' id='word_1_86' title='bbox 942 1185 1253 1225; x_wconf 79' lang='lat' dir='ltr'><strong>consensus</strong></span> <span class='ocrx_word' id='word_1_87' title='bbox 1289 1185 1456 1226; x_wconf 84' lang='lat' dir='ltr'><strong>causa</strong></span> <span class='ocrx_word' id='word_1_88' title='bbox 1494 1164 1849 1243; x_wconf 78' lang='lat' dir='ltr'><strong>assignetur,</strong></span> <span class='ocrx_word' id='word_1_89' title='bbox 1897 1163 2098 1243; x_wconf 87' lang='lat' dir='ltr'><strong>inepta</strong></span> <span class='ocrx_word' id='word_1_90' title='bbox 2139 1172 2230 1221; x_wconf 89' lang='lat' dir='ltr'><strong>est</strong></span> 
     </span>
     <span class='ocr_line' id='line_1_12' title="bbox 125 1256 2230 1339; baseline -0.001 -23"><span class='ocrx_word' id='word_1_91' title='bbox 125 1268 184 1317; x_wconf 89' lang='lat' dir='ltr'><strong>et</strong></span> <span class='ocrx_word' id='word_1_92' title='bbox 226 1257 496 1322; x_wconf 86' lang='lat' dir='ltr'><strong>absurda.</strong></span> <span class='ocrx_word' id='word_1_93' title='bbox 546 1262 782 1339; x_wconf 80' lang='lat' dir='ltr'><strong>Fingere</strong></span> <span class='ocrx_word' id='word_1_94' title='bbox 807 1304 824 1333; x_wconf 82' lang='lat'><strong>,</strong></span> <span class='ocrx_word' id='word_1_95' title='bbox 874 1270 940 1325; x_wconf 87' lang='lat' dir='ltr'><strong>ut</strong></span> <span class='ocrx_word' id='word_1_96' title='bbox 993 1258 1305 1319; x_wconf 88' lang='lat' dir='ltr'><strong>adversarii</strong></span> <span class='ocrx_word' id='word_1_97' title='bbox 1345 1257 1578 1332; x_wconf 79' lang='lat' dir='ltr'><strong>solent,</strong></span> <span class='ocrx_word' id='word_1_98' title='bbox 1631 1281 1820 1327; x_wconf 82' lang='lat' dir='ltr'><strong>unum</strong></span> <span class='ocrx_word' id='word_1_99' title='bbox 1858 1256 2230 1325; x_wconf 84' lang='lat' dir='ltr'><strong>Paschasium</strong></span> 
     </span>
     <span class='ocr_line' id='line_1_13' title="bbox 126 1352 2236 1427; baseline 0 -17"><span class='ocrx_word' id='word_1_100' title='bbox 126 1352 486 1416; x_wconf 86' lang='lat' dir='ltr'><strong>Radbertum</strong></span> <span class='ocrx_word' id='word_1_101' title='bbox 513 1355 647 1417; x_wconf 87' lang='lat' dir='ltr'><strong>fidei</strong></span> <span class='ocrx_word' id='word_1_102' title='bbox 679 1354 1150 1418; x_wconf 85' lang='lat' dir='ltr'><strong>immutationem</strong></span> <span class='ocrx_word' id='word_1_103' title='bbox 1187 1355 1249 1412; x_wconf 88' lang='lat' dir='ltr'><strong>in</strong></span> <span class='ocrx_word' id='word_1_104' title='bbox 1282 1353 1590 1420; x_wconf 81' lang='lat' dir='ltr'><strong>Ecclesiam</strong></span> <span class='ocrx_word' id='word_1_105' title='bbox 1626 1352 1920 1427; x_wconf 75' lang='lat' dir='ltr'><strong>intulisse,</strong></span> <span class='ocrx_word' id='word_1_106' title='bbox 1952 1363 2053 1411; x_wconf 89' lang='lat' dir='ltr'><strong>aut</strong></span> <span class='ocrx_word' id='word_1_107' title='bbox 2088 1370 2236 1422; x_wconf 61' lang='lat' dir='ltr'><strong>sen÷</strong></span> 
     </span>
     <span class='ocr_line' id='line_1_14' title="bbox 125 1437 2237 1528; baseline 0.001 -24"><span class='ocrx_word' id='word_1_108' title='bbox 125 1447 234 1505; x_wconf 90' lang='lat' dir='ltr'><strong>sim</strong></span> <span class='ocrx_word' id='word_1_109' title='bbox 261 1449 385 1510; x_wconf 90' lang='lat' dir='ltr'><strong>sine</strong></span> <span class='ocrx_word' id='word_1_110' title='bbox 413 1471 585 1514; x_wconf 83' lang='lat' dir='ltr'><strong>sensu</strong></span> <span class='ocrx_word' id='word_1_111' title='bbox 610 1492 626 1523; x_wconf 88' lang='lat'><strong>,</strong></span> <span class='ocrx_word' id='word_1_112' title='bbox 654 1449 892 1515; x_wconf 80' lang='lat' dir='ltr'><strong>nemine</strong></span> <span class='ocrx_word' id='word_1_113' title='bbox 917 1447 1278 1522; x_wconf 83' lang='lat' dir='ltr'><strong>advertente,</strong></span> <span class='ocrx_word' id='word_1_114' title='bbox 1298 1447 1450 1509; x_wconf 88' lang='lat' dir='ltr'><strong>hanc</strong></span> <span class='ocrx_word' id='word_1_115' title='bbox 1469 1448 1858 1514; x_wconf 82' lang='lat' dir='ltr'><strong>mutationem</strong></span> <span class='ocrx_word' id='word_1_116' title='bbox 1886 1437 2183 1528; x_wconf 84' lang='lat' dir='ltr'><strong>irrepsisse</strong></span> <span class='ocrx_word' id='word_1_117' title='bbox 2207 1488 2237 1520; x_wconf 18' lang='lat' dir='ltr'><strong>,v</strong></span> 
     </span>
     <span class='ocr_line' id='line_1_15' title="bbox 126 1542 2231 1625; baseline 0.001 -26"><span class='ocrx_word' id='word_1_118' title='bbox 126 1542 430 1625; x_wconf 87' lang='lat' dir='ltr'><strong>totumque</strong></span> <span class='ocrx_word' id='word_1_119' title='bbox 466 1545 766 1611; x_wconf 90' lang='lat' dir='ltr'><strong>Orientem</strong></span> <span class='ocrx_word' id='word_1_120' title='bbox 816 1556 876 1605; x_wconf 90' lang='lat' dir='ltr'><strong>et</strong></span> <span class='ocrx_word' id='word_1_121' title='bbox 918 1542 1289 1611; x_wconf 79' lang='lat' dir='ltr'><strong>Occidentem</strong></span> <span class='ocrx_word' id='word_1_122' title='bbox 1330 1544 1646 1624; x_wconf 82' lang='lat' dir='ltr'><strong>pervasisse</strong></span> <span class='ocrx_word' id='word_1_123' title='bbox 1673 1588 1688 1618; x_wconf 88' lang='lat'><strong>,</strong></span> <span class='ocrx_word' id='word_1_124' title='bbox 1733 1564 1869 1605; x_wconf 90' lang='lat' dir='ltr'><strong>vere</strong></span> <span class='ocrx_word' id='word_1_125' title='bbox 1911 1555 1999 1603; x_wconf 91' lang='lat' dir='ltr'><strong>est</strong></span> <span class='ocrx_word' id='word_1_126' title='bbox 2033 1563 2231 1602; x_wconf 89' lang='lat' dir='ltr'><strong>came-</strong></span> 
     </span>
    </p>
   </div>
   <div class='ocr_carea' id='block_1_4' title="bbox 124 1630 702 1718">
    <p class='ocr_par' dir='ltr' id='par_1_5' title="bbox 124 1630 702 1718">
     <span class='ocr_line' id='line_1_16' title="bbox 124 1630 702 1718; baseline 0.005 -24"><span class='ocrx_word' id='word_1_127' title='bbox 124 1635 248 1695; x_wconf 91' lang='lat' dir='ltr'><strong>lum</strong></span> <span class='ocrx_word' id='word_1_128' title='bbox 284 1630 560 1717; x_wconf 84' lang='lat' dir='ltr'><strong>deglutire</strong></span> <span class='ocrx_word' id='word_1_129' title='bbox 592 1639 702 1718; x_wconf 80' lang='lat'>(2).</span> 
     </span>
    </p>
   </div>
   <div class='ocr_carea' id='block_1_5' title="bbox 123 1797 1137 3825">
    <p class='ocr_par' dir='ltr' id='par_1_6' title="bbox 123 1797 1131 2028">
     <span class='ocr_line' id='line_1_17' title="bbox 195 1797 1127 1865; baseline 0.005 -21"><span class='ocrx_word' id='word_1_130' title='bbox 195 1797 265 1861; x_wconf 90' lang='lat'><strong>(1)</strong></span> <span class='ocrx_word' id='word_1_131' title='bbox 298 1798 398 1848; x_wconf 82' lang='lat' dir='ltr'><strong>Cfr.</strong></span> <span class='ocrx_word' id='word_1_132' title='bbox 458 1799 614 1848; x_wconf 89' lang='lat' dir='ltr'><strong>Moore</strong></span> <span class='ocrx_word' id='word_1_133' title='bbox 634 1837 647 1860; x_wconf 87' lang='lat'><strong><em>‚</em></strong></span> <span class='ocrx_word' id='word_1_134' title='bbox 721 1798 778 1847; x_wconf 93' lang='lat' dir='ltr'><em>V</em></span> <span class='ocrx_word' id='word_1_135' title='bbox 775 1816 943 1865; x_wconf 76' lang='lat' dir='ltr'><strong>oyaqes</strong></span> <span class='ocrx_word' id='word_1_136' title='bbox 961 1835 976 1860; x_wconf 91' lang='lat'><strong>,</strong></span> <span class='ocrx_word' id='word_1_137' title='bbox 1038 1810 1127 1850; x_wconf 88' lang='lat' dir='ltr'><strong>etc.</strong></span> 
     </span>
     <span class='ocr_line' id='line_1_18' title="bbox 123 1878 1131 1947; baseline 0.003 -19"><span class='ocrx_word' id='word_1_138' title='bbox 123 1878 260 1944; x_wconf 87' lang='lat' dir='ltr'><strong>chap.</strong></span> <span class='ocrx_word' id='word_1_139' title='bbox 292 1897 373 1928; x_wconf 73' lang='lat' dir='ltr'><strong>mv</strong></span> <span class='ocrx_word' id='word_1_140' title='bbox 392 1917 405 1940; x_wconf 86' lang='lat'>‚</span> <span class='ocrx_word' id='word_1_141' title='bbox 429 1898 475 1945; x_wconf 87' lang='lat' dir='ltr'><strong>p.</strong></span> <span class='ocrx_word' id='word_1_142' title='bbox 503 1879 566 1946; x_wconf 78' lang='grc'><strong>74</strong></span> <span class='ocrx_word' id='word_1_143' title='bbox 583 1891 628 1929; x_wconf 90' lang='lat' dir='ltr'><strong>et</strong></span> <span class='ocrx_word' id='word_1_144' title='bbox 653 1898 783 1947; x_wconf 85' lang='lat' dir='ltr'><strong>seqq.</strong></span> <span class='ocrx_word' id='word_1_145' title='bbox 807 1883 918 1930; x_wconf 87' lang='lat' dir='ltr'><strong>edit.</strong></span> <span class='ocrx_word' id='word_1_146' title='bbox 947 1884 1027 1931; x_wconf 88' lang='lat' dir='ltr'><strong>cit.</strong></span> <span class='ocrx_word' id='word_1_147' title='bbox 1050 1885 1131 1945; x_wconf 84' lang='lat' dir='ltr'><strong>qui</strong></span> 
     </span>
     <span class='ocr_line' id='line_1_19' title="bbox 123 1962 994 2028; baseline 0.005 -20"><span class='ocrx_word' id='word_1_148' title='bbox 123 1962 346 2026; x_wconf 85' lang='lat' dir='ltr'><strong>praeclare</strong></span> <span class='ocrx_word' id='word_1_149' title='bbox 360 1962 449 2013; x_wconf 91' lang='lat' dir='ltr'><strong>hoc</strong></span> <span class='ocrx_word' id='word_1_150' title='bbox 464 1973 791 2028; x_wconf 82' lang='lat' dir='ltr'><strong>argumentum</strong></span> <span class='ocrx_word' id='word_1_151' title='bbox 813 1964 994 2018; x_wconf 69' lang='lat' dir='ltr'><strong>evolvit,</strong></span> 
     </span>
    </p>

    <p class='ocr_par' dir='ltr' id='par_1_7' title="bbox 124 2042 1137 3825">
     <span class='ocr_line' id='line_1_20' title="bbox 187 2042 1129 2111; baseline 0.005 -22"><span class='ocrx_word' id='word_1_152' title='bbox 187 2042 256 2104; x_wconf 78' lang='lat'><strong>(2)</strong></span> <span class='ocrx_word' id='word_1_153' title='bbox 294 2043 390 2092; x_wconf 78' lang='lat' dir='ltr'><strong>Cfr.</strong></span> <span class='ocrx_word' id='word_1_154' title='bbox 421 2044 617 2111; x_wconf 71' lang='lat' dir='ltr'><strong>Perpet.</strong></span> <span class='ocrx_word' id='word_1_155' title='bbox 649 2045 706 2093; x_wconf 84' lang='lat' dir='ltr'><strong>de</strong></span> <span class='ocrx_word' id='word_1_156' title='bbox 734 2044 782 2092; x_wconf 88' lang='lat' dir='ltr'><strong>Ia</strong></span> <span class='ocrx_word' id='word_1_157' title='bbox 814 2046 890 2109; x_wconf 84' lang='lat' dir='ltr'><strong>soi</strong></span> <span class='ocrx_word' id='word_1_158' title='bbox 911 2083 923 2106; x_wconf 87' lang='lat'><strong>,</strong></span> <span class='ocrx_word' id='word_1_159' title='bbox 952 2047 1034 2093; x_wconf 83' lang='lat' dir='ltr'><strong>liv.</strong></span> <span class='ocrx_word' id='word_1_160' title='bbox 1063 2062 1129 2094; x_wconf 82' lang='lat' dir='ltr'><strong>ix.</strong></span> 
     </span>
     <span class='ocr_line' id='line_1_21' title="bbox 131 2117 1134 2178; baseline 0.003 -7"><span class='ocrx_word' id='word_1_161' title='bbox 131 2117 429 2174; x_wconf 76' lang='lat' dir='ltr'><strong>Admirabilis</strong></span> <span class='ocrx_word' id='word_1_162' title='bbox 482 2144 591 2178; x_wconf 72' lang='lat' dir='ltr'><strong>sane</strong></span> <span class='ocrx_word' id='word_1_163' title='bbox 655 2138 722 2176; x_wconf 87' lang='lat' dir='ltr'><strong>est</strong></span> <span class='ocrx_word' id='word_1_164' title='bbox 784 2127 1134 2178; x_wconf 77' lang='lat' dir='ltr'><strong>protestantium</strong></span> 
     </span>
     <span class='ocr_line' id='line_1_22' title="bbox 132 2206 1133 2274; baseline 0.004 -21"><span class='ocrx_word' id='word_1_165' title='bbox 132 2206 296 2271; x_wconf 88' lang='lat' dir='ltr'><strong>agendi</strong></span> <span class='ocrx_word' id='word_1_166' title='bbox 350 2210 483 2256; x_wconf 87' lang='lat' dir='ltr'><strong>ratio.</strong></span> <span class='ocrx_word' id='word_1_167' title='bbox 533 2208 749 2257; x_wconf 83' lang='lat' dir='ltr'><strong>Vidimus</strong></span> <span class='ocrx_word' id='word_1_168' title='bbox 796 2208 1133 2274; x_wconf 85' lang='lat' dir='ltr'><strong>Hospinianum</strong></span> 
     </span>
     <span class='ocr_line' id='line_1_23' title="bbox 133 2287 1133 2354; baseline 0.004 -20"><span class='ocrx_word' id='word_1_169' title='bbox 133 2287 296 2346; x_wconf 83' lang='lat' dir='ltr'><strong>fateri,</strong></span> <span class='ocrx_word' id='word_1_170' title='bbox 333 2288 421 2336; x_wconf 91' lang='lat' dir='ltr'><strong>sibi</strong></span> <span class='ocrx_word' id='word_1_171' title='bbox 451 2291 638 2354; x_wconf 86' lang='lat' dir='ltr'><strong>suisque</strong></span> <span class='ocrx_word' id='word_1_172' title='bbox 679 2293 870 2337; x_wconf 88' lang='lat' dir='ltr'><strong>omnino</strong></span> <span class='ocrx_word' id='word_1_173' title='bbox 905 2291 1133 2339; x_wconf 83' lang='lat' dir='ltr'><strong>adversari</strong></span> 
     </span>
     <span class='ocr_line' id='line_1_24' title="bbox 132 2367 1132 2436; baseline 0.006 -22"><span class='ocrx_word' id='word_1_174' title='bbox 132 2367 284 2417; x_wconf 84' lang='lat' dir='ltr'><strong>Patres</strong></span> <span class='ocrx_word' id='word_1_175' title='bbox 305 2405 318 2426; x_wconf 88' lang='lat'><em>‚</em></span> <span class='ocrx_word' id='word_1_176' title='bbox 350 2387 458 2418; x_wconf 89' lang='lat' dir='ltr'><strong>cum</strong></span> <span class='ocrx_word' id='word_1_177' title='bbox 491 2374 754 2436; x_wconf 84' lang='lat' dir='ltr'><strong>conspirent</strong></span> <span class='ocrx_word' id='word_1_178' title='bbox 780 2374 829 2419; x_wconf 90' lang='lat' dir='ltr'><strong>in</strong></span> <span class='ocrx_word' id='word_1_179' title='bbox 849 2372 1132 2420; x_wconf 84' lang='lat' dir='ltr'><strong>admittenda</strong></span> 
     </span>
     <span class='ocr_line' id='line_1_25' title="bbox 132 2449 1132 2516; baseline 0.004 -19"><span class='ocrx_word' id='word_1_180' title='bbox 132 2450 245 2499; x_wconf 83' lang='lat' dir='ltr'><strong>reali</strong></span> <span class='ocrx_word' id='word_1_181' title='bbox 285 2449 454 2500; x_wconf 83' lang='lat' dir='ltr'><strong>Christi</strong></span> <span class='ocrx_word' id='word_1_182' title='bbox 487 2455 730 2516; x_wconf 75' lang='lat' dir='ltr'><strong>praesentia</strong></span> <span class='ocrx_word' id='word_1_183' title='bbox 756 2455 806 2511; x_wconf 86' lang='lat' dir='ltr'><strong>in</strong></span> <span class='ocrx_word' id='word_1_184' title='bbox 830 2453 1132 2507; x_wconf 74' lang='lat' dir='ltr'><strong>Eucharistia-</strong></span> 
     </span>
     <span class='ocr_line' id='line_1_26' title="bbox 132 2531 1131 2599; baseline 0.006 -20"><span class='ocrx_word' id='word_1_185' title='bbox 132 2531 376 2597; x_wconf 80' lang='lat' dir='ltr'><strong>Zwinglius</strong></span> <span class='ocrx_word' id='word_1_186' title='bbox 407 2537 576 2598; x_wconf 88' lang='lat' dir='ltr'><strong>pariter</strong></span> <span class='ocrx_word' id='word_1_187' title='bbox 613 2536 839 2599; x_wconf 89' lang='lat' dir='ltr'><strong>professus</strong></span> <span class='ocrx_word' id='word_1_188' title='bbox 878 2546 944 2584; x_wconf 87' lang='lat' dir='ltr'><strong>est</strong></span> <span class='ocrx_word' id='word_1_189' title='bbox 973 2538 1021 2584; x_wconf 89' lang='lat' dir='ltr'><strong>in</strong></span> <span class='ocrx_word' id='word_1_190' title='bbox 1047 2535 1131 2585; x_wconf 87' lang='lat' dir='ltr'><strong>lib.</strong></span> 
     </span>
     <span class='ocr_line' id='line_1_27' title="bbox 133 2612 1134 2682; baseline 0.003 -21"><span class='ocrx_word' id='word_1_191' title='bbox 133 2612 213 2661; x_wconf 84' lang='lat' dir='ltr'><strong>De</strong></span> <span class='ocrx_word' id='word_1_192' title='bbox 240 2631 350 2662; x_wconf 84' lang='lat' dir='ltr'><strong>vera</strong></span> <span class='ocrx_word' id='word_1_193' title='bbox 375 2624 419 2662; x_wconf 84' lang='lat' dir='ltr'><strong>et</strong></span> <span class='ocrx_word' id='word_1_194' title='bbox 440 2614 570 2680; x_wconf 77' lang='lat' dir='ltr'><strong>falsa</strong></span> <span class='ocrx_word' id='word_1_195' title='bbox 589 2616 817 2680; x_wconf 73' lang='lat' dir='ltr'><strong>reliqicme</strong></span> <span class='ocrx_word' id='word_1_196' title='bbox 847 2634 860 2664; x_wconf 91' lang='lat'>:</span> <span class='ocrx_word' id='word_1_197' title='bbox 902 2617 1134 2682; x_wconf 78' lang='lat' dir='ltr'><strong>Tempore</strong></span> 
     </span>
     <span class='ocr_line' id='line_1_28' title="bbox 133 2695 1134 2763; baseline 0.006 -22"><span class='ocrx_word' id='word_1_198' title='bbox 133 2695 301 2743; x_wconf 76' lang='lat' dir='ltr'><strong>Sancti</strong></span> <span class='ocrx_word' id='word_1_199' title='bbox 325 2696 376 2744; x_wconf 90' lang='lat' dir='ltr'><em>A</em></span> <span class='ocrx_word' id='word_1_200' title='bbox 382 2699 600 2761; x_wconf 72' lang='lat' dir='ltr'><strong>uqustini</strong></span> <span class='ocrx_word' id='word_1_201' title='bbox 622 2699 895 2763; x_wconf 77' lang='lat' dir='ltr'><strong>opinionem</strong></span> <span class='ocrx_word' id='word_1_202' title='bbox 913 2699 969 2746; x_wconf 82' lang='lat' dir='ltr'><strong>de</strong></span> <span class='ocrx_word' id='word_1_203' title='bbox 992 2716 1134 2747; x_wconf 77' lang='lat' dir='ltr'><strong>carne</strong></span> 
     </span>
     <span class='ocr_line' id='line_1_29' title="bbox 133 2779 1134 2845; baseline 0.006 -22"><span class='ocrx_word' id='word_1_204' title='bbox 133 2779 364 2842; x_wconf 77' lang='lat' dir='ltr'><strong>corporali</strong></span> <span class='ocrx_word' id='word_1_205' title='bbox 384 2782 496 2845; x_wconf 84' lang='lat' dir='ltr'><strong>jam</strong></span> <span class='ocrx_word' id='word_1_206' title='bbox 543 2783 786 2829; x_wconf 81' lang='lat' dir='ltr'><strong>victricem</strong></span> <span class='ocrx_word' id='word_1_207' title='bbox 815 2781 988 2845; x_wconf 77' lang='lat' dir='ltr'><strong>fuisse.</strong></span> <span class='ocrx_word' id='word_1_208' title='bbox 1020 2781 1134 2829; x_wconf 85' lang='lat' dir='ltr'><strong>Gra-</strong></span> 
     </span>
     <span class='ocr_line' id='line_1_30' title="bbox 132 2858 1131 2912; baseline 0.007 -7"><span class='ocrx_word' id='word_1_209' title='bbox 132 2858 238 2907; x_wconf 88' lang='lat' dir='ltr'><strong>bius</strong></span> <span class='ocrx_word' id='word_1_210' title='bbox 265 2862 315 2907; x_wconf 89' lang='lat' dir='ltr'><strong>in</strong></span> <span class='ocrx_word' id='word_1_211' title='bbox 350 2863 724 2910; x_wconf 87' lang='lat' dir='ltr'><strong>annotationibus</strong></span> <span class='ocrx_word' id='word_1_212' title='bbox 753 2863 811 2911; x_wconf 90' lang='lat' dir='ltr'><strong>ad</strong></span> <span class='ocrx_word' id='word_1_213' title='bbox 845 2863 933 2912; x_wconf 86' lang='lat' dir='ltr'><strong>lib.</strong></span> <span class='ocrx_word' id='word_1_214' title='bbox 980 2882 1007 2911; x_wconf 90' lang='lat' dir='ltr'><strong>v</strong></span> <span class='ocrx_word' id='word_1_215' title='bbox 1037 2863 1131 2912; x_wconf 87' lang='lat' dir='ltr'><strong>Ire·</strong></span> 
     </span>
     <span class='ocr_line' id='line_1_31' title="bbox 129 2942 1129 3013; baseline 0.007 -26"><span class='ocrx_word' id='word_1_216' title='bbox 129 2942 252 2999; x_wconf 86' lang='lat' dir='ltr'><strong>naei,</strong></span> <span class='ocrx_word' id='word_1_217' title='bbox 292 2959 390 3006; x_wconf 85' lang='lat' dir='ltr'><strong>cap.</strong></span> <span class='ocrx_word' id='word_1_218' title='bbox 440 2959 505 3006; x_wconf 82' lang='lat'><strong>2,</strong></span> <span class='ocrx_word' id='word_1_219' title='bbox 559 2945 671 2994; x_wconf 78' lang='lat' dir='ltr'><strong>edit.</strong></span> <span class='ocrx_word' id='word_1_220' title='bbox 716 2945 867 2995; x_wconf 80' lang='lat' dir='ltr'><strong>Oxon.</strong></span> <span class='ocrx_word' id='word_1_221' title='bbox 914 2964 960 3011; x_wconf 88' lang='lat' dir='ltr'><strong>p.</strong></span> <span class='ocrx_word' id='word_1_222' title='bbox 1003 2946 1129 3013; x_wconf 83' lang='lat'><strong>399,</strong></span> 
     </span>
     <span class='ocr_line' id='line_1_32' title="bbox 130 3023 1131 3091; baseline 0.008 -22"><span class='ocrx_word' id='word_1_223' title='bbox 130 3023 340 3084; x_wconf 84' lang='lat' dir='ltr'><strong>adstruit,</strong></span> <span class='ocrx_word' id='word_1_224' title='bbox 359 3026 455 3090; x_wconf 87' lang='lat' dir='ltr'><strong>jam</strong></span> <span class='ocrx_word' id='word_1_225' title='bbox 472 3043 496 3072; x_wconf 85' lang='lat' dir='ltr'><strong>a</strong></span> <span class='ocrx_word' id='word_1_226' title='bbox 514 3035 716 3091; x_wconf 81' lang='lat' dir='ltr'><strong>tempore</strong></span> <span class='ocrx_word' id='word_1_227' title='bbox 735 3027 933 3077; x_wconf 79' lang='lat' dir='ltr'><strong>Concilii</strong></span> <span class='ocrx_word' id='word_1_228' title='bbox 957 3028 1131 3079; x_wconf 85' lang='lat' dir='ltr'><strong>Nicaeni</strong></span> 
     </span>
     <span class='ocr_line' id='line_1_33' title="bbox 128 3105 1132 3173; baseline 0.009 -22"><span class='ocrx_word' id='word_1_229' title='bbox 128 3114 226 3151; x_wconf 87' lang='lat' dir='ltr'><strong>tum</strong></span> <span class='ocrx_word' id='word_1_230' title='bbox 260 3105 429 3154; x_wconf 86' lang='lat' dir='ltr'><strong>realem</strong></span> <span class='ocrx_word' id='word_1_231' title='bbox 472 3106 638 3161; x_wconf 86' lang='lat' dir='ltr'><strong>Christi</strong></span> <span class='ocrx_word' id='word_1_232' title='bbox 673 3113 990 3173; x_wconf 62' lang='lat' dir='ltr'><strong>praesentiam,</strong></span> <span class='ocrx_word' id='word_1_233' title='bbox 1032 3120 1132 3160; x_wconf 85' lang='lat' dir='ltr'><strong>tum</strong></span> 
     </span>
     <span class='ocr_line' id='line_1_34' title="bbox 127 3186 1133 3257; baseline 0.007 -24"><span class='ocrx_word' id='word_1_234' title='bbox 127 3188 262 3234; x_wconf 86' lang='lat' dir='ltr'><strong>etiam</strong></span> <span class='ocrx_word' id='word_1_235' title='bbox 283 3186 834 3250; x_wconf 73' lang='lat' dir='ltr'><strong>transsubstantiationem</strong></span> <span class='ocrx_word' id='word_1_236' title='bbox 864 3194 1062 3257; x_wconf 81' lang='lat' dir='ltr'><strong>agnitam</strong></span> <span class='ocrx_word' id='word_1_237' title='bbox 1087 3204 1133 3242; x_wconf 88' lang='lat' dir='ltr'><strong>et</strong></span> 
     </span>
     <span class='ocr_line' id='line_1_35' title="bbox 126 3268 1132 3341; baseline 0.009 -26"><span class='ocrx_word' id='word_1_238' title='bbox 126 3268 372 3317; x_wconf 86' lang='lat' dir='ltr'><strong>admissam</strong></span> <span class='ocrx_word' id='word_1_239' title='bbox 406 3271 544 3319; x_wconf 87' lang='lat' dir='ltr'><strong>fuisse</strong></span> <span class='ocrx_word' id='word_1_240' title='bbox 564 3308 577 3330; x_wconf 86' lang='lat'><strong>‚</strong></span> <span class='ocrx_word' id='word_1_241' title='bbox 623 3276 874 3336; x_wconf 84' lang='lat' dir='ltr'><strong>praesertim</strong></span> <span class='ocrx_word' id='word_1_242' title='bbox 906 3292 932 3322; x_wconf 89' lang='lat' dir='ltr'><strong>a</strong></span> <span class='ocrx_word' id='word_1_243' title='bbox 959 3273 1132 3341; x_wconf 84' lang='lat' dir='ltr'><strong>Cyrillo</strong></span> 
     </span>
     <span class='ocr_line' id='line_1_36' title="bbox 126 3349 1132 3419; baseline 0.009 -22"><span class='ocrx_word' id='word_1_244' title='bbox 126 3349 303 3399; x_wconf 88' lang='lat' dir='ltr'><strong>Hieros.</strong></span> <span class='ocrx_word' id='word_1_245' title='bbox 342 3350 558 3417; x_wconf 84' lang='lat' dir='ltr'><strong>Gregorio</strong></span> <span class='ocrx_word' id='word_1_246' title='bbox 578 3353 810 3419; x_wconf 85' lang='lat' dir='ltr'><strong>Nysseno,</strong></span> <span class='ocrx_word' id='word_1_247' title='bbox 843 3355 1020 3405; x_wconf 85' lang='lat' dir='ltr'><strong>Joanne</strong></span> <span class='ocrx_word' id='word_1_248' title='bbox 1036 3357 1132 3406; x_wconf 84' lang='lat' dir='ltr'><strong>Da·</strong></span> 
     </span>
     <span class='ocr_line' id='line_1_37' title="bbox 125 3433 1132 3501; baseline 0.009 -23"><span class='ocrx_word' id='word_1_249' title='bbox 125 3448 339 3481; x_wconf 87' lang='lat' dir='ltr'><strong>masceno</strong></span> <span class='ocrx_word' id='word_1_250' title='bbox 361 3472 373 3494; x_wconf 84' lang='lat'>‚</span> <span class='ocrx_word' id='word_1_251' title='bbox 423 3433 624 3499; x_wconf 80' lang='lat' dir='ltr'><strong>aliisque</strong></span> <span class='ocrx_word' id='word_1_252' title='bbox 665 3436 866 3498; x_wconf 74' lang='lat' dir='ltr'><strong>fortasse</strong></span> <span class='ocrx_word' id='word_1_253' title='bbox 903 3437 1132 3501; x_wconf 73' lang='lat' dir='ltr'><strong>pluribus</strong></span> 
     </span>
     <span class='ocr_line' id='line_1_38' title="bbox 125 3511 1130 3580; baseline 0.009 -21"><span class='ocrx_word' id='word_1_254' title='bbox 125 3511 335 3562; x_wconf 87' lang='lat' dir='ltr'><strong>Patribus</strong></span> <span class='ocrx_word' id='word_1_255' title='bbox 363 3526 692 3580; x_wconf 87' lang='lat' dir='ltr'><strong>propugnatam</strong></span> <span class='ocrx_word' id='word_1_256' title='bbox 728 3513 845 3565; x_wconf 64' lang='lat' dir='ltr'><strong>esse.&gt;</strong></span> <span class='ocrx_word' id='word_1_257' title='bbox 877 3517 975 3567; x_wconf 81' lang='lat' dir='ltr'><strong>Gfr.</strong></span> <span class='ocrx_word' id='word_1_258' title='bbox 1004 3519 1130 3569; x_wconf 87' lang='lat' dir='ltr'><strong>Mas-</strong></span> 
     </span>
     <span class='ocr_line' id='line_1_39' title="bbox 124 3595 1137 3665; baseline 0.008 -23"><span class='ocrx_word' id='word_1_259' title='bbox 124 3605 309 3655; x_wconf 85' lang='lat' dir='ltr'><strong>suctus,</strong></span> <span class='ocrx_word' id='word_1_260' title='bbox 342 3595 452 3645; x_wconf 88' lang='lat' dir='ltr'><strong>diss.</strong></span> <span class='ocrx_word' id='word_1_261' title='bbox 481 3615 533 3646; x_wconf 83' lang='lat'><strong>111</strong></span> <span class='ocrx_word' id='word_1_262' title='bbox 551 3635 564 3658; x_wconf 87' lang='lat'><strong><em>‚</em></strong></span> <span class='ocrx_word' id='word_1_263' title='bbox 615 3617 666 3647; x_wconf 89' lang='lat' dir='ltr'><strong>n.</strong></span> <span class='ocrx_word' id='word_1_264' title='bbox 707 3615 789 3665; x_wconf 85' lang='lat'><strong>97.</strong></span> <span class='ocrx_word' id='word_1_265' title='bbox 819 3599 994 3648; x_wconf 84' lang='lat' dir='ltr'><strong>Tamen</strong></span> <span class='ocrx_word' id='word_1_266' title='bbox 1017 3605 1137 3651; x_wconf 89' lang='lat' dir='ltr'><strong>occi-</strong></span> 
     </span>
     <span class='ocr_line' id='line_1_40' title="bbox 125 3680 1135 3740; baseline 0.008 -17"><span class='ocrx_word' id='word_1_267' title='bbox 125 3693 232 3725; x_wconf 85' lang='lat' dir='ltr'><strong>nere</strong></span> <span class='ocrx_word' id='word_1_268' title='bbox 261 3696 364 3727; x_wconf 90' lang='lat' dir='ltr'><strong>non</strong></span> <span class='ocrx_word' id='word_1_269' title='bbox 398 3680 617 3729; x_wconf 87' lang='lat' dir='ltr'><strong>desinunt</strong></span> <span class='ocrx_word' id='word_1_270' title='bbox 638 3718 651 3740; x_wconf 84' lang='lat'>‚</span> <span class='ocrx_word' id='word_1_271' title='bbox 685 3699 711 3729; x_wconf 88' lang='lat' dir='ltr'><strong>a</strong></span> <span class='ocrx_word' id='word_1_272' title='bbox 746 3681 986 3730; x_wconf 87' lang='lat' dir='ltr'><strong>Paschasio</strong></span> <span class='ocrx_word' id='word_1_273' title='bbox 1008 3682 1135 3732; x_wconf 87' lang='lat' dir='ltr'><strong>Rad-</strong></span> 
     </span>
     <span class='ocr_line' id='line_1_41' title="bbox 128 3756 1129 3825; baseline 0.009 -22"><span class='ocrx_word' id='word_1_274' title='bbox 128 3756 257 3807; x_wconf 86' lang='lat' dir='ltr'><strong>berto</strong></span> <span class='ocrx_word' id='word_1_275' title='bbox 281 3763 481 3825; x_wconf 90' lang='lat' dir='ltr'><strong>primum</strong></span> <span class='ocrx_word' id='word_1_276' title='bbox 508 3765 559 3811; x_wconf 89' lang='lat' dir='ltr'><strong>in</strong></span> <span class='ocrx_word' id='word_1_277' title='bbox 592 3763 840 3812; x_wconf 86' lang='lat' dir='ltr'><strong>Ecclesiam</strong></span> <span class='ocrx_word' id='word_1_278' title='bbox 870 3781 992 3812; x_wconf 84' lang='lat' dir='ltr'><strong>anno</strong></span> <span class='ocrx_word' id='word_1_279' title='bbox 1030 3763 1129 3812; x_wconf 86' lang='lat'><strong>818</strong></span> 
     </span>
    </p>
   </div>
   <div class='ocr_carea' id='block_1_6' title="bbox 1209 1800 2242 3827">
    <p class='ocr_par' dir='ltr' id='par_1_8' title="bbox 1209 1800 2242 3827">
     <span class='ocr_line' id='line_1_42' title="bbox 1215 1800 2230 1866; baseline 0 -18"><span class='ocrx_word' id='word_1_280' title='bbox 1215 1801 1458 1850; x_wconf 90' lang='lat' dir='ltr'><strong>inductum</strong></span> <span class='ocrx_word' id='word_1_281' title='bbox 1488 1801 1626 1849; x_wconf 84' lang='lat' dir='ltr'><strong>fuisse</strong></span> <span class='ocrx_word' id='word_1_282' title='bbox 1665 1801 1829 1866; x_wconf 87' lang='lat' dir='ltr'><strong>dogma</strong></span> <span class='ocrx_word' id='word_1_283' title='bbox 1860 1800 1918 1849; x_wconf 85' lang='lat' dir='ltr'><strong>de</strong></span> <span class='ocrx_word' id='word_1_284' title='bbox 1955 1801 2066 1849; x_wconf 85' lang='lat' dir='ltr'><strong>reali</strong></span> <span class='ocrx_word' id='word_1_285' title='bbox 2109 1817 2230 1866; x_wconf 79' lang='lat' dir='ltr'><strong>prae-</strong></span> 
     </span>
     <span class='ocr_line' id='line_1_43' title="bbox 1216 1885 2229 1946; baseline -0.001 -15"><span class='ocrx_word' id='word_1_286' title='bbox 1216 1886 1359 1932; x_wconf 88' lang='lat' dir='ltr'><strong>sentia</strong></span> <span class='ocrx_word' id='word_1_287' title='bbox 1379 1901 1394 1946; x_wconf 67' lang='grc' dir='ltr'><strong>ς</strong></span> <span class='ocrx_word' id='word_1_288' title='bbox 1416 1885 1478 1931; x_wconf 87' lang='lat' dir='ltr'><strong>ita</strong></span> <span class='ocrx_word' id='word_1_289' title='bbox 1509 1893 1562 1931; x_wconf 88' lang='lat' dir='ltr'><strong>ut</strong></span> <span class='ocrx_word' id='word_1_290' title='bbox 1586 1885 1636 1930; x_wconf 89' lang='lat' dir='ltr'><strong>in</strong></span> <span class='ocrx_word' id='word_1_291' title='bbox 1663 1892 1789 1937; x_wconf 78' lang='lat' dir='ltr'><strong>tanta</strong></span> <span class='ocrx_word' id='word_1_292' title='bbox 1819 1892 2229 1931; x_wconf 83' lang='lat' dir='ltr'><strong>monumentorum</strong></span> 
     </span>
     <span class='ocr_line' id='line_1_44' title="bbox 1215 1962 2231 2030; baseline -0.001 -17"><span class='ocrx_word' id='word_1_293' title='bbox 1215 1975 1259 2018; x_wconf 86' lang='lat' dir='ltr'><strong>et</strong></span> <span class='ocrx_word' id='word_1_294' title='bbox 1299 1967 1467 2016; x_wconf 88' lang='lat' dir='ltr'><strong>criticae</strong></span> <span class='ocrx_word' id='word_1_295' title='bbox 1510 1965 1613 2018; x_wconf 85' lang='lat' dir='ltr'><strong>luce</strong></span> <span class='ocrx_word' id='word_1_296' title='bbox 1634 1964 1985 2030; x_wconf 74' lang='lat' dir='ltr'><strong>Wegscheider‚</strong></span> <span class='ocrx_word' id='word_1_297' title='bbox 2024 1962 2050 2030; x_wconf 55' lang='grc' dir='ltr'>ὃ</span> <span class='ocrx_word' id='word_1_298' title='bbox 2096 1962 2231 2028; x_wconf 72' lang='grc'>174,</span> 
     </span>
     <span class='ocr_line' id='line_1_45' title="bbox 1220 2044 2229 2095; baseline -0.001 -1"><span class='ocrx_word' id='word_1_299' title='bbox 1220 2047 1374 2094; x_wconf 87' lang='lat' dir='ltr'><strong>adhuc</strong></span> <span class='ocrx_word' id='word_1_300' title='bbox 1407 2047 1605 2095; x_wconf 81' lang='lat' dir='ltr'><strong>scribere</strong></span> <span class='ocrx_word' id='word_1_301' title='bbox 1643 2065 1739 2094; x_wconf 88' lang='lat' dir='ltr'><strong>non</strong></span> <span class='ocrx_word' id='word_1_302' title='bbox 1770 2046 2005 2094; x_wconf 86' lang='lat' dir='ltr'><strong>erubuerit</strong></span> <span class='ocrx_word' id='word_1_303' title='bbox 2040 2063 2052 2093; x_wconf 78' lang='lat' dir='ltr'><strong><em>z</em></strong></span> <span class='ocrx_word' id='word_1_304' title='bbox 2083 2044 2155 2093; x_wconf 82' lang='lat' dir='ltr'><strong>At</strong></span> <span class='ocrx_word' id='word_1_305' title='bbox 2179 2062 2229 2093; x_wconf 77' lang='lat' dir='ltr'><strong>lx</strong></span> 
     </span>
     <span class='ocr_line' id='line_1_46' title="bbox 1216 2112 2240 2184; baseline -0.002 -8"><span class='ocrx_word' id='word_1_306' title='bbox 1216 2127 1409 2176; x_wconf 77' lang='lat' dir='ltr'><strong>tande-m</strong></span> <span class='ocrx_word' id='word_1_307' title='bbox 1453 2127 1605 2175; x_wconf 79' lang='lat' dir='ltr'><strong>seculo</strong></span> <span class='ocrx_word' id='word_1_308' title='bbox 1625 2165 1639 2184; x_wconf 94' lang='lat'><em>‚</em></span> <span class='ocrx_word' id='word_1_309' title='bbox 1683 2127 1948 2176; x_wconf 78' lang='lat' dir='ltr'><strong>Paschasio</strong></span> <span class='ocrx_word' id='word_1_310' title='bbox 1992 2112 2240 2174; x_wconf 70' lang='lat' dir='ltr'><strong>Radberto&#39;</strong></span> 
     </span>
     <span class='ocr_line' id='line_1_47' title="bbox 1217 2209 2227 2276; baseline -0.002 -18"><span class='ocrx_word' id='word_1_311' title='bbox 1217 2219 1424 2269; x_wconf 80' lang='lat' dir='ltr'><strong>auctore,</strong></span> <span class='ocrx_word' id='word_1_312' title='bbox 1436 2210 1655 2258; x_wconf 80' lang='lat' dir='ltr'><strong>doctrina</strong></span> <span class='ocrx_word' id='word_1_313' title='bbox 1669 2209 1725 2257; x_wconf 84' lang='lat' dir='ltr'><strong>de</strong></span> <span class='ocrx_word' id='word_1_314' title='bbox 1726 2211 1992 2276; x_wconf 77' lang='lat' dir='ltr'><strong>proesentia</strong></span> <span class='ocrx_word' id='word_1_315' title='bbox 1997 2209 2227 2275; x_wconf 77' lang='lat' dir='ltr'><strong>physica,</strong></span> 
     </span>
     <span class='ocr_line' id='line_1_48' title="bbox 1217 2291 2240 2357; baseline -0.001 -19"><span class='ocrx_word' id='word_1_316' title='bbox 1217 2291 1396 2339; x_wconf 76' lang='lat' dir='ltr'><strong>scilicet</strong></span> <span class='ocrx_word' id='word_1_317' title='bbox 1415 2291 1473 2339; x_wconf 77' lang='lat' dir='ltr'><strong>de</strong></span> <span class='ocrx_word' id='word_1_318' title='bbox 1493 2291 1763 2340; x_wconf 66' lang='lat' dir='ltr'><strong>substantia</strong></span> <span class='ocrx_word' id='word_1_319' title='bbox 1775 2293 1927 2357; x_wconf 75' lang='lat' dir='ltr'><strong>panis</strong></span> <span class='ocrx_word' id='word_1_320' title='bbox 1948 2300 1993 2338; x_wconf 84' lang='lat' dir='ltr'><strong>et</strong></span> <span class='ocrx_word' id='word_1_321' title='bbox 2018 2293 2240 2356; x_wconf 74' lang='lat' dir='ltr'><strong>viniper</strong></span> 
     </span>
     <span class='ocr_line' id='line_1_49' title="bbox 1217 2373 2229 2428; baseline 0.001 -8"><span class='ocrx_word' id='word_1_322' title='bbox 1217 2375 1611 2428; x_wconf 72' lang='lat' dir='ltr'><strong>consecrationem</strong></span> <span class='ocrx_word' id='word_1_323' title='bbox 1649 2376 1707 2422; x_wconf 77' lang='lat' dir='ltr'><strong>in</strong></span> <span class='ocrx_word' id='word_1_324' title='bbox 1748 2374 2068 2421; x_wconf 77' lang='lat' dir='ltr'><strong>substantiam</strong></span> <span class='ocrx_word' id='word_1_325' title='bbox 2108 2373 2229 2421; x_wconf 88' lang='lat' dir='ltr'><strong>Cor-</strong></span> 
     </span>
     <span class='ocr_line' id='line_1_50' title="bbox 1209 2454 2228 2520; baseline 0.001 -19"><span class='ocrx_word' id='word_1_326' title='bbox 1209 2456 1348 2520; x_wconf 76' lang='lat' dir='ltr'><strong>poris</strong></span> <span class='ocrx_word' id='word_1_327' title='bbox 1379 2463 1425 2502; x_wconf 83' lang='lat' dir='ltr'><strong>et</strong></span> <span class='ocrx_word' id='word_1_328' title='bbox 1463 2454 1734 2519; x_wconf 73' lang='lat' dir='ltr'><strong>Sanquae&#39;nis</strong></span> <span class='ocrx_word' id='word_1_329' title='bbox 1771 2454 1958 2504; x_wconf 75' lang='lat' dir='ltr'><strong>Christi</strong></span> <span class='ocrx_word' id='word_1_330' title='bbox 1986 2472 2090 2502; x_wconf 80' lang='lat' dir='ltr'><strong>vere</strong></span> <span class='ocrx_word' id='word_1_331' title='bbox 2116 2471 2228 2505; x_wconf 75' lang='lat' dir='ltr'><strong>mu·-</strong></span> 
     </span>
     <span class='ocr_line' id='line_1_51' title="bbox 1217 2536 2230 2607; baseline 0 -23"><span class='ocrx_word' id='word_1_332' title='bbox 1217 2546 1315 2586; x_wconf 83' lang='lat' dir='ltr'><strong>tata</strong></span> <span class='ocrx_word' id='word_1_333' title='bbox 1332 2573 1345 2597; x_wconf 93' lang='lat'><strong>,</strong></span> <span class='ocrx_word' id='word_1_334' title='bbox 1369 2539 1615 2607; x_wconf 76' lang='lat' dir='ltr'><strong>proposita</strong></span> <span class='ocrx_word' id='word_1_335' title='bbox 1639 2554 1696 2587; x_wconf 83' lang='lat' dir='ltr'><strong>ac</strong></span> <span class='ocrx_word' id='word_1_336' title='bbox 1713 2536 1955 2601; x_wconf 67' lang='lat' dir='ltr'><strong>divulgata</strong></span> <span class='ocrx_word' id='word_1_337' title='bbox 1977 2546 2059 2586; x_wconf 78' lang='lat' dir='ltr'><strong>est.</strong></span> <span class='ocrx_word' id='word_1_338' title='bbox 2083 2537 2230 2586; x_wconf 88' lang='lat' dir='ltr'><strong>Tanta</strong></span> 
     </span>
     <span class='ocr_line' id='line_1_52' title="bbox 1219 2620 2225 2684; baseline 0.001 -17"><span class='ocrx_word' id='word_1_339' title='bbox 1219 2626 1288 2667; x_wconf 82' lang='lat' dir='ltr'><strong>est</strong></span> <span class='ocrx_word' id='word_1_340' title='bbox 1315 2620 1633 2667; x_wconf 79' lang='lat' dir='ltr'><strong>haereticorum</strong></span> <span class='ocrx_word' id='word_1_341' title='bbox 1666 2623 1933 2684; x_wconf 85' lang='lat' dir='ltr'><strong>perversitas</strong></span> <span class='ocrx_word' id='word_1_342' title='bbox 1950 2620 2225 2668; x_wconf 87' lang='lat' dir='ltr'><strong>voluntatis!</strong></span> 
     </span>
     <span class='ocr_line' id='line_1_53' title="bbox 1218 2699 2229 2765; baseline 0.002 -18"><span class='ocrx_word' id='word_1_343' title='bbox 1218 2699 1430 2754; x_wconf 87' lang='lat' dir='ltr'><strong>Ceterum</strong></span> <span class='ocrx_word' id='word_1_344' title='bbox 1445 2701 1525 2748; x_wconf 86' lang='lat' dir='ltr'><strong>cfr.</strong></span> <span class='ocrx_word' id='word_1_345' title='bbox 1538 2703 1711 2765; x_wconf 85' lang='lat' dir='ltr'><strong>egregia</strong></span> <span class='ocrx_word' id='word_1_346' title='bbox 1730 2702 1913 2749; x_wconf 87' lang='lat' dir='ltr'><strong>dissert.</strong></span> <span class='ocrx_word' id='word_1_347' title='bbox 1928 2700 2229 2749; x_wconf 81' lang='lat' dir='ltr'><strong>Jo.Mabillo-</strong></span> 
     </span>
     <span class='ocr_line' id='line_1_54' title="bbox 1217 2781 2234 2844; baseline 0.002 -15"><span class='ocrx_word' id='word_1_348' title='bbox 1217 2785 1303 2844; x_wconf 85' lang='lat' dir='ltr'><strong>nii,</strong></span> <span class='ocrx_word' id='word_1_349' title='bbox 1327 2781 1407 2829; x_wconf 89' lang='lat' dir='ltr'><strong>De</strong></span> <span class='ocrx_word' id='word_1_350' title='bbox 1421 2784 1754 2830; x_wconf 75' lang='lat' dir='ltr'><strong>controversiis</strong></span> <span class='ocrx_word' id='word_1_351' title='bbox 1773 2781 2128 2830; x_wconf 77' lang='lat' dir='ltr'><strong>Eucharisticis</strong></span> <span class='ocrx_word' id='word_1_352' title='bbox 2149 2800 2234 2831; x_wconf 85' lang='lat' dir='ltr'><strong>soe·</strong></span> 
     </span>
     <span class='ocr_line' id='line_1_55' title="bbox 1216 2862 2242 2931; baseline 0.004 -20"><span class='ocrx_word' id='word_1_353' title='bbox 1216 2862 1316 2911; x_wconf 75' lang='lat' dir='ltr'><strong>culi</strong></span> <span class='ocrx_word' id='word_1_354' title='bbox 1331 2866 1468 2928; x_wconf 76' lang='lat' dir='ltr'><strong>noni,</strong></span> <span class='ocrx_word' id='word_1_355' title='bbox 1490 2882 1593 2931; x_wconf 86' lang='lat' dir='ltr'><strong>quae</strong></span> <span class='ocrx_word' id='word_1_356' title='bbox 1608 2875 1734 2913; x_wconf 83' lang='lat' dir='ltr'><strong>extat</strong></span> <span class='ocrx_word' id='word_1_357' title='bbox 1749 2868 1798 2913; x_wconf 89' lang='lat' dir='ltr'><strong>in</strong></span> <span class='ocrx_word' id='word_1_358' title='bbox 1818 2865 1867 2912; x_wconf 90' lang='lat' dir='ltr'><em>T</em></span> <span class='ocrx_word' id='word_1_359' title='bbox 1865 2864 2069 2913; x_wconf 69' lang='lat' dir='ltr'><strong>Ite-sauro</strong></span> <span class='ocrx_word' id='word_1_360' title='bbox 2085 2865 2224 2915; x_wconf 77' lang='lat' dir='ltr'><strong>theol.</strong></span> <span class='ocrx_word' id='word_1_361' title='bbox 2241 2887 2242 2890; x_wconf 46' lang='lat'>¹</span> 
     </span>
     <span class='ocr_line' id='line_1_56' title="bbox 1217 2945 2228 3012; baseline 0.002 -18"><span class='ocrx_word' id='word_1_362' title='bbox 1217 2946 1460 2998; x_wconf 75' lang='lat' dir='ltr'><strong>Zachariae.</strong></span> <span class='ocrx_word' id='word_1_363' title='bbox 1506 2957 1618 3001; x_wconf 79' lang='lat' dir='ltr'><strong>tom.</strong></span> <span class='ocrx_word' id='word_1_364' title='bbox 1661 2964 1723 3007; x_wconf 83' lang='lat' dir='ltr'><strong>x,</strong></span> <span class='ocrx_word' id='word_1_365' title='bbox 1766 2965 1814 3012; x_wconf 86' lang='lat' dir='ltr'><strong>p.</strong></span> <span class='ocrx_word' id='word_1_366' title='bbox 1861 2945 1978 3010; x_wconf 73' lang='grc'><strong>864.</strong></span> <span class='ocrx_word' id='word_1_367' title='bbox 2003 2984 2015 3006; x_wconf 89' lang='grc'>,</span> <span class='ocrx_word' id='word_1_368' title='bbox 2064 2947 2149 3001; x_wconf 81' lang='lat' dir='ltr'><strong>ubi</strong></span> <span class='ocrx_word' id='word_1_369' title='bbox 2184 2958 2228 2996; x_wconf 84' lang='lat' dir='ltr'><strong>et</strong></span> 
     </span>
     <span class='ocr_line' id='line_1_57' title="bbox 1216 3027 2230 3094; baseline -0.001 -17"><span class='ocrx_word' id='word_1_370' title='bbox 1216 3028 1332 3077; x_wconf 84' lang='lat' dir='ltr'><strong>illud</strong></span> <span class='ocrx_word' id='word_1_371' title='bbox 1352 3029 1536 3078; x_wconf 83' lang='lat' dir='ltr'><strong>conficit</strong></span> <span class='ocrx_word' id='word_1_372' title='bbox 1554 3027 1896 3094; x_wconf 71' lang='lat' dir='ltr'><strong>Mabillonius§</strong></span> <span class='ocrx_word' id='word_1_373' title='bbox 1922 3046 1969 3077; x_wconf 74' lang='lat' dir='ltr'><strong>iv</strong></span> <span class='ocrx_word' id='word_1_374' title='bbox 1994 3065 2009 3088; x_wconf 91' lang='lat'>‚</span> <span class='ocrx_word' id='word_1_375' title='bbox 2043 3039 2230 3077; x_wconf 83' lang='lat' dir='ltr'><strong>contro·</strong></span> 
     </span>
     <span class='ocr_line' id='line_1_58' title="bbox 1217 3111 2227 3177; baseline 0 -18"><span class='ocrx_word' id='word_1_376' title='bbox 1217 3114 1438 3172; x_wconf 84' lang='lat' dir='ltr'><strong>versiam,</strong></span> <span class='ocrx_word' id='word_1_377' title='bbox 1470 3127 1572 3177; x_wconf 89' lang='lat' dir='ltr'><strong>quae</strong></span> <span class='ocrx_word' id='word_1_378' title='bbox 1597 3114 1743 3162; x_wconf 85' lang='lat' dir='ltr'><strong>extitit</strong></span> <span class='ocrx_word' id='word_1_379' title='bbox 1779 3113 1899 3160; x_wconf 85' lang='lat' dir='ltr'><strong>inter</strong></span> <span class='ocrx_word' id='word_1_380' title='bbox 1933 3111 2227 3160; x_wconf 83' lang='lat' dir='ltr'><strong>Paschasium</strong></span> 
     </span>
     <span class='ocr_line' id='line_1_59' title="bbox 1216 3194 2230 3259; baseline -0.001 -17"><span class='ocrx_word' id='word_1_381' title='bbox 1216 3204 1261 3242; x_wconf 86' lang='lat' dir='ltr'><strong>et</strong></span> <span class='ocrx_word' id='word_1_382' title='bbox 1296 3196 1392 3242; x_wconf 87' lang='lat' dir='ltr'><strong>eius</strong></span> <span class='ocrx_word' id='word_1_383' title='bbox 1420 3196 1790 3259; x_wconf 82' lang='lat' dir='ltr'><strong>impugnatores,</strong></span> <span class='ocrx_word' id='word_1_384' title='bbox 1836 3194 1978 3241; x_wconf 88' lang='lat' dir='ltr'><strong>fuisse</strong></span> <span class='ocrx_word' id='word_1_385' title='bbox 2008 3194 2133 3242; x_wconf 83' lang='lat' dir='ltr'><strong>litem</strong></span> <span class='ocrx_word' id='word_1_386' title='bbox 2171 3194 2230 3241; x_wconf 86' lang='lat' dir='ltr'><strong>de</strong></span> 
     </span>
     <span class='ocr_line' id='line_1_60' title="bbox 1217 3274 2224 3335; baseline 0.001 -13"><span class='ocrx_word' id='word_1_387' title='bbox 1217 3274 1387 3327; x_wconf 81' lang='lat' dir='ltr'><strong>verbis,</strong></span> <span class='ocrx_word' id='word_1_388' title='bbox 1424 3276 1689 3323; x_wconf 84' lang='lat' dir='ltr'><strong>Paschasius</strong></span> <span class='ocrx_word' id='word_1_389' title='bbox 1723 3279 1845 3324; x_wconf 89' lang='lat' dir='ltr'><strong>enim</strong></span> <span class='ocrx_word' id='word_1_390' title='bbox 1887 3276 2224 3335; x_wconf 84' lang='lat' dir='ltr'><strong>affirmaverat,</strong></span> 
     </span>
     <span class='ocr_line' id='line_1_61' title="bbox 1222 3356 2225 3423; baseline 0 -19"><span class='ocrx_word' id='word_1_391' title='bbox 1222 3374 1409 3406; x_wconf 87' lang='lat' dir='ltr'><strong>carnem</strong></span> <span class='ocrx_word' id='word_1_392' title='bbox 1427 3356 1614 3416; x_wconf 86' lang='lat' dir='ltr'><strong>Christi,</strong></span> <span class='ocrx_word' id='word_1_393' title='bbox 1634 3373 1738 3423; x_wconf 82' lang='lat' dir='ltr'><strong>quae</strong></span> <span class='ocrx_word' id='word_1_394' title='bbox 1758 3360 1883 3405; x_wconf 88' lang='lat' dir='ltr'><strong>estin</strong></span> <span class='ocrx_word' id='word_1_395' title='bbox 1902 3357 2186 3405; x_wconf 84' lang='lat' dir='ltr'><strong>Eucharistia</strong></span> <span class='ocrx_word' id='word_1_396' title='bbox 2211 3394 2225 3415; x_wconf 89' lang='lat'><strong>,</strong></span> 
     </span>
     <span class='ocr_line' id='line_1_62' title="bbox 1215 3440 2227 3506; baseline -0.002 -19"><span class='ocrx_word' id='word_1_397' title='bbox 1215 3441 1423 3487; x_wconf 87' lang='lat' dir='ltr'><strong>eamdem</strong></span> <span class='ocrx_word' id='word_1_398' title='bbox 1461 3456 1559 3488; x_wconf 85' lang='lat' dir='ltr'><strong>esse</strong></span> <span class='ocrx_word' id='word_1_399' title='bbox 1585 3440 1825 3499; x_wconf 75' lang='lat' dir='ltr'><strong>acinam,</strong></span> <span class='ocrx_word' id='word_1_400' title='bbox 1869 3457 1974 3506; x_wconf 85' lang='lat' dir='ltr'><strong>quae</strong></span> <span class='ocrx_word' id='word_1_401' title='bbox 2013 3451 2119 3487; x_wconf 86' lang='lat' dir='ltr'><strong>nata</strong></span> <span class='ocrx_word' id='word_1_402' title='bbox 2160 3448 2227 3485; x_wconf 85' lang='lat' dir='ltr'><strong>est</strong></span> 
     </span>
     <span class='ocr_line' id='line_1_63' title="bbox 1215 3521 2223 3587; baseline -0.003 -17"><span class='ocrx_word' id='word_1_403' title='bbox 1215 3539 1268 3570; x_wconf 86' lang='lat' dir='ltr'><strong>ex</strong></span> <span class='ocrx_word' id='word_1_404' title='bbox 1299 3521 1350 3569; x_wconf 87' lang='grc' dir='ltr'><strong>Β.</strong></span> <span class='ocrx_word' id='word_1_405' title='bbox 1382 3521 1607 3587; x_wconf 71' lang='lat' dir='ltr'><strong>Virgine,</strong></span> <span class='ocrx_word' id='word_1_406' title='bbox 1648 3522 1726 3571; x_wconf 81' lang='lat' dir='ltr'><strong>alii</strong></span> <span class='ocrx_word' id='word_1_407' title='bbox 1765 3535 1919 3580; x_wconf 79' lang='lat' dir='ltr'><strong>autem</strong></span> <span class='ocrx_word' id='word_1_408' title='bbox 1963 3521 2223 3585; x_wconf 82' lang='lat' dir='ltr'><strong>negabant,</strong></span> 
     </span>
     <span class='ocr_line' id='line_1_64' title="bbox 1217 3602 2235 3660; baseline -0.003 -9"><span class='ocrx_word' id='word_1_409' title='bbox 1217 3614 1260 3651; x_wconf 86' lang='lat' dir='ltr'><strong>et</strong></span> <span class='ocrx_word' id='word_1_410' title='bbox 1288 3605 1658 3660; x_wconf 82' lang='lat' dir='ltr'><strong>contendebant,</strong></span> <span class='ocrx_word' id='word_1_411' title='bbox 1693 3622 1792 3653; x_wconf 84' lang='lat' dir='ltr'><strong>eam</strong></span> <span class='ocrx_word' id='word_1_412' title='bbox 1823 3605 2102 3652; x_wconf 83' lang='lat' dir='ltr'><strong>locutionem</strong></span> <span class='ocrx_word' id='word_1_413' title='bbox 2145 3602 2235 3649; x_wconf 69' lang='lat' dir='ltr'><strong>ad-</strong></span> 
     </span>
     <span class='ocr_line' id='line_1_65' title="bbox 1217 3685 2227 3743; baseline -0.002 -10"><span class='ocrx_word' id='word_1_414' title='bbox 1217 3685 1470 3734; x_wconf 87' lang='lat' dir='ltr'><strong>hibendam</strong></span> <span class='ocrx_word' id='word_1_415' title='bbox 1491 3704 1585 3735; x_wconf 87' lang='lat' dir='ltr'><strong>esse</strong></span> <span class='ocrx_word' id='word_1_416' title='bbox 1605 3704 1709 3734; x_wconf 86' lang='lat' dir='ltr'><strong>cum</strong></span> <span class='ocrx_word' id='word_1_417' title='bbox 1731 3687 2022 3734; x_wconf 85' lang='lat' dir='ltr'><strong>distinetione</strong></span> <span class='ocrx_word' id='word_1_418' title='bbox 2040 3722 2054 3743; x_wconf 89' lang='lat'><strong>,</strong></span> <span class='ocrx_word' id='word_1_419' title='bbox 2085 3686 2147 3731; x_wconf 88' lang='lat' dir='ltr'><strong>ita</strong></span> <span class='ocrx_word' id='word_1_420' title='bbox 2175 3695 2227 3731; x_wconf 91' lang='lat' dir='ltr'><strong>ut</strong></span> 
     </span>
     <span class='ocr_line' id='line_1_66' title="bbox 1213 3766 2233 3827; baseline -0.001 -13"><span class='ocrx_word' id='word_1_421' title='bbox 1213 3767 1422 3817; x_wconf 88' lang='lat' dir='ltr'><strong>debuerit</strong></span> <span class='ocrx_word' id='word_1_422' title='bbox 1443 3768 1560 3827; x_wconf 90' lang='lat' dir='ltr'><strong>dici,</strong></span> <span class='ocrx_word' id='word_1_423' title='bbox 1587 3766 1797 3817; x_wconf 87' lang='lat' dir='ltr'><strong>eamdem</strong></span> <span class='ocrx_word' id='word_1_424' title='bbox 1821 3783 2006 3815; x_wconf 83' lang='lat' dir='ltr'><strong>carnem</strong></span> <span class='ocrx_word' id='word_1_425' title='bbox 2025 3773 2233 3814; x_wconf 70' lang='lat' dir='ltr'><strong>natura-</strong></span> 
     </span>
    </p>
   </div>
  </div>
 </body>
</html>
