2502 4186
208 252 212 254 ’
292 231 414 292 330

959 255 1287 295 TRAGTATUS
1332 254 1419 294 m!
1444 256 1845 297 EUGHARISTIA.

291 394 571 475 Norvegis
585 440 609 472 ³
634 405 702 454 ut
725 394 851 455 sine
875 395 1430 458 calice'Sacrificium
1451 392 1763 460 offerrent}
1781 401 1886 459 Ast
1907 410 2115 462 notum
2132 415 2242 480 est,
2259 403 2418 464 illud

288 489 661 575 privilegium
697 512 822 551 esse
862 494 1334 553 commentitium
1351 540 1369 571 ‚
1394 506 1571 577 atque
1599 517 1631 554 a
1654 496 1961 555 Dominico
1985 496 2330 559 viterbiensi
2361 512 2420 560 et

288 586 593 646 Francisco
617 586 918 647 Maldente
943 589 1223 670 Norvegis
1249 589 1592 665 obtrusum3
1628 612 1880 674 quorum
1906 592 2062 651 fraus
2090 603 2159 651 ut
2193 594 2421 656 detecta

288 692 376 741 est
394 726 412 759 ‚
443 680 680 765 capitali
707 703 888 764 poena
923 682 1100 743 ambo
1130 685 1396 744 mulctati
1424 697 1563 745 sunt
1583 732 1600 762 .,
1635 698 1703 746 ut
1738 687 1919 747 refert
1949 686 2283 769 Raynaldus
2305 690 2416 771 (1).

1081 863 1495 919 PROPOSITIO
1533 865 1632 918 ΙΙΙ.

496 1023 497 1026 ¹
566 979 771 1060 'Aqua
813 981 1124 1040 miscenda
1165 992 1251 1041 est
1291 985 1432 1041 vino
1475 986 1546 1041 in
1588 981 1773 1041 calice
1815 983 2128 1061 offerendo.

369 1142 509 1202 353.
530 1142 666 1202 Haec
681 1143 1003 1225 propositio
1020 1155 1110 1204 est
1133 1144 1209 1204 de
1228 1143 1344 1205 fide
1363 1171 1379 1220 ς
1408 1145 1631 1206 etenim
1649 1143 1974 1206 Concilium
1989 1146 2420 1224 Tridentinum‚

286 1259 426 1303 seSS.
471 1238 670 1313 XXII,
704 1237 863 1298 hunc
887 1261 1179 1299 canonem
1211 1239 1399 1300 edidit
1434 1264 1447 1300 :
1493 1243 1568 1300 Si
1586 1248 1725 1322 quis
1748 1243 1979 1301 dimerit
1992 1285 2013 1315 ,
2042 1264 2268 1322 aquam
2303 1265 2423 1302 non

286 1334 660 1393 miscendam
686 1355 802 1393 esse
819 1337 959 1394 vino
975 1339 1043 1393 in
1067 1337 1252 1411 calice
1269 1337 1585 1417 offerendo,
1607 1358 1669 1397 eo
1690 1339 1856 1417 quod
1872 1341 1952 1397 sit
1966 1349 2175 1398 contra
2197 1338 2429 1399 Christi

285 1433 729 1489 institutionem
749 1473 769 1502 ,
811 1431 1138 1490 anatliema
1173 1436 1253 1491 sit
1285 1433 1397 1511 (2).
1435 1433 1590 1492 Ferit
1628 1455 1806 1515 porro
1854 1433 1949 1493 hic
1981 1455 2170 1494 canon
2205 1433 2424 1494 directe

285 1536 634 1603 novatoreS‚
680 1525 781 1608 qui
823 1538 1249 1587 accensuerunt
1295 1526 1570 1588 humanis
1607 1529 1902 1609 figmentis
1948 1529 2234 1609 ejusmodi
2270 1551 2426 1589 com-

287 1620 633 1681 mixtionem
654 1666 670 1696 ,
713 1631 815 1681 aut
857 1622 1067 1682 saltem
1100 1645 1228 1683 rem
1261 1622 1510 1683 liberam
1545 1645 1671 1684 esse
1705 1636 2107 1686 autumarunt.
2143 1625 2423 1699 Quamvis

286 1727 484 1793 autem
507 1718 858 1778 recentiores
882 1721 1277 1780 protestantes
1291 1723 1418 1798 jam
1438 1719 1594 1779 ultro
1616 1721 1937 1797 fateantur,
1959 1709 2258 1782 Christum
2273 1743 2424 1803 aqua

285 1813 497 1873 vinum
519 1813 582 1871 in
601 1813 799 1888 calice,
821 1836 997 1897 quem
1027 1816 1421 1890 consecravit,
1446 1817 1850 1898 permiscuisse
1876 1817 1967 1898 (3)
1990 1862 2004 1892 ,
2024 1838 2090 1876 ac
2117 1828 2305 1876 totam
2328 1839 2430 1876 an-

287 1908 623 1992 tiquitatem
658 1909 733 1968 ad
761 1910 1100 1992 exemplum
1139 1911 1354 1970 Christi
1383 1912 1538 1972 hanc
1577 1914 1809 1994 praxim
1843 1925 2102 1974 secutam
2132 1934 2255 1973 esse
2277 1959 2294 1988 ,
2334 1924 2430 1972 ta·

286 1999 696 2064 men'malunt
733 2026 793 2065 se
831 2005 1197 2065 conformare
1236 2006 1507 2088 exemplo
1550 2008 2100 2090 Monophysitarum
2129 2019 2189 2067 et
2223 2010 2429 2067 Arme-

286 2123 502 2160 norum
555 2101 1058 2161 schismaticorum
1077 2148 1093 2177 ‚
1146 2102 1248 2184 qui
1305 2102 1514 2163 vinum
1540 2124 1780 2185 ¹purum
1820 2104 1884 2161 in
1933 2124 2106 2162 usum
2157 2101 2429 2162 Sacrificii

287 2196 663 2257 adsciverunt
692 2196 767 2255 ad
801 2219 972 2256 suum
1007 2218 1262 2257 errorem
1305 2196 1379 2258 de
1410 2198 1584 2258 unica
1610 2198 1673 2257 in
1705 2197 1936 2258 Christo
1968 2209 2181 2258 natura
2209 2199 2428 2258 con-fir-

286 2292 578 2351 mandum
601 2338 618 2367 .,
650 2314 829 2374 quam
854 2293 1127 2376 exemplo
1151 2293 1367 2354 Christi
1395 2305 1455 2354 et
1483 2293 1740 2355 Ecclesiae
1772 2295 2093 2356 catholicae.

372 2387 512 2446 354.
542 2387 1152 2451 Animadvertendum
1181 2401 1383 2450 tamen
1410 2381 1660 2466 estqnos
1686 2390 1931 2451 minime
1961 2391 2113 2451 hanc
2140 2411 2307 2473 aquae
2323 2390 2428 2450 im-

287 2485 638 2544 mixtionem
656 2508 1028 2568 propugnare
1048 2531 1065 2564 ‚
1081 2487 1330 2569 perinde
1357 2507 1423 2546 ac
1438 2488 1485 2546 si
1508 2487 1585 2546 ad
1608 2488 1919 2546 essentiam
1943 2487 2300 2547 Sacramenti
2324 2497 2427 2544 aut

288 2580 562 2640 Sacrificii
613 2583 976 2663 pertineret3
1028 2583 1248 2643 etenim
1270 2628 1285 2658 .,
1335 2595 1402 2642 ut
1443 2582 1702 2666 loquitur
1750 2582 2147 2642 Catechismus
2201 2584 2370 2641 Rom.
2403 2626 2420 2656 ,

359 2760 427 2824 (1)
459 2761 530 2809 Ad
550 2778 729 2810 annum
770 2759 898 2828 1490
917 2800 931 2822 ‚
954 2782 1006 2812 n.
1032 2779 1116 2813 22.
1400 2762 1576 2812 cibum.
1612 2761 1804 2810 Vinum
1826 2778 2011 2827 purum
2041 2759 2327 2825 infunditur
2343 2797 2358 2822 ‚
2381 2767 2428 2808 et

359 2843 421 2906 (2)
458 2842 565 2913 Jam
625 2844 737 2893 alias
788 2847 988 2907 monui,
1034 2846 1140 2895 licet
1186 2846 1316 2913 obje-

288 2935 418 2974 ctum
436 2921 757 2992 quorumdam
780 2944 1014 2976 canonum
1033 2963 1049 2989 ,
1073 2947 1190 2996 quos
1216 2930 1316 2978 edi—

290 3008 358 3056 dit
384 3007 528 3058 Conc.
561 3009 890 3058 Tridentinum
911 3014 967 3060 sit
987 3012 1158 3075 solum,
1179 3013 1315 3067 disci-,-

289 3092 470 3156 plinare
491 3129 503 3152 ,
535 3110 644 3141 cum
690 3103 849 3142 tamen
894 3095 1117 3144 indirecte
1139 3093 1315 3142 afficiat

289 3181 569 3237 potestatem
615 3174 829 3224 Ecclesiae
864 3194 890 3225 a
921 3176 1101 3225 Christo
1132 3193 1312 3225 conces-

292 3271 389 3302 sam
414 3292 432 3317 Ἀ
458 3255 562 3303 ideo
591 3256 875 3321 dogmaticos
903 3277 998 3308 esse
1038 3258 1307 3307 censendos.

362 3335 429 3402 (3)
468 3337 568 3386 Cfr.
592 3338 812 3400 Kuinoel‚
849 3335 1114 3389 Comment.
1145 3342 1200 3388 in
1220 3340 1307 3390 lib.

290 3417 360 3466 N.
397 3418 461 3467 T.
501 3419 716 3469 historic.
755 3424 807 3470 in
842 3422 1006 3472 Manli.
1037 3411 1168 3483 Πνί,
1207 3421 1308 3486 263

292 3505 372 3568 qui
388 3513 601 3568 praeterea
620 3502 755 3552 affert
766 3510 836 3552 tex
844 3515 942 3552 tum
959 3523 1016 3554 ex
1030 3504 1307 3563 Pesachim,

291 3585 378 3635 fol.
415 3602 503 3653 117
525 3622 539 3648 ,
573 3605 714 3653 quem
733 3587 869 3652 paulo
901 3599 1008 3637 ante
1033 3591 1274 3637 innuimus
1296 3625 1309 3649 ,

294 3686 465 3734 nempe
485 3686 498 3717 :
531 3669 771 3718 Poculum
788 3672 983 3718 tertium
1001 3679 1069 3718 est
1078 3670 1310 3736 poculum

299 3748 676 3814 benedictionis,
722 3769 827 3801 cum
877 3752 1176 3802 benedicitur
1201 3762 1311 3819 poet

1393 2846 1454 2910 fit
1482 2846 1762 2893 commixtio
1793 2861 1932 2909 aquoe
1952 2846 2009 2892 in
2022 2843 2217 2910 poculo.
2251 2843 2423 2911 Quar-

1396 2935 1506 2975 tum
1544 2935 1608 2974 est
1626 2961 1644 2988 ,
1691 2943 1838 2992 snper
1876 2943 1968 2991 quo
1998 2927 2195 2992 perficit
2219 2925 2388 2974 Hallel
2408 2962 2422 2987 ,

1395 3009 1622 3080 additque
1640 3009 2021 3057 benedictionem
2042 3010 2234 3057 cantice
2251 3028 2269 3056 .·
2289 3009 2424 3057 Lau-

1394 3091 1509 3138 dent
1528 3102 1602 3152 tc,
1648 3090 1885 3152 Domine,
1917 3093 2083 3140 omnia
2122 3108 2265 3157 opera
2299 3099 2382 3139 tua
2400 3125 2419 3152 ‚

1393 3175 1670 3223 benedictus
1722 3171 1818 3234 sit,
1863 3176 1951 3240 qui
1988 3176 2170 3223 creavit
2206 3175 2423 3239 fructum

1393 3259 1525 3307 vitis.
1557 3257 1628 3305 Et
1654 3267 1818 3324 postea
1845 3259 2105 3322 quicqu-am
2131 3273 2230 3304 non
2253 3263 2416 3320 quiscat

1395 3341 1667 3404 (Israelita)
1722 3339 1807 3388 illa
1853 3349 2003 3388 nocte.
2052 3340 2222 3389 Verum
2268 3343 2319 3387 in
2362 3353 2422 3386 eo

1397 3425 1645 3490 decipitur,
1663 3424 1788 3489 quod
1803 3427 2050 3481 censuerit,
2068 3421 2304 3470 Christum
2323 3420 2420 3468 Eu-

1396 3509 1658 3556 charistiam
1672 3509 1924 3555 instituisse
1938 3516 2039 3570 post
2054 3506 2273 3553 haustum
2286 3521 2423 3568 quar-

1396 3601 1496 3639 tum
1550 3591 1792 3655 poculum.
1850 3589 1951 3638 Cir.
2002 3591 2139 3637 etiam
2192 3585 2383 3634 Vossius
2403 3624 2417 3646 ,

1395 3674 1516 3738 disp.
1551 3689 1653 3721 xxu
1671 3708 1685 3720 .
1717 3671 1790 3722 De
1814 3673 1968 3720 sacris
1997 3671 2256 3720 dominicae
2270 3686 2420 3718 caenae

1399 3754 1659 3819 symbolis,
1692 3755 1808 3804 thesi
1839 3751 1891 3803 8.
