2502 4186
561 296 685 333 CAP.
735 298 778 333 1.
826 297 895 333 mv.
936 294 1213 335 vamum
1257 289 1589 342 SAcn1r10117
1622 289 1744 326 mc·
2090 267 2210 327 297

106 447 234 495 tum
273 434 550 497 adversus
592 438 947 498 Sacrificium
988 439 1182 519 ipsum
1207 480 1223 510 7
1271 445 1400 493 tum
1444 432 1721 492 adversus
1766 435 1886 509 ejus
1928 430 2209 492 virtutem

105 532 565 612 propitiatoriam
609 554 676 592 cx
719 555 787 592 eo
829 533 1164 615 proveniat7
1206 529 1366 610 quod
1411 527 1604 586 nolint
1655 526 2005 605 distinguere
2057 526 2215 585 inter

105 628 362 708 pretium
400 626 662 685 oblatum
697 650 802 709 pro
831 627 1077 709 peccatis
1111 624 1322 683 nostris
1352 633 1410 682 et
1436 620 1693 699 ejusdcm
1734 622 1901 702 pretii
1930 643 1994 680 ac
2022 621 2213 680 meriti

107 722 590 803 applicationem7
626 724 842 800 juverit
881 721 1204 781 doctrinam
1239 718 1580 777 catholicam
1623 716 1912 775 illustrare
1964 715 2211 776 nobilis-

107 818 254 876 simo
292 815 580 897 cxcmpIO,
639 839 752 898 quo
790 817 957 878 Card.
989 813 1275 875 Stanilaus
1316 814 1523 872 Hosius
1552 834 1687 870 usus
1724 823 1833 870 est.
1876 810 1992 871 Est
2025 816 2202 891 fons,

107 912 188 971 ait
210 912 332 992 ipse
351 955 367 985 7
395 915 464 969 in
487 913 676 971 medio
701 917 962 972 civitatis
987 913 1297 970 collocatus
1316 954 1332 983 7
1372 910 1652 972 omnihus
1678 912 1975 986 eapositus
1994 952 2010 981 7
2041 931 2082 966 a
2102 929 2216 986 quo

106 1027 275 1065 nemo
300 1017 576 1079 arcetur,
614 1013 766 1086 quin
795 1029 855 1067 eo
879 1009 1059 1066 libere
1081 1010 1180 1064 uti
1199 1011 1391 1084 possit
1409 1030 1426 1062 .·
1449 1015 1575 1062 tam
1610 1014 1693 1062 est
1715 1014 1915 1061 autem
1946 1008 2216 1081 copiosus

105 1111 161 1158 et
196 1102 548 1160 redundans
562 1145 585 1173 ,
623 1114 693 1161 ut
728 1104 1035 1161 ad·sordes
1066 1106 1340 1160 omnium
1368 1100 1736 1170 abluendas,
1774 1100 1860 1157 ad
1884 1103 2050 1157 sitim
2090 1120 2217 1157 om-

106 1200 283 1258 nium
307 1198 636 1255 sedandam
650 1241 667 1271 7
697 1199 783 1255 ad
795 1199 1056 1276 reliquas
1084 1201 1449 1255 necessitates
1465 1217 1663 1254 omnes
1679 1199 1954 1253 omnium
1976 1197 2218 1274 eoeplen—

105 1291 214 1349 das
247 1292 487 1350 abu-nde
519 1293 791 1370 sufficiat.
836 1292 1010 1351 Num
1044 1294 1172 1350 ideo
1212 1302 1277 1349 tu
1315 1294 1481 1349 sitim
1516 1303 1686 1349 tuam
1718 1292 2026 1371 emplevisti
2047 1334 2069 1362 ,
2110 1300 2224 1349 aut

105 1387 301 1444 sordes
337 1388 617 1458 abluisti,
643 1388 805 1466 quod
837 1388 936 1446 hic
961 1391 1101 1466 fons
1139 1397 1223 1445 est
1257 1391 1325 1444 in
1356 1388 1544 1445 medio
1580 1389 1861 1445 omnibus
1882 1391 2183 1465 expositus
2195 1429 2217 1458 ,

107 1491 234 1540 tam
273 1480 584 1565 copiosus?
624 1484 820 1555 Certe,
863 1488 991 1542 nisi
1016 1484 1102 1542 ad
1123 1505 1261 1541 eum
1293 1489 1606 1543 accesseris
1630 1527 1647 1558 ,
1692 1487 1820 1541 nisi
1846 1504 1916 1541 em
1941 1483 2220 1541 hoc'hau-

106 1581 288 1650 seris7
328 1599 513 1656 neque
543 1579 740 1637 sordes
773 1580 1075 1653 ablueris7
1116 1600 1301 1657 neque
1333 1583 1499 1647 sitim
1527 1579 1826 1635 sedaveris
1841 1621 1864 1649 ,
1902 1600 2087 1656 neque
2121 1580 2220 1636 ul-

107 1672 238 1729 lum
263 1693 333 1730 ea·
357 1693 417 1730 eo
440 1676 720 1751 fructum
744 1678 1118 1753 perceperis,
1154 1674 1484 1751 quamlibet
1507 1677 1587 1731 sit
1619 1676 1889 1751 copiosus
1927 1684 1982 1730 et
2003 1674 2223 1731 red-un-

108 1767 280 1824 dans.
315 1768 578 1826 Proinde
601 1774 715 1846 qui
738 1775 864 1827 vult
890 1790 960 1826 ea·
983 1788 1043 1826 eo
1070 1771 1235 1847 fonte
1262 1771 1544 1846 fructum
1578 1788 1821 1847 capere,
1852 1789 1973 1825 non
1996 1778 2222 1847 spectat

106 1862 280 1918 illum
307 1866 521 1920 otiosus
540 1906 556 1937 7
591 1884 663 1921 ac
706 1865 877 1921 illius
908 1874 1145 1922 tantum
1175 1866 1412 1942 copiam
1451 1875 1503 1921 et
1538 1853 1987 1923 abundantiam
2017 1864 2221 1921 admi-

106 1966 290 2014 ratur
319 1979 339 2015 .·
380 1978 581 2016 verum
617 1960 778 2017 illud
811 1963 973 2039 aqit,
1015 1949 1087 2016 ut
1111 1961 1271 2037 quod
1302 1959 1461 2017 videt
1494 1960 1776 2018 omnihus
1816 1964 2222 2018 communica-

110 2061 279 2122 tum,
302 2056 432 2135 ejus
464 2055 550 2110 ad
573 2074 629 2111 se
650 2075 878 2132 quoque
890 2065 1133 2132 partem
1158 2056 1431 2134 aliquam
1459 2056 1684 2112 derivet
1712 2081 1728 2112 .·
1759 2056 1994 2133 fistulas
2019 2056 2220 2113 admo-

112 2156 235 2216 vet,
275 2149 394 2204 sive
433 2149 600 2206 tubos
643 2159 756 2206 aut
799 2150 1072 2219 canales,
1106 2170 1225 2227 per
1266 2171 1411 2228 quos
1458 2170 1829 2208 communem
1869 2171 2096 2228 aquam
2151 2155 2219 2208 in

109 2260 289 2298 suum
315 2260 541 2320 quoque
553 2248 874 2321 privatum
907 2254 961 2302 et
972 2248 1302 2322 proprium
1329 2267 1511 2303 usum
1535 2248 1882 2324 transferat.
1919 2245 2060 2304 Non
2093 2247 2220 2304 dis-

110 2339 329 2396 similis
352 2349 437 2396 est
454 2344 610 2398 ratio
633 2343 821 2418 fontis
843 2341 1028 2418 hujus
1058 2346 1193 2399 vitoe
1208 2347 1532 2419 perennis,
1562 2348 1676 2421 qui
1693 2347 1760 2400 in
1784 2344 1964 2400 latere
1994 2342 2222 2400 Christi

108 2435 178 2489 in
204 2453 378 2491 cruce
391 2436 709 2512 pendentis
737 2446 984 2514 apertus
1014 2447 1111 2495 est.
1143 2438 1259 2495 Est
1273 2441 1412 2515 fons
1435 2443 1760 2516 perennis,
1796 2441 1926 2513 fons
1954 2441 2221 2516 copiosus

107 2537 162 2583 et
192 2529 580 2601 redundans,
610 2534 724 2608 qui
753 2532 839 2588 ad
865 2532 1168 2590 abluenda
1199 2537 1376 2590 totius
1399 2534 1623 2591 mundi
1643 2544 1916 2612 peccata,
1945 2535 2030 2592 ad
2048 2535 2221 2592 salu-

106 2632 220 2679 tem
248 2626 528 2682 omnihus
567 2628 924 2685 mortalibus
976 2629 1399 2706 conferendam
1432 2694 1434 2697 .
1441 2650 1697 2708 prorsus
1735 2631 1968 2707 sufficit.
2011 2631 2130 2690 Sed
2166 2635 2226 2688 si

108 2718 197 2774 vis
233 2739 412 2777 usum
447 2721 711 2798 aliquem
758 2722 940 2800 hujus
979 2726 1170 2800 fontis
1212 2724 1424 2781 habere
1437 2767 1459 2794 ,
1511 2727 1572 2781 si
1612 2729 1703 2782 vis
1738 2728 2014 2803 fructum
2052 2746 2125 2783 ea'
2161 2747 2222 2784 eo

108 2816 418 2889 consequi,
444 2835 664 2873 necesse
690 2826 773 2873 est
794 2827 864 2873 ut
888 2818 972 2874 ad
1001 2818 1238 2894 Christis
1248 2820 1404 2876 latus
1428 2824 1497 2877 in
1519 2841 1691 2878 cruce
1711 2816 2032 2899 pendentis
2050 2822 2220 2900 fistu-

108 2905 231 2962 lam
258 2907 556 2985 applices,
592 2920 646 2967 et
667 2932 786 2989 per
815 2933 946 2970 eam
967 2958 982 2986 7
1020 2917 1132 2991 qui
1158 2915 1316 2971 solus
1340 2924 1589 2992 peccata
1613 2926 1818 2975 nostra
1850 2917 2084 2987 abluit,
2119 2939 2220 2975 sa-

106 2999 402 3077 lutemque
437 3005 605 3061 nohis
637 3008 898 3083 confert,
933 3007 1160 3066 Christi
1185 3009 1557 3088 Sanquiraem
1591 3011 1677 3067 ad
1706 3021 1756 3068 te
1795 3012 2020 3070 derives
2043 3022 2222 3091 atque

106 3094 376 3152 attrahas
405 3121 423 3152 .·
459 3107 530 3154 ut
546 3119 665 3175 per
688 3121 827 3157 eum
859 3102 1102 3160 ablutus
1134 3114 1187 3161 et
1209 3105 1614 3181 sanctificatus
1641 3115 1929 3164 aeternam
1957 3107 2218 3164 heatitu-

107 3189 310 3246 dinem
347 3187 612 3268 adipisci
639 3215 818 3271 queas
853 3219 871 3251 .·
918 3217 1038 3255 non
1073 3202 1267 3277 ipsius
1292 3202 1504 3279 fistuloe
1539 3203 1657 3257 sive
1693 3204 1927 3259 canalis
1956 3247 1972 3275 7
2008 3224 2221 3261 verum

112 3283 343 3341 Christi
357 3284 694 3364 Sanquinis
716 3298 767 3345 te
785 3311 896 3367 per
918 3295 1188 3352 canalem
1211 3299 1538 3377 irriyantis
1560 3301 1801 3356 virtute.
1833 3299 2004 3357 Hinc
2025 3301 2221 3358 videre

107 3379 272 3454 licet,
311 3382 473 3458 quod
498 3385 703 3456 omnia
717 3426 740 3454 ,
779 3406 1166 3467 quaecumque
1191 3393 1279 3449 ad
1297 3395 1550 3451 salutem
1580 3405 1846 3452 nostram
1871 3400 2219 3474 pertinent,

106 3477 359 3532 nonnisi
388 3477 485 3532 illi
515 3478 626 3534 soli
653 3481 948 3557 sacrificio
981 3488 1052 3541 in
1093 3505 1266 3544 cruce
1289 3499 1566 3566 peracto,
1606 3493 1859 3547 nonnisi
1885 3493 2049 3567 fonti
2067 3534 2082 3562 7
2114 3493 2224 3560 qui

107 3581 351 3647 apertus
384 3581 467 3628 est
495 3575 563 3630 in
600 3574 828 3632 Christi
865 3579 1072 3654 latere,
1114 3583 1482 3641 tribuuntur
1516 3605 1529 3640 z
1578 3582 1800 3644 Verum
1829 3587 2115 3661 fructum
2147 3606 2222 3642 ea¹

109 3665 208 3722 illo
234 3668 398 3742 fonte
434 3687 642 3746 capere
677 3690 797 3727 non
819 3691 1178 3747 possumus,
1220 3680 1347 3735 nisi
1363 3721 1387 3748 ,
1423 3682 1536 3756 qui
1565 3682 1747 3756 fusus
1784 3688 1867 3735 est
1889 3698 1959 3735 em
1993 3678 2224 3737 Christi

112 3756 287 3818 latere
328 3774 742 3823 sacrosanctus
791 3766 1013 3833 Christi
1062 3769 1330 3851 Sanquis
1346 3815 1367 3842 ,
1414 3793 1552 3830 eum
1595 3793 1707 3851 per
1746 3780 2140 3832 instrumenta
2167 3784 2223 3832 et
