2502 4186
781 265 905 304 cu».
954 264 1018 303 n.
1068 265 1135 302 nr.
1179 263 1572 304 comam-ioue.
2076 241 2200 301 3891

79 410 208 479 m‘n'
236 414 447 469 timore
461 430 658 489 poenoe
673 443 696 480 9
725 409 888 468 illud
900 409 1221 468 committit
1239 411 1308 465 in
1332 407 1505 466 corde
1537 425 1644 464 suo
1655 446 1677 476 ,
1707 410 1921 484 etjam
1947 416 2031 466 eet
2054 427 2195 466 rem·

77 525 279 562 coram
310 505 451 563 Deo,
495 502 747 584 Aliisque
777 501 1060 581 ejusmodi
1098 501 1322 560 omissis
1350 546 1366 575 .,
1411 499 1609 558 LXVII
1649 520 1663 555 :
1713 499 1925 559 Timor
1956 502 2191 577 servilis

76 619 199 677 non
241 600 366 657 sihi
400 607 789 678 repraesentat
817 600 1019 658 Deum
1057 598 1187 654 nisi
1219 606 1291 653 ut
1322 596 1641 653 dominum
1681 594 1915 653 durum
1935 641 1950 671 .,
1998 601 2191 676 impe-

77 697 307 751 riosum
324 735 346 765 ,
384 697 687 771 injustum
700 735 722 764 ,
752 692 1200 750 intractabilem
1221 690 1333 769 (l).
1361 690 1511 747 Cum
1539 709 1680 749 vero
1704 687 1858 748 hanc
1887 690 2190 764 Quesnelli

78 785 403 846 doctrinam
423 832 439 862 .,
466 808 595 868 quae
619 807 752 846 cum
779 785 1106 846 Lutherana
1123 784 1422 858 convenit,
1449 782 1721 842 nonnulli
1743 784 2186 861 instaurassent,

77 902 311 940 rursum
355 879 429 939 ab
469 880 800 940 Alexandro
853 881 976 939 VIII
1025 890 1335 961 sequentes
1374 879 1797 962 propositiones
1851 882 2189 963 proscriptae

81 986 256 1049 sunt,
307 996 523 1057 nempe
571 977 672 1034 XV
718 997 733 1034 z
805 973 1019 1035 Timor
1048 975 1333 1055 ychennoe
1374 995 1497 1033 non
1539 985 1624 1033 est
1661 979 2192 1053 supernaturales,-

78 1080 138 1128 et
181 1070 310 1128 XVI
341 1091 354 1127 ε
386 1071 668 1146 Attritio,
700 1092 836 1150 quce
863 1070 1147 1150 gehenna?
1180 1081 1237 1128 et
1251 1090 1586 1150 poenarum
1616 1079 1779 1129 metu
1811 1075 2194 1149 concipitur,

76 1170 203 1225 sine
230 1167 541 1226 dilectione
582 1161 992 1226 benevolentias»
1016 1178 1270 1247 propter
1294 1188 1379 1244 se,
1412 1187 1532 1225 non
1567 1177 1652 1225 est
1684 1167 1876 1226 honus
1904 1178 2102 1227 motus
2124 1191 2197 1228 aa

77 1265 569 1342 supernaturalis
596 1263 707 1343 (2).

159 1356 256 1416 49.
301 1357 357 1416 Si
398 1356 573 1437 igitur
606 1357 886 1438 gehennae
930 1380 996 1419 ac
1026 1379 1338 1441 poenarum
1361 1358 1540 1417 timor
1574 1378 1605 1416 a
1645 1359 1766 1417 Deo
1811 1358 1940 1440 ipso
1972 1358 2191 1419 immit-

77 1453 222 1510 titur
259 1452 321 1511 in
351 1473 450 1512 cor
484 1454 834 1536 peccatoris3
873 1454 921 1512 si
953 1456 1109 1513 Deus
1146 1454 1269 1535 ipse
1295 1474 1503 1535 poenas
1529 1473 1595 1511 ac
1624 1451 1908 1535 supplicia
1933 1453 2210 1534 minatur

77 1545 155 1606 ad
192 1546 489 1608 hominem
535 1570 570 1607 a
607 1558 843 1631 peccato
882 1547 1306 1608 retrahendum
1349 1559 1453 1606 aut
1498 1545 1934 1622 revocandum3
1991 1548 2043 1607 si·
2086 1547 2197 1608 hoc

77 1642 286 1704 timore
315 1642 609 1726 perculsos
640 1643 907 1703 homines
938 1642 1013 1702 ad
1050 1664 1112 1703 se
1148 1642 1425 1704 veniente
1452 1686 1469 1716 ‚
1489 1643 1643 1700 Deus
1680 1640 1754 1700 ad
1783 1643 2196 1724 poenitentiam

75 1738 283 1820 recipit
308 1781 326 1813 ,
366 1739 626 1820 profecto
662 1738 840 1797 timor
868 1738 980 1798 iste
1010 1734 1470 1819 supernaturalis
1503 1746 1592 1796 est
1615 1781 1631 1811 ,
1677 1734 1869 1810 bonus
1909 1757 1975 1796 ac
1999 1737 2194 1813 utilis,

74 1830 437 1892 voluntatem
487 1853 519 1891 a
557 1842 794 1913 peccato
835 1831 1082 1891 retrahit
1103 1876 1120 1907 ,
1173 1831 1250 1892 ad
1285 1831 1702 1914 poenitentiam
1737 1830 2040 1913 disponit,
2084 1854 2194 1893 nee

70 1927 372 1987 hominem
426 1937 527 1986 aut
561 1926 926 2010 hypocritam
952 1938 1055 1987 aut
1090 1927 1272 2008 magis
1304 1938 1671 2009 peccatorem
1699 1925 1854 1986 facit.
1891 1928 2027 1986 Jam
2055 1949 2202 1990 vero

69 2042 142 2081 ex
171 2021 340 2081 dictis
365 2020 496 2081 talis
523 2033 611 2082 est
637 2023 816 2082 timor
841 2021 1182 2104 simpliciter
1207 2019 1454 2082 servilis
1485 2022 1701 2101 Ergo...

79 2148 85 2151 -
151 2117 250 2176 50.
294 2118 382 2176 Ne
406 2127 605 2176 tamen
629 2117 692 2175 in
711 2116 985 2197 ambiguo
1008 2138 1310 2179 versemur
1330 2114 1407 2175 ad
1421 2115 1830 2198 praecavendas
1853 2117 2201 2178 innumeras-

71 2232 254 2294 prope
290 2209 661 2271 difficultates
689 2233 791 2271 seu
818 2211 1012 2294 potius
1038 2211 1432 2271 cavillationes
1455 2207 1475 2285 a*
1507 2233 1648 2293 quas
1680 2211 1993 2273 adversarii
2016 2214 2195 2273 insti-

73 2316 252 2364 tuunt
267 2305 343 2364 ad
369 2305 836 2388 impugnandam
849 2306 1145 2389 catholicae
1169 2305 1433 2367 Ecclesiae
1456 2306 1807 2383 doctrinam,
1828 2308 2053 2387 juverit
2074 2328 2196 2389 prae

73 2399 251 2460 oculis
289 2400 409 2461 haec
436 2399 653 2462 habere
685 2401 970 2484 principia
1007 2424 1020 2460 :
1069 2403 1132 2461 1⁰
1162 2402 1456 2462 Timorem
1492 2424 1660 2486 posse
1686 2402 1909 2462 malum
1936 2402 2049 2463 dici
2072 2425 2195 2463 non

74 2495 136 2553 in
171 2517 231 2555 se
252 2540 268 2572 ,
303 2495 441 2571 sed,
479 2497 567 2556 uti
591 2501 716 2575 Jam
753 2498 1124 2571 monuimus,
1154 2496 1485 2574 subjective
1505 2520 1613 2580 pro
1638 2497 1797 2557 mala
1812 2497 2195 2581 dispositione

74 2595 195 2669 ejus
215 2635 232 2665 ,
267 2591 365 2673 qui
381 2591 594 2652 timore
618 2591 976 2675 percellitur.
996 2593 1064 2651 2⁰
1079 2594 1337 2675 Spectari
1351 2593 1593 2676 insuper
1617 2594 1889 2653 timorem
1904 2614 2075 2676 posse
2092 2604 2194 2653 aut

73 2687 334 2748 absolute
358 2699 460 2748 aut
496 2690 820 2772 respective
849 2712 862 2747 :
901 2687 1164 2749 absolute
1192 2688 1381 2748 bonus
1410 2701 1498 2750 est
1525 2715 1541 2765 ς
1590 2692 1915 2773 respective
1945 2711 2090 2750 vero
2116 2689 2192 2749 ad

75 2782 452 2858 charitatem,
492 2784 866 2868 imperfectus
888 2831 904 2860 7
946 2806 1049 2845 seu
1082 2785 1276 2866 potius
1304 2785 1497 2844 minus
1525 2786 1819 2870 persectus
1856 2797 1944 2847 est
1972 2831 1988 2861 .,
2019 2797 2079 2846 et
2100 2785 2193 2846 la·-

77 2877 208 2936 tiori
235 2898 406 2938 sensu
441 2878 550 2938 sub
584 2879 694 2939 hac
726 2879 1186 2940 consideratione
1222 2878 1411 2939 malus
1450 2880 1802 2964 quandoque
1830 2881 2042 2941 dicitur
2068 2927 2085 2956 ,
2128 2881 2192 2941 id

75 2984 196 3048 est,
235 2973 430 3033 minus
466 2973 676 3034 honus,
727 2975 793 3034 3⁰
819 2976 1115 3035 Timorem
1150 2997 1463 3058 poenarum
1503 2997 1535 3035 a
1576 2979 1696 3036 Deo
1728 2973 2190 3057 infligendarum

76 3088 198 3126 esse
227 3069 494 3127 medium
528 3091 629 3129 seu
672 3068 890 3131 habere
920 3072 1209 3131 rationem
1243 3068 1423 3130 medii
1457 3071 1533 3129 ad
1568 3071 1871 3131 vitandam
1907 3069 2140 3153 culpam
2169 3116 2186 3146 ,

77 3184 197 3220 non
220 3174 418 3222 autem
440 3162 654 3223 habere
685 3164 971 3224 rationem
1002 3166 1134 3226 finis
1161 3187 1354 3247 neque
1377 3166 1826 3248 interpretative
1860 3166 1971 3247 (3).
2007 3166 2081 3225 40-
2102 3167 2190 3226 Ti.-

142 3409 208 3473 (1)
246 3408 344 3456 Csr.
388 3408 615 3467 Fontem,
651 3407 940 3458 Constitutio
984 3410 1092 3458 Um-
1174 3410 1428 3461 doctrinam
1470 3414 1521 3460 in
1551 3412 1651 3461 illis·v
1670 3422 1933 3462 contentam
1961 3412 2189 3463 advenam

75 3506 254 3538 emtus
278 3489 528 3554 theologice
551 3499 888 3556 propiaquant,
925 3493 975 3540 in
1010 3491 1093 3539 has
1174 3491 1400 3542 doctrinae
1419 3493 1680 3543 catholicae.

75 3574 307 3636 proposit,
350 3572 428 3620 ubi
461 3574 727 3620 innumeras
754 3590 895 3638 prope
923 3589 1095 3639 conge·-
1242 3575 1309 3639 (2)
1349 3574 1447 3624 cfr.
1493 3575 1609 3624 Viva
1630 3613 1643 3637 ,
1705 3574 1955 3633 Trutina,
1993 3574 2053 3623 ad
2091 3573 2174 3633 has

76 3654 133 3700 rit
154 3671 206 3702 ex
235 3653 465 3720 Scriptura
481 3689 497 3715 ‚
530 3654 740 3703 Patribus
760 3692 773 3714 ,
808 3654 1026 3703 Conciliis
1049 3664 1094 3704 et
1175 3658 1524 3721 propositioneS.

76 3731 292 3800 theologis
319 3739 603 3786 auctoritates
620 3773 632 3795 ,
669 3736 839 3803 quibus
874 3736 1089 3796 ostendit,
1245 3738 1312 3802 (3)
1330 3738 1490 3788 Timor
1510 3738 1743 3804 siquidem
1761 3746 1831 3786 est
1849 3735 2083 3796 medium‚-
2095 3751 2191 3803 quo
