<?xml version="1.0" encoding="UTF-8"?>
<!DOCTYPE html PUBLIC "-//W3C//DTD XHTML 1.0 Transitional//EN"
    "http://www.w3.org/TR/xhtml1/DTD/xhtml1-transitional.dtd">
<html xmlns="http://www.w3.org/1999/xhtml" xml:lang="en" lang="en">
 <head>
  <title>
</title>
<meta http-equiv="Content-Type" content="text/html;charset=utf-8" />
  <meta name='ocr-system' content='tesseract 3.04.00' />
  <meta name='ocr-capabilities' content='ocr_page ocr_carea ocr_par ocr_line ocrx_word'/>
</head>
<body>
  <div class='ocr_page' id='page_1' title='image "a603693806perruoft_0132.png"; bbox 0 0 2502 4186; ppageno 0'>
   <div class='ocr_carea' id='block_1_1' title="bbox 348 244 1839 322">
    <p class='ocr_par' dir='ltr' id='par_1_1' title="bbox 348 244 1839 322">
     <span class='ocr_line' id='line_1_1' title="bbox 348 244 1839 322; baseline -0.001 -17"><span class='ocrx_word' id='word_1_1' title='bbox 348 244 461 305; x_wconf 75' lang='lat'><strong>124</strong></span> <span class='ocrx_word' id='word_1_2' title='bbox 909 265 1224 306; x_wconf 70' lang='lat' dir='ltr'><strong>‘rucu‘rus</strong></span> <span class='ocrx_word' id='word_1_3' title='bbox 1266 265 1333 301; x_wconf 74' lang='lat' dir='ltr'><strong>nu</strong></span> <span class='ocrx_word' id='word_1_4' title='bbox 1377 262 1839 322; x_wconf 64' lang='lat' dir='ltr'><strong>conmmnumnm</strong></span> 
     </span>
    </p>
   </div>
   <div class='ocr_carea' id='block_1_2' title="bbox 280 403 2448 3214">
    <p class='ocr_par' dir='ltr' id='par_1_2' title="bbox 280 403 2431 1328">
     <span class='ocr_line' id='line_1_2' title="bbox 345 403 2415 489; baseline -0 -21"><span class='ocrx_word' id='word_1_5' title='bbox 345 409 468 489; x_wconf 83' lang='lat' dir='ltr'><strong>ipso</strong></span> <span class='ocrx_word' id='word_1_6' title='bbox 498 417 720 467; x_wconf 87' lang='lat' dir='ltr'><strong>constat</strong></span> <span class='ocrx_word' id='word_1_7' title='bbox 738 450 754 481; x_wconf 86' lang='grc'>,</span> <span class='ocrx_word' id='word_1_8' title='bbox 788 425 883 464; x_wconf 87' lang='lat' dir='ltr'><strong>cos</strong></span> <span class='ocrx_word' id='word_1_9' title='bbox 909 403 982 462; x_wconf 87' lang='lat' dir='ltr'><strong>ab</strong></span> <span class='ocrx_word' id='word_1_10' title='bbox 1017 404 1292 463; x_wconf 86' lang='lat' dir='ltr'><strong>alterutro</strong></span> <span class='ocrx_word' id='word_1_11' title='bbox 1324 405 1446 462; x_wconf 84' lang='lat' dir='ltr'><strong>ritu</strong></span> <span class='ocrx_word' id='word_1_12' title='bbox 1476 405 1906 462; x_wconf 84' lang='lat' dir='ltr'><strong>Sacramentum</strong></span> <span class='ocrx_word' id='word_1_13' title='bbox 1940 405 2047 464; x_wconf 90' lang='lat' dir='ltr'><strong>hoc</strong></span> <span class='ocrx_word' id='word_1_14' title='bbox 2075 408 2366 488; x_wconf 77' lang='lat' dir='ltr'><strong>designare</strong></span> <span class='ocrx_word' id='word_1_15' title='bbox 2396 453 2415 484; x_wconf 83' lang='lat'><strong>,</strong></span> 
     </span>
     <span class='ocr_line' id='line_1_3' title="bbox 346 497 2420 584; baseline 0 -25"><span class='ocrx_word' id='word_1_16' title='bbox 346 501 486 575; x_wconf 87' lang='lat' dir='ltr'><strong>quin</strong></span> <span class='ocrx_word' id='word_1_17' title='bbox 534 501 786 559; x_wconf 88' lang='lat' dir='ltr'><strong>alterum</strong></span> <span class='ocrx_word' id='word_1_18' title='bbox 837 497 1163 584; x_wconf 87' lang='lat' dir='ltr'><strong>excludant.</strong></span> <span class='ocrx_word' id='word_1_19' title='bbox 1207 497 1270 556; x_wconf 83' lang='lat'><strong>30</strong></span> <span class='ocrx_word' id='word_1_20' title='bbox 1307 499 1518 557; x_wconf 89' lang='lat' dir='ltr'><strong>Dicunt</strong></span> <span class='ocrx_word' id='word_1_21' title='bbox 1546 543 1562 569; x_wconf 89' lang='lat'>7</span> <span class='ocrx_word' id='word_1_22' title='bbox 1611 499 2012 557; x_wconf 87' lang='lat' dir='ltr'><strong>Innocentium</strong></span> <span class='ocrx_word' id='word_1_23' title='bbox 2056 501 2134 558; x_wconf 85' lang='grc' dir='ltr'><strong>ΙΙΙ</strong></span> <span class='ocrx_word' id='word_1_24' title='bbox 2170 546 2185 574; x_wconf 99' lang='lat'>7</span> <span class='ocrx_word' id='word_1_25' title='bbox 2237 504 2420 581; x_wconf 81' lang='lat' dir='ltr'><strong>Euge-</strong></span> 
     </span>
     <span class='ocr_line' id='line_1_4' title="bbox 343 590 2418 671; baseline 0 -19"><span class='ocrx_word' id='word_1_26' title='bbox 343 595 510 653; x_wconf 85' lang='lat' dir='ltr'>nium</span> <span class='ocrx_word' id='word_1_27' title='bbox 543 595 613 652; x_wconf 87' lang='lat' dir='ltr'><strong>IV</strong></span> <span class='ocrx_word' id='word_1_28' title='bbox 659 603 717 651; x_wconf 91' lang='lat' dir='ltr'><strong>et</strong></span> <span class='ocrx_word' id='word_1_29' title='bbox 753 591 1071 651; x_wconf 86' lang='lat' dir='ltr'>Concilium</span> <span class='ocrx_word' id='word_1_30' title='bbox 1113 592 1517 671; x_wconf 74' lang='lat' dir='ltr'><strong>Moguntinum</strong></span> <span class='ocrx_word' id='word_1_31' title='bbox 1553 590 1638 648; x_wconf 84' lang='lat' dir='ltr'><strong>nil</strong></span> <span class='ocrx_word' id='word_1_32' title='bbox 1685 590 1840 649; x_wconf 88' lang='lat' dir='ltr'><strong>aliud</strong></span> <span class='ocrx_word' id='word_1_33' title='bbox 1880 591 2124 651; x_wconf 87' lang='lat' dir='ltr'><strong>voluisse</strong></span> <span class='ocrx_word' id='word_1_34' title='bbox 2169 593 2418 653; x_wconf 88' lang='lat' dir='ltr'><strong>indicare</strong></span> 
     </span>
     <span class='ocr_line' id='line_1_5' title="bbox 349 683 2422 768; baseline -0 -23"><span class='ocrx_word' id='word_1_35' title='bbox 349 708 524 768; x_wconf 90' lang='lat' dir='ltr'><strong>quam</strong></span> <span class='ocrx_word' id='word_1_36' title='bbox 564 687 814 745; x_wconf 89' lang='lat' dir='ltr'><strong>nominis</strong></span> <span class='ocrx_word' id='word_1_37' title='bbox 854 686 1319 744; x_wconf 83' lang='lat' dir='ltr'><strong>immutationem</strong></span> <span class='ocrx_word' id='word_1_38' title='bbox 1349 730 1364 759; x_wconf 94' lang='lat'>7</span> <span class='ocrx_word' id='word_1_39' title='bbox 1401 685 1542 743; x_wconf 87' lang='lat' dir='ltr'><strong>adeo</strong></span> <span class='ocrx_word' id='word_1_40' title='bbox 1579 695 1646 742; x_wconf 89' lang='lat' dir='ltr'><strong>ut</strong></span> <span class='ocrx_word' id='word_1_41' title='bbox 1694 683 1841 742; x_wconf 86' lang='lat' dir='ltr'><strong>illud</strong></span> <span class='ocrx_word' id='word_1_42' title='bbox 1881 686 2068 766; x_wconf 89' lang='lat' dir='ltr'><strong>ipsum</strong></span> <span class='ocrx_word' id='word_1_43' title='bbox 2089 687 2422 745; x_wconf 90' lang='lat' dir='ltr'><strong>Sacramen-</strong></span> 
     </span>
     <span class='ocr_line' id='line_1_6' title="bbox 347 769 2422 862; baseline -0.001 -23"><span class='ocrx_word' id='word_1_44' title='bbox 347 791 511 853; x_wconf 87' lang='lat' dir='ltr'><strong>tum7</strong></span> <span class='ocrx_word' id='word_1_45' title='bbox 556 769 724 862; x_wconf 41' lang='lat' dir='ltr'><strong>‘quod</strong></span> <span class='ocrx_word' id='word_1_46' title='bbox 770 791 938 839; x_wconf 86' lang='lat' dir='ltr'><strong>aetate</strong></span> <span class='ocrx_word' id='word_1_47' title='bbox 975 779 1284 860; x_wconf 89' lang='lat' dir='ltr'><strong>apostolica</strong></span> <span class='ocrx_word' id='word_1_48' title='bbox 1327 779 1563 838; x_wconf 90' lang='lat' dir='ltr'><strong>nomine</strong></span> <span class='ocrx_word' id='word_1_49' title='bbox 1597 779 1971 858; x_wconf 78' lang='lat' dir='ltr'><strong>impositionis</strong></span> <span class='ocrx_word' id='word_1_50' title='bbox 2012 800 2290 837; x_wconf 91' lang='lat' dir='ltr'><strong>manuum</strong></span> <span class='ocrx_word' id='word_1_51' title='bbox 2338 781 2422 837; x_wconf 92' lang='lat' dir='ltr'><strong>si-</strong></span> 
     </span>
     <span class='ocr_line' id='line_1_7' title="bbox 349 873 2426 954; baseline 0 -22"><span class='ocrx_word' id='word_1_52' title='bbox 349 873 723 954; x_wconf 88' lang='lat' dir='ltr'><strong>gnificabatur</strong></span> <span class='ocrx_word' id='word_1_53' title='bbox 745 921 760 950; x_wconf 95' lang='lat'>7</span> <span class='ocrx_word' id='word_1_54' title='bbox 785 886 981 954; x_wconf 88' lang='lat' dir='ltr'><strong>postea</strong></span> <span class='ocrx_word' id='word_1_55' title='bbox 1003 884 1271 934; x_wconf 88' lang='lat' dir='ltr'><strong>vocatum</strong></span> <span class='ocrx_word' id='word_1_56' title='bbox 1295 874 1469 932; x_wconf 88' lang='lat' dir='ltr'><strong>fuerit</strong></span> <span class='ocrx_word' id='word_1_57' title='bbox 1493 873 1861 931; x_wconf 89' lang='lat' dir='ltr'><strong>Confirmatio</strong></span> <span class='ocrx_word' id='word_1_58' title='bbox 1891 874 2009 933; x_wconf 88' lang='lat' dir='ltr'><strong>sive</strong></span> <span class='ocrx_word' id='word_1_59' title='bbox 2041 874 2394 933; x_wconf 73' lang='lat' dir='ltr'><strong>Chrismatio</strong></span> <span class='ocrx_word' id='word_1_60' title='bbox 2407 899 2426 940; x_wconf 81' lang='lat'><strong>‚-</strong></span> 
     </span>
     <span class='ocr_line' id='line_1_8' title="bbox 350 965 2425 1049; baseline 0.001 -24"><span class='ocrx_word' id='word_1_61' title='bbox 350 968 504 1049; x_wconf 89' lang='lat' dir='ltr'><strong>quod</strong></span> <span class='ocrx_word' id='word_1_62' title='bbox 547 967 746 1028; x_wconf 91' lang='lat' dir='ltr'><strong>sedulo</strong></span> <span class='ocrx_word' id='word_1_63' title='bbox 796 967 1155 1047; x_wconf 78' lang='lat' dir='ltr'><strong>singulorum</strong></span> <span class='ocrx_word' id='word_1_64' title='bbox 1202 967 1377 1027; x_wconf 89' lang='lat' dir='ltr'><strong>verba</strong></span> <span class='ocrx_word' id='word_1_65' title='bbox 1415 965 1800 1048; x_wconf 75' lang='lat' dir='ltr'><strong>perpendenti</strong></span> <span class='ocrx_word' id='word_1_66' title='bbox 1836 966 2074 1046; x_wconf 89' lang='lat' dir='ltr'><strong>planum</strong></span> <span class='ocrx_word' id='word_1_67' title='bbox 2112 969 2229 1026; x_wconf 75' lang='lat' dir='ltr'><strong>fiet,</strong></span> <span class='ocrx_word' id='word_1_68' title='bbox 2259 969 2425 1027; x_wconf 86' lang='lat' dir='ltr'><strong>Certe</strong></span> 
     </span>
     <span class='ocr_line' id='line_1_9' title="bbox 280 1060 2429 1142; baseline -0 -21"><span class='ocrx_word' id='word_1_69' title='bbox 280 1104 284 1108; x_wconf 90' lang='lat'><em>-</em></span> <span class='ocrx_word' id='word_1_70' title='bbox 352 1061 676 1121; x_wconf 87' lang='lat' dir='ltr'><strong>Concilium</strong></span> <span class='ocrx_word' id='word_1_71' title='bbox 708 1063 1114 1142; x_wconf 85' lang='lat' dir='ltr'><strong>Moguntinum</strong></span> <span class='ocrx_word' id='word_1_72' title='bbox 1149 1060 1292 1120; x_wconf 86' lang='lat' dir='ltr'><strong>ibid.</strong></span> <span class='ocrx_word' id='word_1_73' title='bbox 1334 1061 1527 1119; x_wconf 85' lang='lat' dir='ltr'><strong>subdit</strong></span> <span class='ocrx_word' id='word_1_74' title='bbox 1559 1083 1570 1117; x_wconf 74' lang='grc' dir='ltr'>ε</span> <span class='ocrx_word' id='word_1_75' title='bbox 1611 1061 1790 1119; x_wconf 76' lang='lat' dir='ltr'><strong>Illinc</strong></span> <span class='ocrx_word' id='word_1_76' title='bbox 1827 1061 1905 1117; x_wconf 84' lang='lat' dir='ltr'><strong>ab</strong></span> <span class='ocrx_word' id='word_1_77' title='bbox 1940 1061 2204 1120; x_wconf 74' lang='lat' dir='ltr'><strong>Ecclesia</strong></span> <span class='ocrx_word' id='word_1_78' title='bbox 2242 1065 2429 1120; x_wconf 75' lang='lat' dir='ltr'><strong>catho-</strong></span> 
     </span>
     <span class='ocr_line' id='line_1_10' title="bbox 352 1155 2431 1234; baseline 0.001 -22"><span class='ocrx_word' id='word_1_79' title='bbox 352 1156 470 1213; x_wconf 86' lang='lat' dir='ltr'><strong>lica</strong></span> <span class='ocrx_word' id='word_1_80' title='bbox 513 1167 811 1234; x_wconf 78' lang='lat' dir='ltr'><strong>acceptam</strong></span> <span class='ocrx_word' id='word_1_81' title='bbox 857 1177 1134 1214; x_wconf 78' lang='lat' dir='ltr'><strong>normam</strong></span> <span class='ocrx_word' id='word_1_82' title='bbox 1179 1156 1461 1212; x_wconf 72' lang='lat' dir='ltr'><strong>tradendi</strong></span> <span class='ocrx_word' id='word_1_83' title='bbox 1510 1157 1774 1234; x_wconf 73' lang='lat' dir='ltr'><strong>Spiritus</strong></span> <span class='ocrx_word' id='word_1_84' title='bbox 1819 1155 2029 1213; x_wconf 76' lang='lat' dir='ltr'><strong>Sancti</strong></span> <span class='ocrx_word' id='word_1_85' title='bbox 2056 1176 2171 1234; x_wconf 81' lang='lat' dir='ltr'><strong>per</strong></span> <span class='ocrx_word' id='word_1_86' title='bbox 2213 1178 2431 1215; x_wconf 78' lang='lat' dir='ltr'><strong>manas</strong></span> 
     </span>
     <span class='ocr_line' id='line_1_11' title="bbox 350 1248 900 1328; baseline -0.004 -19"><span class='ocrx_word' id='word_1_87' title='bbox 350 1248 763 1327; x_wconf 77' lang='lat' dir='ltr'><strong>Apostolorum</strong></span> <span class='ocrx_word' id='word_1_88' title='bbox 790 1251 900 1328; x_wconf 89' lang='lat' dir='ltr'><strong>(l).</strong></span> 
     </span>
    </p>

    <p class='ocr_par' dir='ltr' id='par_1_3' title="bbox 352 1341 2448 2554">
     <span class='ocr_line' id='line_1_12' title="bbox 432 1341 2432 1417; baseline 0.002 -17"><span class='ocrx_word' id='word_1_89' title='bbox 432 1342 531 1401; x_wconf 76' lang='lat'><strong>74.</strong></span> <span class='ocrx_word' id='word_1_90' title='bbox 582 1342 864 1404; x_wconf 85' lang='lat' dir='ltr'><strong>Adversus</strong></span> <span class='ocrx_word' id='word_1_91' title='bbox 925 1344 1213 1400; x_wconf 88' lang='lat' dir='ltr'><strong>Moretum</strong></span> <span class='ocrx_word' id='word_1_92' title='bbox 1263 1341 1612 1417; x_wconf 79' lang='lat' dir='ltr'><strong>observant,</strong></span> <span class='ocrx_word' id='word_1_93' title='bbox 1662 1343 1854 1405; x_wconf 87' lang='lat' dir='ltr'><strong>valere</strong></span> <span class='ocrx_word' id='word_1_94' title='bbox 1913 1343 2432 1404; x_wconf 87' lang='lat' dir='ltr'><strong>animadversiones</strong></span> 
     </span>
     <span class='ocr_line' id='line_1_13' title="bbox 352 1436 2435 1518; baseline 0.001 -24"><span class='ocrx_word' id='word_1_95' title='bbox 352 1436 527 1495; x_wconf 88' lang='lat' dir='ltr'><strong>factas</strong></span> <span class='ocrx_word' id='word_1_96' title='bbox 555 1436 615 1495; x_wconf 92' lang='lat' dir='ltr'><strong>in</strong></span> <span class='ocrx_word' id='word_1_97' title='bbox 638 1448 950 1518; x_wconf 89' lang='lat' dir='ltr'><strong>utramque</strong></span> <span class='ocrx_word' id='word_1_98' title='bbox 981 1436 1329 1496; x_wconf 83' lang='lat' dir='ltr'><strong>sententiam</strong></span> <span class='ocrx_word' id='word_1_99' title='bbox 1362 1436 1536 1495; x_wconf 91' lang='lat' dir='ltr'><strong>modo</strong></span> <span class='ocrx_word' id='word_1_100' title='bbox 1567 1439 1883 1518; x_wconf 83' lang='lat' dir='ltr'><strong>expositam</strong></span> <span class='ocrx_word' id='word_1_101' title='bbox 1907 1482 1924 1511; x_wconf 86' lang='lat'>7</span> <span class='ocrx_word' id='word_1_102' title='bbox 1962 1439 2278 1518; x_wconf 85' lang='lat' dir='ltr'><strong>praesertim</strong></span> <span class='ocrx_word' id='word_1_103' title='bbox 2304 1460 2435 1496; x_wconf 89' lang='lat' dir='ltr'><strong>cum</strong></span> 
     </span>
     <span class='ocr_line' id='line_1_14' title="bbox 353 1530 2437 1614; baseline 0 -24"><span class='ocrx_word' id='word_1_104' title='bbox 353 1542 615 1609; x_wconf 85' lang='lat' dir='ltr'><strong>constet,</strong></span> <span class='ocrx_word' id='word_1_105' title='bbox 662 1535 885 1591; x_wconf 83' lang='lat' dir='ltr'><strong>Graecos</strong></span> <span class='ocrx_word' id='word_1_106' title='bbox 919 1530 991 1590; x_wconf 90' lang='lat' dir='ltr'><strong>ab</strong></span> <span class='ocrx_word' id='word_1_107' title='bbox 1016 1531 1235 1611; x_wconf 83' lang='lat' dir='ltr'><strong>aliquot</strong></span> <span class='ocrx_word' id='word_1_108' title='bbox 1258 1531 1459 1590; x_wconf 89' lang='lat' dir='ltr'><strong>seculis</strong></span> <span class='ocrx_word' id='word_1_109' title='bbox 1492 1553 1611 1589; x_wconf 90' lang='lat' dir='ltr'><strong>non</strong></span> <span class='ocrx_word' id='word_1_110' title='bbox 1637 1532 1880 1613; x_wconf 87' lang='lat' dir='ltr'><strong>amplius</strong></span> <span class='ocrx_word' id='word_1_111' title='bbox 1906 1538 2201 1614; x_wconf 86' lang='lat' dir='ltr'><strong>sejungere</strong></span> <span class='ocrx_word' id='word_1_112' title='bbox 2231 1554 2437 1592; x_wconf 85' lang='lat' dir='ltr'><strong>manus</strong></span> 
     </span>
     <span class='ocr_line' id='line_1_15' title="bbox 353 1626 2438 1708; baseline 0.001 -25"><span class='ocrx_word' id='word_1_113' title='bbox 353 1626 783 1707; x_wconf 87' lang='lat' dir='ltr'><strong>impositionem</strong></span> <span class='ocrx_word' id='word_1_114' title='bbox 825 1626 898 1685; x_wconf 90' lang='lat' dir='ltr'><strong>ab</strong></span> <span class='ocrx_word' id='word_1_115' title='bbox 939 1626 1247 1698; x_wconf 90' lang='lat' dir='ltr'><strong>unctione,</strong></span> <span class='ocrx_word' id='word_1_116' title='bbox 1305 1637 1477 1706; x_wconf 88' lang='lat' dir='ltr'><strong>atque</strong></span> <span class='ocrx_word' id='word_1_117' title='bbox 1525 1626 1731 1684; x_wconf 90' lang='lat' dir='ltr'><strong>idcirco</strong></span> <span class='ocrx_word' id='word_1_118' title='bbox 1773 1638 2083 1708; x_wconf 88' lang='lat' dir='ltr'><strong>utrumque</strong></span> <span class='ocrx_word' id='word_1_119' title='bbox 2122 1629 2298 1686; x_wconf 89' lang='lat' dir='ltr'><strong>ritum</strong></span> <span class='ocrx_word' id='word_1_120' title='bbox 2343 1648 2438 1686; x_wconf 86' lang='lat' dir='ltr'><strong>eos</strong></span> 
     </span>
     <span class='ocr_line' id='line_1_16' title="bbox 356 1719 2439 1802; baseline 0.001 -25"><span class='ocrx_word' id='word_1_121' title='bbox 356 1720 530 1778; x_wconf 89' lang='lat' dir='ltr'><strong>simul</strong></span> <span class='ocrx_word' id='word_1_122' title='bbox 565 1720 866 1802; x_wconf 89' lang='lat' dir='ltr'><strong>complecti</strong></span> <span class='ocrx_word' id='word_1_123' title='bbox 891 1766 906 1795; x_wconf 91' lang='lat'>7</span> <span class='ocrx_word' id='word_1_124' title='bbox 948 1719 1087 1778; x_wconf 90' lang='lat' dir='ltr'><strong>dum</strong></span> <span class='ocrx_word' id='word_1_125' title='bbox 1122 1720 1443 1778; x_wconf 88' lang='lat' dir='ltr'><strong>chrismatis</strong></span> <span class='ocrx_word' id='word_1_126' title='bbox 1476 1731 1705 1778; x_wconf 83' lang='lat' dir='ltr'><strong>tantum</strong></span> <span class='ocrx_word' id='word_1_127' title='bbox 1737 1722 2146 1780; x_wconf 88' lang='lat' dir='ltr'><strong>meminerunt.</strong></span> <span class='ocrx_word' id='word_1_128' title='bbox 2182 1722 2439 1780; x_wconf 88' lang='lat' dir='ltr'><strong>Profecto</strong></span> 
     </span>
     <span class='ocr_line' id='line_1_17' title="bbox 360 1814 2441 1895; baseline 0 -23"><span class='ocrx_word' id='word_1_129' title='bbox 360 1815 593 1873; x_wconf 89' lang='lat' dir='ltr'><strong>Simeon</strong></span> <span class='ocrx_word' id='word_1_130' title='bbox 637 1814 1152 1874; x_wconf 86' lang='lat' dir='ltr'><strong>Thessalonicensis</strong></span> <span class='ocrx_word' id='word_1_131' title='bbox 1180 1859 1195 1888; x_wconf 92' lang='lat'>7</span> <span class='ocrx_word' id='word_1_132' title='bbox 1248 1814 1319 1872; x_wconf 92' lang='lat' dir='ltr'><strong>de</strong></span> <span class='ocrx_word' id='word_1_133' title='bbox 1363 1814 1639 1895; x_wconf 76' lang='lat' dir='ltr'><strong>Episcopo</strong></span> <span class='ocrx_word' id='word_1_134' title='bbox 1693 1815 2012 1895; x_wconf 76' lang='lat' dir='ltr'><strong>neophytos</strong></span> <span class='ocrx_word' id='word_1_135' title='bbox 2066 1817 2441 1874; x_wconf 87' lang='lat' dir='ltr'><strong>confirmante</strong></span> 
     </span>
     <span class='ocr_line' id='line_1_18' title="bbox 355 1908 2441 1988; baseline -0.002 -18"><span class='ocrx_word' id='word_1_136' title='bbox 355 1908 532 1972; x_wconf 85' lang='lat' dir='ltr'><strong>verba</strong></span> <span class='ocrx_word' id='word_1_137' title='bbox 557 1910 767 1969; x_wconf 85' lang='lat' dir='ltr'><strong>faciens</strong></span> <span class='ocrx_word' id='word_1_138' title='bbox 789 1955 804 1984; x_wconf 90' lang='lat'>7</span> <span class='ocrx_word' id='word_1_139' title='bbox 835 1908 955 1968; x_wconf 84' lang='lat' dir='ltr'><strong>haec</strong></span> <span class='ocrx_word' id='word_1_140' title='bbox 984 1908 1160 1968; x_wconf 89' lang='lat' dir='ltr'><strong>habet</strong></span> <span class='ocrx_word' id='word_1_141' title='bbox 1192 1931 1205 1966; x_wconf 73' lang='grc' dir='ltr'>ε</span> <span class='ocrx_word' id='word_1_142' title='bbox 1238 1910 1359 1966; x_wconf 79' lang='lat' dir='ltr'><strong>Per</strong></span> <span class='ocrx_word' id='word_1_143' title='bbox 1389 1930 1685 1966; x_wconf 78' lang='lat' dir='ltr'><strong>manuum</strong></span> <span class='ocrx_word' id='word_1_144' title='bbox 1717 1914 2150 1988; x_wconf 80' lang='lat' dir='ltr'><strong>impositionem</strong></span> <span class='ocrx_word' id='word_1_145' title='bbox 2173 1921 2228 1967; x_wconf 85' lang='lat' dir='ltr'><strong>et</strong></span> <span class='ocrx_word' id='word_1_146' title='bbox 2257 1914 2441 1987; x_wconf 79' lang='lat' dir='ltr'><strong>inspi-</strong></span> 
     </span>
     <span class='ocr_line' id='line_1_19' title="bbox 356 2002 2440 2083; baseline -0.001 -21"><span class='ocrx_word' id='word_1_147' title='bbox 356 2009 650 2063; x_wconf 71' lang='lat' dir='ltr'><strong>rationem</strong></span> <span class='ocrx_word' id='word_1_148' title='bbox 681 2009 976 2083; x_wconf 68' lang='lat' dir='ltr'><strong>unquenti</strong></span> <span class='ocrx_word' id='word_1_149' title='bbox 997 2008 1264 2083; x_wconf 71' lang='lat' dir='ltr'><strong>qratiam</strong></span> <span class='ocrx_word' id='word_1_150' title='bbox 1289 2007 1502 2061; x_wconf 83' lang='lat' dir='ltr'><strong>inserit</strong></span> <span class='ocrx_word' id='word_1_151' title='bbox 1531 2003 1640 2082; x_wconf 75' lang='lat'><strong>(2).</strong></span> <span class='ocrx_word' id='word_1_152' title='bbox 1680 2004 1863 2075; x_wconf 82' lang='lat' dir='ltr'><strong>Quem</strong></span> <span class='ocrx_word' id='word_1_153' title='bbox 1883 2003 2071 2062; x_wconf 91' lang='lat' dir='ltr'><strong>locum</strong></span> <span class='ocrx_word' id='word_1_154' title='bbox 2105 2002 2440 2083; x_wconf 87' lang='lat' dir='ltr'><strong>expendens</strong></span> 
     </span>
     <span class='ocr_line' id='line_1_20' title="bbox 356 2097 2448 2175; baseline -0.001 -18"><span class='ocrx_word' id='word_1_155' title='bbox 356 2100 617 2172; x_wconf 90' lang='lat' dir='ltr'><strong>Goarius7</strong></span> <span class='ocrx_word' id='word_1_156' title='bbox 638 2099 836 2157; x_wconf 90' lang='lat' dir='ltr'><strong>scribit</strong></span> <span class='ocrx_word' id='word_1_157' title='bbox 866 2099 1224 2157; x_wconf 88' lang='lat' dir='ltr'><strong>:Simeonem</strong></span> <span class='ocrx_word' id='word_1_158' title='bbox 1239 2097 1805 2161; x_wconf 88' lang='lat' dir='ltr'><strong>Thessalonicensem</strong></span> <span class='ocrx_word' id='word_1_159' title='bbox 1825 2100 2153 2175; x_wconf 78' lang='lat' dir='ltr'><strong>Scripturoe</strong></span> <span class='ocrx_word' id='word_1_160' title='bbox 2168 2097 2448 2175; x_wconf 78' lang='lat' dir='ltr'><strong>loquendi</strong></span> 
     </span>
     <span class='ocr_line' id='line_1_21' title="bbox 352 2193 2441 2271; baseline -0.002 -19"><span class='ocrx_word' id='word_1_161' title='bbox 352 2195 595 2252; x_wconf 79' lang='lat' dir='ltr'><strong>modum</strong></span> <span class='ocrx_word' id='word_1_162' title='bbox 626 2197 816 2271; x_wconf 80' lang='lat' dir='ltr'><strong>faisse</strong></span> <span class='ocrx_word' id='word_1_163' title='bbox 864 2198 1209 2268; x_wconf 76' lang='lat' dir='ltr'><strong>imitatum,</strong></span> <span class='ocrx_word' id='word_1_164' title='bbox 1254 2213 1358 2250; x_wconf 73' lang='lat' dir='ltr'><strong>ozec</strong></span> <span class='ocrx_word' id='word_1_165' title='bbox 1399 2213 1457 2249; x_wconf 87' lang='lat' dir='ltr'><strong>se</strong></span> <span class='ocrx_word' id='word_1_166' title='bbox 1490 2214 1528 2249; x_wconf 90' lang='lat' dir='ltr'><strong>a</strong></span> <span class='ocrx_word' id='word_1_167' title='bbox 1557 2194 1793 2250; x_wconf 79' lang='lat' dir='ltr'><strong>vocibus</strong></span> <span class='ocrx_word' id='word_1_168' title='bbox 1818 2214 1858 2249; x_wconf 91' lang='lat' dir='ltr'><strong>a</strong></span> <span class='ocrx_word' id='word_1_169' title='bbox 1890 2193 2185 2250; x_wconf 74' lang='lat' dir='ltr'><strong>Patribus</strong></span> <span class='ocrx_word' id='word_1_170' title='bbox 2228 2195 2441 2271; x_wconf 71' lang='lat' dir='ltr'><strong>97¹oecz&#39;s</strong></span> 
     </span>
     <span class='ocr_line' id='line_1_22' title="bbox 354 2287 2444 2365; baseline -0.001 -20"><span class='ocrx_word' id='word_1_171' title='bbox 354 2292 672 2365; x_wconf 79' lang='lat' dir='ltr'><strong>usurpatis</strong></span> <span class='ocrx_word' id='word_1_172' title='bbox 703 2289 1027 2346; x_wconf 75' lang='lat' dir='ltr'><strong>reddidisse</strong></span> <span class='ocrx_word' id='word_1_173' title='bbox 1061 2290 1328 2345; x_wconf 75' lang='lat' dir='ltr'><strong>alienum</strong></span> <span class='ocrx_word' id='word_1_174' title='bbox 1349 2329 1367 2353; x_wconf 90' lang='lat'>‚</span> <span class='ocrx_word' id='word_1_175' title='bbox 1405 2292 1586 2344; x_wconf 87' lang='lat' dir='ltr'><strong>immo</strong></span> <span class='ocrx_word' id='word_1_176' title='bbox 1609 2291 1813 2364; x_wconf 78' lang='lat' dir='ltr'><strong>potius</strong></span> <span class='ocrx_word' id='word_1_177' title='bbox 1866 2287 2281 2365; x_wconf 71' lang='lat' dir='ltr'><strong>Theoloyomcm</strong></span> <span class='ocrx_word' id='word_1_178' title='bbox 2319 2306 2444 2343; x_wconf 78' lang='lat' dir='ltr'><strong>nos-</strong></span> 
     </span>
     <span class='ocr_line' id='line_1_23' title="bbox 353 2382 2443 2460; baseline -0.001 -21"><span class='ocrx_word' id='word_1_179' title='bbox 353 2392 581 2440; x_wconf 75' lang='lat' dir='ltr'><strong>trorum</strong></span> <span class='ocrx_word' id='word_1_180' title='bbox 608 2393 860 2439; x_wconf 78' lang='lat' dir='ltr'><strong>mentem</strong></span> <span class='ocrx_word' id='word_1_181' title='bbox 887 2391 944 2439; x_wconf 84' lang='lat' dir='ltr'><strong>et</strong></span> <span class='ocrx_word' id='word_1_182' title='bbox 976 2382 1192 2452; x_wconf 78' lang='lat' dir='ltr'><strong>verba,</strong></span> <span class='ocrx_word' id='word_1_183' title='bbox 1222 2382 1336 2438; x_wconf 78' lang='lat' dir='ltr'><strong>uhi</strong></span> <span class='ocrx_word' id='word_1_184' title='bbox 1363 2402 1660 2438; x_wconf 77' lang='lat' dir='ltr'><strong>manuum</strong></span> <span class='ocrx_word' id='word_1_185' title='bbox 1703 2384 2135 2460; x_wconf 77' lang='lat' dir='ltr'><strong>impositionem</strong></span> <span class='ocrx_word' id='word_1_186' title='bbox 2157 2402 2294 2439; x_wconf 77' lang='lat' dir='ltr'><strong>cum</strong></span> <span class='ocrx_word' id='word_1_187' title='bbox 2324 2401 2443 2438; x_wconf 81' lang='lat' dir='ltr'><strong>un—</strong></span> 
     </span>
     <span class='ocr_line' id='line_1_24' title="bbox 352 2475 1628 2554; baseline -0.002 -20"><span class='ocrx_word' id='word_1_188' title='bbox 352 2481 538 2534; x_wconf 81' lang='lat' dir='ltr'><strong>ctione</strong></span> <span class='ocrx_word' id='word_1_189' title='bbox 564 2477 947 2554; x_wconf 77' lang='lat' dir='ltr'><strong>confundunt</strong></span> <span class='ocrx_word' id='word_1_190' title='bbox 972 2519 993 2546; x_wconf 77' lang='lat'><em>,</em></span> <span class='ocrx_word' id='word_1_191' title='bbox 1012 2479 1202 2554; x_wconf 80' lang='lat' dir='ltr'><strong>fuisse</strong></span> <span class='ocrx_word' id='word_1_192' title='bbox 1230 2486 1497 2533; x_wconf 78' lang='lat' dir='ltr'><strong>secutum</strong></span> <span class='ocrx_word' id='word_1_193' title='bbox 1523 2475 1628 2554; x_wconf 87' lang='lat'><strong>(3).</strong></span> 
     </span>
    </p>

    <p class='ocr_par' dir='ltr' id='par_1_4' title="bbox 351 2568 2442 3024">
     <span class='ocr_line' id='line_1_25' title="bbox 436 2568 2439 2649; baseline -0.001 -20"><span class='ocrx_word' id='word_1_194' title='bbox 436 2571 535 2629; x_wconf 83' lang='lat'><strong>75.</strong></span> <span class='ocrx_word' id='word_1_195' title='bbox 580 2573 718 2643; x_wconf 79' lang='lat' dir='ltr'><strong>Quae</strong></span> <span class='ocrx_word' id='word_1_196' title='bbox 739 2592 867 2628; x_wconf 90' lang='lat' dir='ltr'><strong>cum</strong></span> <span class='ocrx_word' id='word_1_197' title='bbox 894 2571 972 2628; x_wconf 90' lang='lat' dir='ltr'><strong>ita</strong></span> <span class='ocrx_word' id='word_1_198' title='bbox 996 2591 1055 2628; x_wconf 91' lang='lat' dir='ltr'><strong>se</strong></span> <span class='ocrx_word' id='word_1_199' title='bbox 1078 2569 1331 2628; x_wconf 89' lang='lat' dir='ltr'><strong>habeant</strong></span> <span class='ocrx_word' id='word_1_200' title='bbox 1349 2614 1363 2643; x_wconf 91' lang='lat'>7</span> <span class='ocrx_word' id='word_1_201' title='bbox 1395 2590 1499 2627; x_wconf 91' lang='lat' dir='ltr'><strong>nos</strong></span> <span class='ocrx_word' id='word_1_202' title='bbox 1530 2568 1758 2627; x_wconf 88' lang='lat' dir='ltr'><strong>lubenti</strong></span> <span class='ocrx_word' id='word_1_203' title='bbox 1784 2569 1977 2627; x_wconf 90' lang='lat' dir='ltr'><strong>animo</strong></span> <span class='ocrx_word' id='word_1_204' title='bbox 1998 2569 2059 2626; x_wconf 92' lang='lat' dir='ltr'><strong>in</strong></span> <span class='ocrx_word' id='word_1_205' title='bbox 2086 2579 2439 2649; x_wconf 86' lang='lat' dir='ltr'><strong>postremam</strong></span> 
     </span>
     <span class='ocr_line' id='line_1_26' title="bbox 355 2652 2441 2742; baseline -0.001 -20"><span class='ocrx_word' id='word_1_206' title='bbox 355 2662 507 2734; x_wconf 88' lang='lat' dir='ltr'><strong>hanc</strong></span> <span class='ocrx_word' id='word_1_207' title='bbox 542 2665 892 2723; x_wconf 89' lang='lat' dir='ltr'><strong>sententiam</strong></span> <span class='ocrx_word' id='word_1_208' title='bbox 929 2652 1346 2736; x_wconf 37' lang='lat' dir='ltr'><strong>concedimus7‘</strong></span> <span class='ocrx_word' id='word_1_209' title='bbox 1369 2673 1569 2742; x_wconf 92' lang='lat' dir='ltr'><strong>utpote</strong></span> <span class='ocrx_word' id='word_1_210' title='bbox 1616 2663 2070 2720; x_wconf 86' lang='lat' dir='ltr'><strong>communiorem</strong></span> <span class='ocrx_word' id='word_1_211' title='bbox 2102 2707 2117 2735; x_wconf 89' lang='lat'>7</span> <span class='ocrx_word' id='word_1_212' title='bbox 2163 2673 2336 2742; x_wconf 86' lang='lat' dir='ltr'><strong>atque</strong></span> <span class='ocrx_word' id='word_1_213' title='bbox 2375 2674 2441 2720; x_wconf 91' lang='lat' dir='ltr'><strong>ut</strong></span> 
     </span>
     <span class='ocr_line' id='line_1_27' title="bbox 354 2754 2442 2831; baseline -0.001 -17"><span class='ocrx_word' id='word_1_214' title='bbox 354 2754 523 2814; x_wconf 85' lang='lat' dir='ltr'><strong>nobis</strong></span> <span class='ocrx_word' id='word_1_215' title='bbox 555 2756 820 2831; x_wconf 90' lang='lat' dir='ltr'><strong>videtur7</strong></span> <span class='ocrx_word' id='word_1_216' title='bbox 857 2756 1216 2814; x_wconf 89' lang='lat' dir='ltr'><strong>solidioribus</strong></span> <span class='ocrx_word' id='word_1_217' title='bbox 1249 2756 1539 2813; x_wconf 85' lang='lat' dir='ltr'><strong>rationum</strong></span> <span class='ocrx_word' id='word_1_218' title='bbox 1573 2755 1879 2813; x_wconf 89' lang='lat' dir='ltr'><strong>momentis</strong></span> <span class='ocrx_word' id='word_1_219' title='bbox 1916 2755 2188 2813; x_wconf 81' lang='lat' dir='ltr'><strong>fulcitam.</strong></span> <span class='ocrx_word' id='word_1_220' title='bbox 2230 2756 2442 2813; x_wconf 90' lang='lat' dir='ltr'><strong>Verum</strong></span> 
     </span>
     <span class='ocr_line' id='line_1_28' title="bbox 351 2848 2440 2930; baseline 0 -23"><span class='ocrx_word' id='word_1_221' title='bbox 351 2848 447 2908; x_wconf 85' lang='lat' dir='ltr'><strong>hic</strong></span> <span class='ocrx_word' id='word_1_222' title='bbox 474 2849 602 2908; x_wconf 86' lang='lat' dir='ltr'><strong>duae</strong></span> <span class='ocrx_word' id='word_1_223' title='bbox 633 2871 863 2909; x_wconf 91' lang='lat' dir='ltr'><strong>rursum</strong></span> <span class='ocrx_word' id='word_1_224' title='bbox 899 2862 1204 2929; x_wconf 84' lang='lat' dir='ltr'><strong>emergunt</strong></span> <span class='ocrx_word' id='word_1_225' title='bbox 1226 2850 1564 2930; x_wconf 80' lang='lat' dir='ltr'><strong>quaestiones</strong></span> <span class='ocrx_word' id='word_1_226' title='bbox 1583 2895 1598 2924; x_wconf 93' lang='lat'>7</span> <span class='ocrx_word' id='word_1_227' title='bbox 1633 2849 1810 2907; x_wconf 86' lang='lat' dir='ltr'><strong>altera</strong></span> <span class='ocrx_word' id='word_1_228' title='bbox 1847 2850 1992 2908; x_wconf 92' lang='lat' dir='ltr'><strong>circa</strong></span> <span class='ocrx_word' id='word_1_229' title='bbox 2026 2848 2305 2908; x_wconf 85' lang='lat' dir='ltr'><strong>manuum</strong></span> <span class='ocrx_word' id='word_1_230' title='bbox 2329 2850 2440 2907; x_wconf 89' lang='lat' dir='ltr'><strong>im-</strong></span> 
     </span>
     <span class='ocr_line' id='line_1_29' title="bbox 353 2944 1461 3024; baseline -0.003 -21"><span class='ocrx_word' id='word_1_231' title='bbox 353 2945 740 3024; x_wconf 89' lang='lat' dir='ltr'><strong>positionem7</strong></span> <span class='ocrx_word' id='word_1_232' title='bbox 786 2944 966 3003; x_wconf 80' lang='lat' dir='ltr'><strong>altera</strong></span> <span class='ocrx_word' id='word_1_233' title='bbox 1011 2946 1157 3002; x_wconf 88' lang='lat' dir='ltr'><strong>circa</strong></span> <span class='ocrx_word' id='word_1_234' title='bbox 1196 2944 1461 3002; x_wconf 85' lang='lat' dir='ltr'><strong>chrisma.</strong></span> 
     </span>
    </p>

    <p class='ocr_par' dir='ltr' id='par_1_5' title="bbox 358 3037 2444 3214">
     <span class='ocr_line' id='line_1_30' title="bbox 436 3037 2438 3119; baseline -0 -21"><span class='ocrx_word' id='word_1_235' title='bbox 436 3039 537 3097; x_wconf 87' lang='lat'><strong>76.</strong></span> <span class='ocrx_word' id='word_1_236' title='bbox 584 3041 811 3098; x_wconf 89' lang='lat' dir='ltr'><strong>Etenim</strong></span> <span class='ocrx_word' id='word_1_237' title='bbox 866 3060 998 3097; x_wconf 92' lang='lat' dir='ltr'><strong>cum</strong></span> <span class='ocrx_word' id='word_1_238' title='bbox 1066 3038 1284 3119; x_wconf 83' lang='lat' dir='ltr'><strong>duplex</strong></span> <span class='ocrx_word' id='word_1_239' title='bbox 1335 3037 1720 3115; x_wconf 84' lang='lat' dir='ltr'><strong>distinguatur</strong></span> <span class='ocrx_word' id='word_1_240' title='bbox 1773 3058 2053 3095; x_wconf 87' lang='lat' dir='ltr'><strong>manuum</strong></span> <span class='ocrx_word' id='word_1_241' title='bbox 2112 3039 2401 3119; x_wconf 87' lang='lat' dir='ltr'><strong>impositio</strong></span> <span class='ocrx_word' id='word_1_242' title='bbox 2424 3085 2438 3111; x_wconf 95' lang='lat'>7</span> 
     </span>
     <span class='ocr_line' id='line_1_31' title="bbox 358 3132 2444 3214; baseline 0 -23"><span class='ocrx_word' id='word_1_243' title='bbox 358 3154 602 3212; x_wconf 88' lang='lat' dir='ltr'><strong>quarum</strong></span> <span class='ocrx_word' id='word_1_244' title='bbox 637 3133 816 3193; x_wconf 88' lang='lat' dir='ltr'><strong>altera</strong></span> <span class='ocrx_word' id='word_1_245' title='bbox 858 3155 923 3193; x_wconf 87' lang='lat' dir='ltr'><strong>ea</strong></span> <span class='ocrx_word' id='word_1_246' title='bbox 965 3143 1052 3193; x_wconf 87' lang='lat' dir='ltr'><strong>est</strong></span> <span class='ocrx_word' id='word_1_247' title='bbox 1073 3178 1089 3208; x_wconf 93' lang='lat'>7</span> <span class='ocrx_word' id='word_1_248' title='bbox 1128 3155 1253 3214; x_wconf 82' lang='lat' dir='ltr'><strong>quae</strong></span> <span class='ocrx_word' id='word_1_249' title='bbox 1298 3132 1601 3191; x_wconf 87' lang='lat' dir='ltr'><strong>comitatur</strong></span> <span class='ocrx_word' id='word_1_250' title='bbox 1631 3132 1817 3213; x_wconf 90' lang='lat' dir='ltr'><strong>ipsam</strong></span> <span class='ocrx_word' id='word_1_251' title='bbox 1847 3134 2181 3193; x_wconf 88' lang='lat' dir='ltr'><strong>unctionem</strong></span> <span class='ocrx_word' id='word_1_252' title='bbox 2202 3178 2217 3208; x_wconf 96' lang='lat'>7</span> <span class='ocrx_word' id='word_1_253' title='bbox 2263 3133 2444 3192; x_wconf 86' lang='lat' dir='ltr'><strong>altera</strong></span> 
     </span>
    </p>
   </div>
   <div class='ocr_carea' id='block_1_3' title="bbox 353 3400 2442 3637">
    <p class='ocr_par' dir='ltr' id='par_1_6' title="bbox 353 3400 2442 3637">
     <span class='ocr_line' id='line_1_32' title="bbox 420 3400 2440 3467; baseline 0 -17"><span class='ocrx_word' id='word_1_254' title='bbox 420 3403 491 3467; x_wconf 93' lang='lat' dir='ltr'><strong>(l)</strong></span> <span class='ocrx_word' id='word_1_255' title='bbox 527 3403 637 3452; x_wconf 86' lang='lat' dir='ltr'><strong>Loc.</strong></span> <span class='ocrx_word' id='word_1_256' title='bbox 669 3405 747 3452; x_wconf 87' lang='lat' dir='ltr'><strong>cit.</strong></span> <span class='ocrx_word' id='word_1_257' title='bbox 1434 3404 1705 3467; x_wconf 86' lang='lat' dir='ltr'><strong>opusculum</strong></span> <span class='ocrx_word' id='word_1_258' title='bbox 1741 3403 1880 3451; x_wconf 79' lang='lat' dir='ltr'><strong>latine</strong></span> <span class='ocrx_word' id='word_1_259' title='bbox 1920 3404 1969 3450; x_wconf 87' lang='lat' dir='ltr'><strong>in</strong></span> <span class='ocrx_word' id='word_1_260' title='bbox 2018 3400 2248 3448; x_wconf 73' lang='lat' dir='ltr'><strong>Biblioth.</strong></span> <span class='ocrx_word' id='word_1_261' title='bbox 2309 3418 2440 3451; x_wconf 74' lang='lat' dir='ltr'><strong>masc.</strong></span> 
     </span>
     <span class='ocr_line' id='line_1_33' title="bbox 423 3480 2146 3550; baseline -0.001 -19"><span class='ocrx_word' id='word_1_262' title='bbox 423 3484 486 3547; x_wconf 71' lang='lat'><strong>(2)</strong></span> <span class='ocrx_word' id='word_1_263' title='bbox 521 3484 625 3532; x_wconf 91' lang='lat' dir='ltr'><strong>Lib.</strong></span> <span class='ocrx_word' id='word_1_264' title='bbox 644 3482 714 3533; x_wconf 88' lang='lat' dir='ltr'><strong>De</strong></span> <span class='ocrx_word' id='word_1_265' title='bbox 727 3483 889 3532; x_wconf 80' lang='lat' dir='ltr'><strong>divino</strong></span> <span class='ocrx_word' id='word_1_266' title='bbox 917 3484 1129 3550; x_wconf 83' lang='lat' dir='ltr'><strong>Templo,</strong></span> <span class='ocrx_word' id='word_1_267' title='bbox 1153 3487 1201 3532; x_wconf 87' lang='lat' dir='ltr'><strong>in</strong></span> <span class='ocrx_word' id='word_1_268' title='bbox 1220 3486 1347 3548; x_wconf 86' lang='lat' dir='ltr'><strong>praef.</strong></span> <span class='ocrx_word' id='word_1_269' title='bbox 1433 3480 1634 3532; x_wconf 83' lang='lat' dir='ltr'><strong>Patrum</strong></span> <span class='ocrx_word' id='word_1_270' title='bbox 1658 3520 1671 3543; x_wconf 91' lang='lat'>7</span> <span class='ocrx_word' id='word_1_271' title='bbox 1713 3484 1861 3548; x_wconf 86' lang='lat' dir='ltr'><strong>Lugd.</strong></span> <span class='ocrx_word' id='word_1_272' title='bbox 1898 3493 2006 3531; x_wconf 80' lang='lat' dir='ltr'><strong>tom.</strong></span> <span class='ocrx_word' id='word_1_273' title='bbox 2032 3499 2146 3530; x_wconf 84' lang='lat' dir='ltr'><strong>xxu.</strong></span> 
     </span>
     <span class='ocr_line' id='line_1_34' title="bbox 353 3562 2442 3637; baseline -0.002 -24"><span class='ocrx_word' id='word_1_274' title='bbox 353 3582 402 3614; x_wconf 87' lang='lat' dir='ltr'><strong>n.</strong></span> <span class='ocrx_word' id='word_1_275' title='bbox 429 3581 478 3613; x_wconf 88' lang='lat'><strong>2.</strong></span> <span class='ocrx_word' id='word_1_276' title='bbox 500 3570 567 3632; x_wconf 70' lang='grc' dir='ltr'><strong>Τξῐ</strong></span> <span class='ocrx_word' id='word_1_277' title='bbox 587 3563 792 3613; x_wconf 63' lang='grc' dir='ltr'><strong><em>ἔπιθέσ-ει</em></strong></span> <span class='ocrx_word' id='word_1_278' title='bbox 820 3570 899 3613; x_wconf 68' lang='grc' dir='ltr'><strong>τῶν</strong></span> <span class='ocrx_word' id='word_1_279' title='bbox 925 3570 1074 3630; x_wconf 58' lang='lat' dir='ltr'><strong>xmp&amp;</strong></span> <span class='ocrx_word' id='word_1_280' title='bbox 1091 3562 1166 3613; x_wconf 64' lang='grc' dir='ltr'><strong>καὶ</strong></span> <span class='ocrx_word' id='word_1_281' title='bbox 1187 3562 1364 3628; x_wconf 59' lang='lat' dir='ltr'><strong>{panni-</strong></span> <span class='ocrx_word' id='word_1_282' title='bbox 1510 3565 1579 3631; x_wconf 88' lang='lat'><strong>(3)</strong></span> <span class='ocrx_word' id='word_1_283' title='bbox 1611 3564 2073 3637; x_wconf 2' lang='lat' dir='ltr'><strong>Eucholoyium7pin</strong></span> <span class='ocrx_word' id='word_1_284' title='bbox 2100 3566 2217 3610; x_wconf 76' lang='lat' dir='ltr'><strong>notis</strong></span> <span class='ocrx_word' id='word_1_285' title='bbox 2245 3563 2302 3610; x_wconf 86' lang='lat' dir='ltr'><strong>ad</strong></span> <span class='ocrx_word' id='word_1_286' title='bbox 2328 3562 2442 3627; x_wconf 86' lang='lat' dir='ltr'><strong>Bap-</strong></span> 
     </span>
    </p>
   </div>
   <div class='ocr_carea' id='block_1_4' title="bbox 354 3642 2332 3712">
    <p class='ocr_par' dir='ltr' id='par_1_7' title="bbox 354 3642 2332 3712">
     <span class='ocr_line' id='line_1_35' title="bbox 354 3642 2332 3712; baseline -0.001 -19"><span class='ocrx_word' id='word_1_287' title='bbox 354 3666 420 3695; x_wconf 77' lang='grc' dir='ltr'><strong><em>ο-ει</em></strong></span> <span class='ocrx_word' id='word_1_288' title='bbox 451 3650 531 3695; x_wconf 71' lang='grc' dir='ltr'><strong>τοῦ</strong></span> <span class='ocrx_word' id='word_1_289' title='bbox 552 3643 681 3712; x_wconf 67' lang='grc' dir='ltr'><strong><em>μόρου</em></strong></span> <span class='ocrx_word' id='word_1_290' title='bbox 709 3643 838 3711; x_wconf 64' lang='grc' dir='ltr'><em>χάριν</em></span> <span class='ocrx_word' id='word_1_291' title='bbox 879 3643 1087 3700; x_wconf 52' lang='lat' dir='ltr'><strong>ivl-&amp;nem</strong></span> <span class='ocrx_word' id='word_1_292' title='bbox 1112 3646 1248 3694; x_wconf 81' lang='lat' dir='ltr'><strong>Extat</strong></span> <span class='ocrx_word' id='word_1_293' title='bbox 1278 3646 1365 3693; x_wconf 88' lang='lat' dir='ltr'><strong>hoc</strong></span> <span class='ocrx_word' id='word_1_294' title='bbox 1445 3648 1572 3695; x_wconf 78' lang='lat' dir='ltr'><strong>tismi</strong></span> <span class='ocrx_word' id='word_1_295' title='bbox 1603 3646 1841 3707; x_wconf 83' lang='lat' dir='ltr'><strong>officium,</strong></span> <span class='ocrx_word' id='word_1_296' title='bbox 1874 3663 1920 3693; x_wconf 91' lang='lat' dir='ltr'><strong>n.</strong></span> <span class='ocrx_word' id='word_1_297' title='bbox 1954 3649 2047 3704; x_wconf 70' lang='grc'><strong>21,</strong></span> <span class='ocrx_word' id='word_1_298' title='bbox 2081 3661 2185 3709; x_wconf 81' lang='lat' dir='ltr'><strong>pag.</strong></span> <span class='ocrx_word' id='word_1_299' title='bbox 2218 3642 2332 3709; x_wconf 82' lang='lat'><strong>367.</strong></span> 
     </span>
    </p>
   </div>
  </div>
 </body>
</html>
