2502 4186
239 229 399 324 ‘64

991 246 1307 287 TRACTATUS
1348 246 1415 282 DE
1456 244 1738 287 BAPTISMo.

322 394 604 473 adjunctis
622 437 638 467 ,
669 394 730 451 in
752 389 958 473 quibus
979 389 1237 448 Christus
1262 387 1481 467 objecta
1509 386 1689 449 verba
1705 388 1967 469 protulit.
1994 391 2142 451 Hinc
2167 390 2393 454 diverso

322 511 493 550 sensu
523 489 641 546 haec
673 485 999 545 testimonia
1035 483 1323 543 intellexit
1362 482 1638 556 Ecclesia,
1690 503 1819 562 quae
1864 484 2054 563 pueris
2094 485 2159 542 in·
2198 487 2398 545 mortis

319 580 572 664 periculo
607 578 930 638 constitutis
959 578 1255 638 consuevit
1287 576 1358 635 ab
1383 588 1551 635 aetate
1580 575 1890 656 apostolica
1918 578 2276 658 Baptismum
2301 579 2401 639 ad-

321 676 647 734 ministrare
667 718 682 746 ,
714 695 834 731 non
862 673 1001 731 item
1035 692 1173 731 vero
1206 671 1718 733 Confirmationem
1743 681 1800 728 et
1829 670 2274 745 Eucharistiam3
2301 673 2399 753 qui

319 791 444 828 mos
478 767 711 826 nonnisi
739 768 916 826 serius
952 764 1240 840 obtinuit,
1284 787 1473 846 neque
1515 765 1620 822 fuit
1650 765 1983 825 universalis
2023 767 2132 844 (l).
2186 768 2399 826 Verum

320 863 394 922 de
417 862 527 921 hoc
549 872 888 941 argumento
910 861 1123 924 iterum
1156 881 1345 919 sermo
1379 859 1709 937 instituetur
1732 903 1748 934 ,
1780 858 1880 917 ubi
1912 881 2143 939 agemus
2174 859 2247 920 de
2283 862 2398 919 Eu-

319 956 603 1016 charistia.

406 1050 541 1108 145.
590 1049 676 1109 Ad
696 1049 777 1107 [ιω
796 1093 813 1124 ,
842 1049 1170 1128 Neqamus,
1201 1050 1262 1106 S.
1290 1049 1667 1128 Augustinum
1695 1047 2017 1106 absolutam
2039 1048 2400 1108 Eucharistiae

317 1144 719 1204 necessitatem
753 1164 824 1203 ex
860 1144 1044 1202 citatis
1080 1142 1270 1204 verbis
1305 1143 1582 1201 docuisse.
1623 1144 1700 1199 Ut
1730 1143 1893 1201 enim·
1921 1163 2032 1199 suo>
2056 1142 2178 1201 loco
2212 1155 2401 1202 osten-

320 1238 521 1298 demus
551 1283 567 1312 ,
604 1239 659 1296 S.
694 1240 903 1297 Doctor
923 1239 1191 1318 nuspiam
1234 1259 1435 1318 parem
1479 1238 1777 1318 utriusque
1813 1239 2164 1296 Sacramenti
2188 1283 2203 1310 ,
2242 1241 2396 1320 Bap-

319 1333 475 1391 tismi
493 1331 706 1391 scilicet
724 1343 782 1391 et
805 1331 1196 1404 Eucharistiae‚
1219 1332 1615 1390 necessitatem
1638 1332 1894 1403 asseruit,
1923 1342 2018 1389 aut
2045 1331 2393 1413 praedicavit.

404 1427 537 1485 146.
584 1426 710 1504 obj.
755 1425 1026 1485 secunda.
1057 1428 1203 1484 Dato
1238 1426 1413 1484 etiam
1451 1425 1607 1506 quod
1634 1426 1695 1483 in
1729 1425 1988 1484 adductis
2026 1427 2243 1484 Christi
2274 1449 2400 1488 ver-

316 1519 440 1594 bis,
473 1523 642 1579 Joan.
687 1521 764 1578 III
796 1542 809 1577 :
844 1520 995 1578 Nisi
1028 1524 1164 1598 quis
1182 1562 1204 1591 ,
1230 1531 1338 1579 ete.
1376 1540 1581 1581 verum
1608 1520 2020 1598 significaretur
2049 1533 2401 1602 praeceptum

317 1614 643 1674 universale
680 1625 738 1673 et
773 1625 1155 1696 perpetuum,
1199 1626 1288 1672 ast
1336 1616 1396 1672 10
1434 1626 1792 1696 praeceptum
1837 1626 1926 1674 est
1970 1617 2318 1696 positivum,
2367 1639 2401 1676 a

318 1730 432 1790 quo
467 1707 709 1790 proinde
757 1719 987 1766 excusat
1019 1708 1337 1788 ignorantia
1377 1721 1477 1767 aut
1519 1709 1895 1789 impotentia,
1934 1721 2000 1767 ut
2037 1722 2236 1790 aperte
2272 1733 2401 1792 pro-

315 1804 511 1862 fitetur
541 1805 598 1862 S.
636 1803 1018 1882 Augustinu8‚
1060 1815 1227 1863 utens
1258 1804 1525 1886 exemplo
1561 1804 1641 1884 pii
1681 1804 1917 1863 latronis
1940 1850 1956 1878 ,
1998 1807 2094 1886 qui
2128 1806 2245 1864 sola
2284 1806 2398 1866 fide

316 1897 506 1957 salvus
532 1898 712 1956 factus
741 1908 856 1970 est3
896 1898 977 1955 ait
1011 1898 1166 1956 enim
1199 1921 1212 1954 z
1247 1899 1556 1977 Quantum
1590 1900 1781 1957 valeat
1809 1904 1990 1958 etiam
2014 1904 2140 1958 sine
2169 1902 2402 1959 visibili

314 1993 694 2050 Sacramento
727 1994 1061 2071 Baptismi,
1094 1994 1254 2070 quod
1281 1996 1374 2050 ait
1405 1994 1712 2071 Apostolus
1739 2018 1756 2050 .·
1799 1995 1980 2053 Corde
2004 1996 2272 2053 creditur
2315 1994 2402 2053 ad

294 2091 611 2163 justitiam
634 2130 655 2158 ,
693 2108 787 2145 ore
823 2098 1019 2145 autem
1063 2091 1342 2164 confessio
1374 2089 1449 2165 fic
1481 2089 1566 2146 ad
1600 2089 1878 2158 salutem,
1915 2094 1983 2146 in
2020 2092 2118 2146 ilco
2167 2092 2396 2146 latrone
2451 2148 2453 2150 ,

311 2182 677 2240 declaratum
703 2192 782 2239 est
798 2205 818 2247 ,·
851 2202 914 2239 ac
947 2192 1222 2261 praeterea
1259 2180 1455 2239 subdit
1487 2204 1499 2239 :
1545 2183 1660 2239 Sed
1690 2193 1831 2238 tune
1871 2185 2155 2260 impletur
2176 2186 2395 2241 invisi-

313 2276 541 2348 hz'lz'ter,
569 2297 706 2333 eum
726 2280 1133 2332 mz'nzsterz'um
1156 2277 1457 2352 Baptz‘smi
1471 2318 1491 2345 ,
1522 2297 1641 2332 non
1663 2286 2024 2353 contemptus
2053 2279 2388 2356 relzyiom's,

309 2370 412 2426 sed
450 2390 752 2426 Anneums
810 2389 1179 2427 NECESSITAsm
1233 2390 1500 2428 Excmmr
1559 2366 1669 2446 (2).
1722 2370 1789 2425 20
1833 2370 2109 2451 Exemplo
2156 2371 2395 2435 latronis

310 2463 552 2541 adjicere
582 2463 861 2544 potuisset
889 2461 1152 2543 exempla
1189 2462 1426 2543 Apollo,
1460 2462 1864 2543 Apostolorum
1897 2485 1960 2522 ac
1999 2466 2060 2523 B.
2102 2465 2344 2546 Virginis
2373 2510 2389 2541 ,

307 2558 409 2638 qui
434 2557 642 2616 nullibi
675 2557 885 2616 Christi
922 2557 1147 2620 lavacro
1176 2557 1345 2615 tincti
1377 2556 1778 2637 perhibentur.
1816 2557 1984 2638 Erg0.

307 2746 516 2795 Christus
532 2747 778 2812 alloquitur
795 2746 1119 2811 Capharnaitas
1128 2747 1305 2796 adultos

306 2837 351 2877 et
367 2830 577 2893 praecepti
591 2844 773 2892 capaces
788 2830 836 2875 in
855 2828 1054 2875 secunda
1083 2845 1270 2892 persona
1288 2865 1302 2889 ,

306 2909 462 2957 dicens
489 2926 504 2956 ε
535 2908 655 2956 Nisi
677 2907 1080 2956 manducaveritis
1109 2925 1303 2957 carnem

1381 2748 1619 2815 ‘indigeant
1632 2785 1646 2807 ‚
1666 2748 1777 2796 hinc
1793 2758 1943 2813 patet,
1976 2749 2034 2797 ad
2049 2767 2124 2798 eos
2145 2767 2240 2798 non
2263 2767 2390 2815 posse

1385 2829 1483 2877 haec
1513 2830 1652 2879 verba
1687 2829 1857 2878 Christi
1885 2830 2088 2879 extendi.
2130 2831 2300 2879 Verum
2333 2832 2391 2881 de

1384 2912 1472 2959 hoc
1501 2913 1622 2960 alias.
1659 2910 1843 2960 Interim
1874 2912 1964 2960 cfr.
1989 2911 2227 2961 Cornelius
2248 2930 2274 2961 a
2295 2913 2386 2962 La-

304 2989 436 3037 Filii
462 2989 699 3049 hominis,
731 2997 776 3036 et
808 2989 1021 3037 biberitis
1048 2992 1151 3055 ejus
1187 3007 1303 3038 san-

301 3072 498 3135 quinem
511 3109 523 3131 ,
540 3087 635 3119 non
654 3070 884 3118 habebitis
904 3071 1050 3119 vitam
1076 3073 1131 3118 in
1151 3072 1300 3120 vohis.

304 3151 484 3201 Deinde
524 3153 649 3200 aliud
683 3163 777 3212 est,
814 3156 911 3200 sine
948 3153 1178 3218 Baptismo
1206 3171 1302 3202 non

303 3250 432 3298 posse
447 3236 708 3299 quempiam
729 3236 915 3281 introire
932 3237 980 3282 in
1003 3252 1193 3298 reguum
1215 3253 1301 3283 coe-

302 3313 482 3374 lorum,
515 3315 640 3361 aliud
681 3332 787 3363 vero
825 3333 919 3362 non
957 3314 1125 3363 habere
1153 3317 1298 3363 vitam

301 3395 354 3441 in
379 3411 459 3452 se;
491 3395 562 3442 his
591 3395 719 3443 enirn
760 3407 939 3444 tantum
984 3399 1294 3461 significatur,

301 3492 397 3524 non
420 3493 547 3540 posse
572 3479 668 3524 sine
684 3477 900 3525 alimento
919 3479 1138 3541 spirituali
1160 3482 1296 3527 vitam

300 3556 362 3604 ali
382 3592 395 3616 ‚
419 3561 703 3618 conservari,
730 3542 819 3608 etc.
837 3561 987 3625 quoad
1005 3578 1080 3608 eos
1104 3578 1291 3625 nempe,

301 3641 379 3702 qui
406 3641 520 3688 vires
559 3656 770 3705 reparare
815 3641 997 3693 debent.
1039 3641 1156 3690 Cum
1187 3660 1293 3691 vero

299 3718 496 3771 infantes
533 3721 622 3772 hac
667 3725 833 3773 virium
878 3727 1159 3790 reparatione
1194 3741 1287 3773 non

1384 2993 1514 3058 pide,
1548 2995 1598 3039 in
1618 2992 1743 3041 hunc
1764 2993 1851 3041 loc.

1452 3074 1516 3136 (Ι)
1555 3073 1653 3122 Cfr.
1673 3061 1807 3122 Joan.
1841 3073 2020 3121 Haiden
2043 3110 2057 3136 ,
2087 3074 2133 3122 S.
2153 3073 2200 3123 J.
2232 3077 2281 3122 in
2297 3076 2377 3123 cit.

1382 3155 1714 3215 dissertatione,
1735 3155 1813 3203 De
1830 3157 2044 3203 instituto
2062 3154 2292 3204 Ecclesiae
2306 3157 2386 3202 ’ἰη-

1374 3236 1595 3300 fantibus
1625 3253 1733 3284 mox
1774 3253 1878 3283 cum
1932 3237 2186 3302 Baptismo
2226 3236 2383 3299 conse-

1380 3317 1519 3363 rendi
1559 3315 1874 3365 Sacramenta
1922 3317 2312 3381 Confirmationis
2340 3326 2384 3364 ec

1378 3397 1694 3446 Eucharistiae
1711 3436 1722 3456 ‚
1744 3410 1904 3465 quaest.
1927 3416 1959 3446 11
1979 3436 1990 3458 ‚
2009 3398 2033 3464 §
2057 3417 2130 3445 un.
2153 3436 2166 3457 ‚
2185 3416 2269 3446 nec
2286 3416 2380 3446 non

1377 3479 1476 3529 Jac.
1529 3481 1758 3528 Pamelius
1803 3483 1853 3528 in
1909 3480 2139 3528 Annotat.
2190 3481 2242 3527 in
2290 3479 2372 3528 lib.

1376 3563 1429 3610 S.
1477 3561 1624 3627 Cypr.
1649 3563 1728 3610 De
1756 3562 1923 3628 lapsis,

1443 3643 1509 3707 (2³.
1559 3643 1629 3694 De
1674 3644 1820 3710 Bapt.
1867 3642 1952 3692 lib.
2002 3660 2083 3704 lv,
2131 3659 2233 3707 cap.
2280 3657 2376 3703 22,

1376 3743 1427 3774 n.
1460 3741 1543 3794 29.
