2502 4186
306 254 385 315 86

965 270 1289 313 TRAGTATUS
1328 270 1398 307 DE
1440 271 1724 310 BAP‘HSMO.

310 397 673 475 disseramus.
714 411 790 470 Hi
823 411 968 469 ritus
998 454 1015 484 .,
1054 430 1154 469 seu
1203 410 1542 470 ceremoniae
1572 455 1588 485 ‚
1636 431 1757 469 non
1794 431 2021 493 semper
2054 414 2231 476 iidem
2266 417 2419 478 fue-.

309 519 468 569 runt.
516 504 794 565 Nonnulli
825 505 889 561 in
934 503 1376 565 desuetudinem
1422 504 1691 564 abierunt
1713 550 1730 579 ,
1775 504 1870 564 alii
1908 527 2134 589 semper
2182 512 2395 571 retenti

312 612 449 661 sunt
488 597 714 680 (1).1d
752 607 984 656 tantum
1023 598 1261 676 adjici0‚
1309 611 1436 659 tum
1480 610 1698 659 temere
1738 593 2127 661 Protestantes
2165 606 2396 684 penitus

309 692 604 754 sustulisse
630 692 1085 753 exorcismorum
1125 692 1463 770 formulam,
1514 716 1642 775 quae
1669 715 1701 753 a
1735 696 2117 756 remotissima
2139 699 2401 779 antiqui-

311 799 431 851 tate
459 788 521 845 in
552 786 791 846 Ecclesia
819 798 1094 868 usurpata
1120 788 1228 846 fuit
1265 790 1355 868 (2)
1376 834 1391 863 ,
1429 799 1556 847 tum
1595 789 1917 870 improvide
1957 792 2253 872 Synodum
2284 793 2400 852 Pi‘s·

311 883 629 948 toriensem
660 893 973 945 coarctasse
1004 881 1337 947 facultatem
1358 905 1685 943 concessam
1707 906 1738 943 a
1764 885 2116 946 Tridentinis
2134 886 2401 946 Patribus

314 966 648 1038 assumendi
704 977 846 1036 duos
899 978 1158 1058 patrinos
1208 978 1329 1038 sive
1379 990 1733 1060 susceptores
1762 1024 1779 1053 ,
1822 1001 2043 1041 marem
2082 1001 2296 1063 nempe
2344 992 2402 1040 et

314 1073 594 1134 feminam
617 1117 632 1144 ,
668 1084 844 1154 prout
871 1094 995 1131 mos
1030 1071 1247 1154 ubique
1284 1073 1403 1133 fere
1427 1072 1680 1148 obtinet,
1711 1074 1817 1133 sub
1858 1073 2103 1134 obtentu
2130 1075 2404 1135 obsecun-

321 1167 499 1226 dandi
540 1168 766 1248 spiritui
807 1167 1064 1228 Ecclesiae
1088 1189 1122 1227 a
1158 1167 1409 1227 Concilio
1455 1167 1792 1231 Tridentino
1827 1181 2247 1250 repraesentata}
2290 1169 2402 1251 (3).

320 1263 458 1322 Haec
499 1261 657 1323 enim
696 1260 906 1340 agendi
944 1261 1090 1321 ratio
1123 1282 1244 1324 non
1286 1262 1438 1342 sapit
1471 1263 1583 1321 nisi
1616 1263 1939 1345 inquietam
1985 1275 2190 1324 cuncta
2230 1265 2406 1325 inno-

322 1354 503 1418 vandi
539 1353 863 1434 libidinem.
899 1355 1004 1414 Ast
1029 1354 1103 1414 de
1126 1353 1216 1422 his
1245 1353 1545 1415 hactenus.

357 1601 360 1604 Δ
386 1546 452 1610 (1)
487 1545 557 1594 Ex
581 1544 673 1594 illis
702 1543 872 1593 ritibus
886 1579 905 1607 ‚
943 1546 1026 1610 qui
1060 1544 1211 1592 adhuc
1235 1562 1322 1592 usu
1403 1545 1542 1609 gham
1557 1562 1634 1610 op.
1650 1547 1727 1595 cit.
1753 1543 2013 1611 Oriqinum
2025 1546 2185 1599 eccles.
2203 1558 2316 1597 torn.
2336 1565 2383 1598 1v
2399 1586 2414 1610 ,

323 1627 563 1688 obtinent,
623 1643 791 1675 novem
863 1636 1153 1676 recensentur
1173 1663 1187 1686 ‚
1243 1629 1325 1691 qui
1415 1627 1504 1676 lib.
1536 1646 1563 1675 x
1597 1643 1731 1693 seqq.

325 1708 610 1775 Baptismum
647 1708 910 1772 praecedunt
940 1725 953 1755 ε
985 1724 1115 1773 aquae
1152 1707 1323 1772 baptis·
1479 1708 1539 1772 (2)
1576 1707 1866 1774 Antiquiores
1895 1709 2199 1760 Protestantes
2233 1713 2409 1776 ancipi-

325 1790 457 1839 malis
485 1792 790 1849 consecratio,
819 1806 917 1837 mos
941 1789 1202 1854 baptizandi
1223 1798 1329 1836 ante
1412 1799 1481 1838 tes
1510 1792 1631 1838 circa
1673 1808 1807 1839 usum
1841 1794 2084 1840 exorcismi
2120 1795 2168 1840 in
2199 1793 2419 1857 Baptismi

326 1873 449 1921 fores
505 1871 716 1923 Ecclesiae
735 1907 749 1931 ‚
805 1873 1005 1923 nominis
1061 1872 1326 1936 impositio,
1414 1871 1656 1920 collatione
1701 1889 1747 1920 se
1795 1874 2086 1937 praebuerunt
2105 1912 2119 1933 ‚
2168 1874 2267 1922 aliis
2311 1891 2420 1922 eum

333 1953 636 2003 catechismus
655 1990 670 2016 ‚
699 1956 973 2002 exorcismus
988 1989 1000 2012 ‚
1033 1953 1195 2005 frontis
1214 1952 1330 2001 alia·
1415 1954 1597 2016 penitus
1616 1952 1937 2018 abjicientibus
1955 1991 1969 2013 ‚
2008 1955 2108 2002 aliis
2137 1972 2423 2019 propugnan-

329 2050 529 2101 rumque
559 2038 759 2100 ‘partium
791 2034 1076 2100 obsignatio,
1106 2051 1333 2082 manuum
1418 2032 1562 2081 tibus.
1627 2033 1861 2099 Praecipue
1932 2036 2211 2101 improbavit
2267 2035 2421 2102 AEgid.

331 2117 563 2182 impositio
581 2152 597 2178 ,
635 2115 737 2164 salis
763 2116 1014 2182 degustatio
1037 2153 1050 2175 ‚
1095 2116 1245 2164 salivae
1278 2114 1336 2163 ad

336 2216 470 2248 nares
499 2209 543 2246 et
569 2207 698 2247 aures
717 2198 949 2246 delibatio.
970 2183 1175 2261 Quatuor
1193 2199 1337 2245 comi-

335 2289 492 2328 tantur
527 2279 812 2345 Baptismum
830 2316 843 2342 ,
877 2280 1046 2327 scilicet
1072 2315 1085 2341 ,
1115 2278 1338 2326 abrenun-

336 2363 471 2410 ciatio
492 2398 506 2424 ,
541 2364 654 2408 sacri
688 2361 776 2408 olei
806 2363 1011 2407 inunctio
1037 2397 1048 2418 ‚
1083 2360 1190 2407 fidei
1225 2375 1337 2423 pro-

336 2442 470 2491 fessio
487 2452 527 2490 et
547 2444 781 2507 inquisitio
796 2442 1044 2490 voluntatis
1062 2441 1340 2506 baptizandi.

342 2523 457 2572 Tres
521 2524 723 2589 denique
773 2541 879 2573 eum
933 2523 1277 2588 subsequuntur
1325 2538 1339 2569 :

346 2623 519 2670 nempe
534 2606 787 2653 chrismatis
810 2608 1016 2655 inunctio
1035 2642 1048 2665 ‚
1077 2606 1210 2653 vestis
1231 2604 1345 2652 albae

349 2689 580 2752 impositio
633 2698 676 2735 et
724 2688 921 2736 ardentis
967 2691 1085 2736 cerei
1122 2688 1304 2735 traditio
1330 2704 1344 2750 3

287 2781 290 2784 ’
348 2784 450 2836 quae
468 2770 622 2816 omnia
636 2770 685 2815 in
699 2768 871 2816 Rituali
888 2769 1096 2816 Romano
1125 2769 1347 2816 servanda

352 2853 710 2916 praecipiuntur‚
734 2850 791 2905 de,
817 2850 988 2914 quibus
1006 2850 1183 2899 consuli
1204 2858 1351 2914 potest

354 2932 574 2980 Bellarm.
608 2931 688 2978 lib.
720 2930 798 2978 De
838 2930 986 2995 Bapt.
1030 2948 1128 2995 cap.
1169 2948 1274 2979 xxiv
1307 2937 1361 2978 et'

351 3031 483 3079 seqq.
515 3012 585 3060 De
609 3013 683 3060 his
702 3023 912 3077 praeterea
935 3029 988 3060 ac
1014 3013 1071 3060 de
1094 3013 1229 3072 paliis,
1249 3028 1351 3078 quae

356 3095 464 3143 olim
498 3093 791 3154 obtinebant,
813 3111 866 3142 ac
887 3099 1037 3159 postea
1065 3096 1116 3142 in
1145 3095 1355 3141 desuetu-

292 3203 295 3206 >
360 3176 512 3224 dinem
542 3173 773 3235 abierunt,
798 3176 883 3223 cfr.
901 3175 1124 3234 Martem,
1143 3174 1221 3223 De
1234 3176 1357 3222 anti-

358 3259 467 3323 quis
489 3255 628 3305 Eccl.
648 3257 783 3305 ritib.
812 3256 898 3305 lib.
927 3273 942 3304 1
959 3293 971 3315 ‚
1002 3274 1103 3320 cap.
1120 3272 1138 3303 1
1161 3267 1207 3304 et
1225 3274 1354 3321 seqq.

358 3340 584 3404 praecipue
630 3353 735 3387 vero
789 3337 884 3386 Jos.
931 3337 1194 3390 Vicecomes
1211 3371 1228 3397 ‚
1276 3339 1356 3402 qui

363 3421 669 3484 copiosissime
692 3419 748 3466 de
774 3419 847 3467 his
872 3420 1087 3468 omnibus
1104 3421 1192 3483 egit
1207 3421 1255 3465 in
1277 3436 1353 3482 op.

361 3506 522 3568 saepius
536 3502 721 3550 laudato
735 3539 747 3561 ‚
778 3501 856 3549 De
877 3502 1095 3565 antiquis
1110 3502 1360 3566 Baptismi

364 3585 540 3637 ritibus
571 3593 613 3633 et
638 3585 930 3632 ceremoniis.
961 3583 1030 3630 Ex
1070 3583 1361 3631 heterodoxis

363 3669 487 3717 hanc
525 3668 803 3733 provinciam
839 3659 1085 3714 illustravit*
1115 3664 1212 3713 Jos.
1254 3665 1363 3713 Bin-

1421 2114 1664 2173 Hunnius,
1695 2117 1745 2162 in
1786 2115 2026 2163 Thesibus
2061 2117 2117 2163 de
2152 2115 2425 2180 abroqando

1421 2198 1706 2253 exorcismo,
1723 2196 1880 2245 Gerin.
1908 2195 2060 2258 16083
2082 2215 2221 2263 quem
2241 2208 2423 2246 secutus

1423 2287 1489 2325 est
1522 2277 1569 2324 J.
1600 2277 1775 2325 Melch.
1806 2264 1936 2325 Kraft
1956 2314 1970 2337 ‚
2014 2277 2155 2328 Hist.
2200 2278 2257 2326 de
2288 2294 2425 2326 exor-

1423 2360 1599 2418 cismo,
1627 2357 1797 2408 Hamb.
1825 2356 1969 2423 ¹750·
2000 2359 2199 2408 Demum
2216 2359 2422 2424 abrogari

1427 2443 1560 2505 coepit
1586 2457 1675 2489 sec.
1703 2443 1923 2504 superiori
1950 2443 2001 2488 in
2030 2442 2240 2506 pluribus
2269 2458 2427 2489 eorum

1427 2521 1616 2570 coetibus
1632 2559 1642 2576 ,
1661 2532 1711 2568 ut
1730 2517 1866 2570 refert
1880 2522 2098 2588 Wegsch.
2117 2521 2143 2588 S
2163 2521 2271 2588 169,
2291 2541 2342 2570 n.
2359 2523 2430 2586 (i).

1495 2602 1559 2667 (3)
1609 2601 1865 2651 Stimiamo
1895 2641 1910 2661 ‚
1974 2607 2128 2669 inquit
2180 2604 2382 2669 synodus
2413 2640 2427 2663 ‚

1430 2702 1536 2732 sess.
1566 2701 1614 2731 1v
1639 2719 1653 2746 ‚
1685 2684 1741 2731 di
1765 2684 2092 2742 secondaretlo
2119 2686 2289 2749 spirito
2310 2683 2432 2732 della

1435 2765 1608 2812 Chiesa
1642 2802 1654 2824 ‚
1715 2774 2032 2830 rapresentato
2088 2764 2170 2812 dal
2238 2763 2434 2829 qeneral

1437 2845 1652 2893 Concilio
1669 2846 1722 2893 di
1743 2847 1920 2895 Trento
1937 2847 2009 2894 col
2022 2864 2328 2906 aesomnes,
2351 2847 2434 2894 che

1438 2930 1460 2976 i
1490 2928 1675 2975 maschi
1701 2928 1912 2976 abbiano
1939 2928 1980 2977 il
2007 2928 2101 2977 solo
2128 2946 2347 2993 compare
2371 2965 2383 2989 ‚
2410 2945 2435 2976 e

1434 3008 1474 3057 le
1509 3009 1690 3074 semine
1727 3009 1774 3057 la
1810 3010 1907 3058 sola
1951 3027 2150 3058 comare.
2201 3011 2256 3058 Id
2305 3021 2370 3059 est
2417 3027 2432 3058 ε

1436 3090 1797 3139 Existimamm
1831 3108 1917 3139 nos
1959 3092 2280 3141 obsecundare
2323 3090 2438 3156 Spi-

1437 3174 1563 3220 ritui
1596 3172 1857 3234 Ecclesiae,
1897 3191 1927 3221 a
1969 3173 2184 3222 Concilio
2227 3172 2438 3220 Triden-

1437 3255 1537 3301 tino
1569 3263 1912 3319 reproesentatoe
1933 3293 1946 3315 ‚
1990 3272 2313 3303 rsAEscmBswno
2335 3291 2347 3313 ,
2387 3263 2442 3302 ut

1439 3335 1642 3383 masculi
1687 3336 1838 3384 solum
1895 3337 2099 3385 habeant
2138 3338 2399 3401 patrinum
2424 3372 2439 3395 ,

1434 3417 1648 3480 foeminae
1691 3435 1799 3466 vero
1842 3417 1987 3467 solam
2030 3419 2308 3465 matrinam.
2347 3416 2439 3465 Sed

1442 3498 1528 3546 cfr.
1576 3517 1680 3564 quae
1726 3500 1783 3548 de
1819 3502 1909 3548 hoc
1953 3509 2220 3563 argumento
2264 3501 2442 3564 scripsit

1444 3580 1696 3631 Trombelli
1715 3619 1728 3644 ,
1759 3600 1836 3646 op.
1875 3584 1955 3631 cit.
1985 3591 2100 3648 tom.
2131 3598 2167 3628 11
2188 3619 2201 3643 ,
2228 3581 2337 3631 diss.
2365 3598 2412 3630 vr
2429 3617 2442 3641 ‚

1443 3675 1552 3715 sect.
1583 3683 1641 3715 xv
1662 3700 1678 3726 ‚
1721 3675 1879 3732 quaest.
1904 3682 1933 3713 v
1960 3673 2005 3712 et
2025 3681 2150 3729 seqq.
