2502 4186
2081 234 2194 295 145

358 249 482 287 GAP.
529 249 572 285 1.
621 250 689 286 DE
731 251 896 288 REALI
939 251 1158 289 CHRISTI
1203 249 1525 289 PRAESENTlA
1561 248 1618 289 IN
1662 251 1909 291 EUCHAR.

100 399 267 471 perat
307 399 409 447 aut
440 389 720 472 explicat,
755 392 912 473 quod
954 392 1026 453 de
1053 391 1505 451 manducatione
1545 391 1748 450 Carnis
1777 414 1894 453 suae
1933 393 2191 473 dixerat,

99 482 203 542 sed
228 495 428 542 contra
448 484 522 542 ad
546 486 1011 544 confirmandum
1034 486 1256 544 dictum
1279 506 1449 544 suum
1480 485 1656 565 coepit
1678 484 2028 567 distinguere
2043 512 2099 552 v.
2117 491 2197 550 54

99 578 253 636 inter
290 580 538 638 Carnem
574 591 633 638 et
664 582 1012 660 Sanguinem
1040 601 1209 638 suum
1231 622 1246 651 ,
1279 578 1437 658 quod
1474 589 1646 636 antea
1673 601 1795 637 non
1834 581 2046 642 fecerat
2069 629 2085 658 .,
2130 605 2197 644 ac

98 671 374 754 deinceps
407 684 496 732 ter
534 674 597 731 in
636 697 738 735 vv.
782 674 1112 734 immediate
1155 670 1530 753 sequentibus
1577 674 1790 753 repetit
1832 686 1890 734 et
1929 677 2196 739 inculcat.

99 768 341 849 Insuper
364 768 454 826 sin
477 769 668 826 minus
683 768 1061 848 jurejurando
1080 813 1095 842 ,
1137 766 1342 826 saltem
1367 768 1789 828 asseveratione
1813 769 2193 834 vehementer

97 863 558 936 confirmatoria
605 864 762 945 quod
791 863 986 924 docuit
1018 864 1231 922 iterum
1273 860 1520 921 adstruit
1561 861 1685 941 (l),
1733 872 1791 922 et
1835 864 2071 944 quidem
2121 868 2198 928 ad

99 976 333 1015 sensum
362 957 728 1032 auditorum,
778 960 877 1040 qui
906 957 977 1016 de
1005 955 1218 1016 carnali
1251 956 1699 1015 manducatione
1738 952 1859 1034 ejus
1894 958 2072 1018 verba
2103 983 2201 1021 ac-

98 1060 388 1130 ceperant.
427 1052 494 1109 20
526 1054 607 1111 Ex
630 1052 937 1134 epithetiS‚
974 1048 1184 1132 quibus
1220 1049 1479 1118 Christus
1509 1071 1673 1108 suam
1714 1050 2040 1111 doctrinam
2066 1067 2200 1135 post

98 1144 474 1206 offensionem
501 1147 839 1206 Judaeorum
870 1147 1209 1218 confirmat,
1250 1156 1309 1204 et
1345 1166 1417 1204 ex
1450 1144 1656 1226 agendi
1687 1146 1912 1206 ratione
1941 1147 2202 1231 discipu-

96 1237 287 1297 lorum
325 1245 463 1317 ejuS.
507 1241 794 1300 Vixenim
820 1240 1011 1299 Judaei
1037 1238 1353 1298 litteralem
1383 1260 1619 1298 sensum
1664 1240 1955 1299 dictorum
1988 1242 2203 1302 Christi

97 1345 381 1394 sectantes
397 1335 791 1410 offenduntur,
808 1334 950 1392 dum
974 1334 1259 1408 Christus,
1289 1333 1458 1392 nihili
1482 1334 1693 1393 faciens
1708 1355 1911 1394 eorum
1935 1359 2202 1398 murmur

94 1438 153 1487 et
176 1429 511 1488 scandalum
540 1474 556 1502 .,
589 1429 803 1487 insistit
825 1428 1018 1488 dicens
1045 1452 1058 1487 ε
1091 1429 1242 1489 Caro
1264 1450 1395 1487 mea
1424 1450 1551 1487 vere
1579 1441 1662 1488 est
1688 1432 1896 1502 cibus,
1925 1433 2198 1512 Sanqm's

97 1543 265 1582 meus
297 1545 423 1582 vere
448 1534 533 1582 est
552 1534 735 1602 potus
772 1523 863 1603 (2)
883 1569 898 1597 .,
930 1524 1049 1582 imo
1077 1523 1337 1604 phrasim
1373 1534 1608 1581 mutans
1631 1568 1647 1598 ‚
1682 1524 1878 1582 cibum
1904 1537 1962 1583 et
1991 1538 2200 1606 potum

95 1616 266 1675 simul
280 1616 711 1697 complectitur3
731 1617 951 1676 addens
981 1640 994 1674 z
1025 1623 1136 1696 qui
1154 1619 1486 1676 manducat
1500 1639 1591 1675 me
1593 1659 1616 1688 ,
1640 1622 2049 1697 vivetpropter
2076 1642 2201 1693 me,

96 1710 303 1791 quihus
324 1711 581 1794 profecto
609 1710 864 1770 excludit
899 1733 1137 1770 omnem
1173 1711 1518 1770 allusionem
1558 1710 1634 1770 ad
1673 1711 1994 1772 violentam
2034 1736 2201 1774 suam.

94 1817 345 1866 mortem
363 1851 379 1881 ,
402 1817 468 1864 ut
484 1804 746 1887 plerique
769 1817 1158 1888 protestantes
1194 1806 1545 1886 interpretes
1571 1809 1917 1867 recentiores
1941 1809 2199 1889 priorem

93 1909 321 1959 textum
362 1910 665 1982 exponunt
717 1900 824 1980 (3).
873 1899 1042 1973 Quod
1078 1901 1188 1958 rite
1229 1900 1619 1979 intelligentes
1671 1901 1882 1960 Christi
1923 1902 2193 1982 discipuli

93 1994 462 2053 scandalizati
483 2005 650 2071 sunt,
677 1994 931 2054 dicentes
957 2018 971 2051 ε
1003 1996 1219 2053 Durus
1243 2006 1326 2053 est
1352 1996 1454 2053 hio
1473 2016 1661 2053 sermo
1685 2041 1700 2070 ,
1745 1997 1904 2055 idest
1924 2041 1939 2071 ,
1983 2019 2198 2076 asper,

91 2088 402 2148 horribilis
431 2089 519 2170 (4)
542 2133 558 2164 ,
586 2090 666 2148 ita
693 2101 759 2148 ut
789 2111 910 2148 non
938 2089 1254 2166 adjecerint
1287 2112 1300 2147 z
1342 2090 1491 2169 Quis
1513 2101 1704 2169 potest
1728 2093 1881 2150 talia
1917 2093 2151 2151 credere
2169 2090 2198 2150 5²

90 2181 192 2241 sed
226 2204 240 2240 ε
281 2184 427 2264 Quis
442 2194 635 2263 potest
654 2205 789 2243 eum
818 2185 1032 2243 audire
1054 2184 1185 2264 (5)?
1217 2182 1283 2242 30
1310 2185 1390 2245 Ex
1419 2185 1727 2261 miracu10.,
1769 2207 1884 2266 quo
1928 2186 2192 2245 Christus

157 2356 231 2424 (l)
255 2357 453 2423 Optimae
467 2363 589 2406 notae
603 2358 824 2423 philologi
836 2358 1097 2418 observant,

90 2439 279 2504 phrasin
297 2440 453 2487 Amen
470 2477 483 2500 ,
515 2455 655 2486 amen
685 2439 790 2487 dico
816 2440 949 2487 vobis
966 2477 979 2500 ‚
1008 2451 1097 2488 etc.

91 2537 186 2568 non
216 2538 306 2569 esse
332 2520 674 2585 juramentum,
700 2521 780 2570 sed
808 2523 1098 2569 asseveratio-

91 2617 200 2650 nem
227 2603 522 2651 vehementer
550 2602 924 2650 confirmantem.
951 2601 1098 2651 Jndaei

94 2693 258 2732 vocant
294 2684 721 2732 corroborationem
764 2694 809 2732 et
847 2684 1098 2747 confirma-

95 2773 270 2819 tionem
309 2773 428 2821 dicti
461 2767 648 2842 1727’537
688 2766 919 2822 *mmm
940 2768 1094 2842 βΠΠ.

99 2847 194 2895 cfr.
223 2846 382 2909 Glass,
413 2846 685 2911 Philoloqia
711 2863 848 2895 sacra
877 2846 952 2895 his
980 2856 1096 2894 tem-

84 2927 286 2994 poribus
310 2929 694 2987 accommodata,
735 2939 849 2977 tom.
883 2944 934 2989 1,
968 2930 1095 2994 Lips.

101 3006 255 3074 1776,
291 2994 345 3073 ‚p·
375 3009 492 3076 397,
524 3008 592 3057 In
614 3009 940 3074 confirmando
961 3046 976 3073 ,
1005 3022 1095 3060 etc·

163 3091 226 3154 (Ξ)
264 3089 339 3140 Gr.
355 3088 562 3145 Ἀλιίθως
583 3129 596 3152 ,
622 3109 727 3140 vere
743 3129 756 3152 ‚
776 3095 825 3140 in
845 3092 1000 3141 multis
1027 3103 1098 3141 ta-

97 3190 205 3221 men
232 3172 344 3222 MsS.
387 3177 568 3239 optimae
607 3187 764 3236 notae,
811 3175 1098 3224 versionibus

98 3261 145 3304 et
174 3255 384 3303 Patribus
412 3294 424 3317 ‚
461 3256 623 3320 legitur
663 3258 829 3322 adject.
883 3255 1062 3318 ἀλήθης
1082 3293 1096 3317 ,

100 3353 229 3386 vera.
272 3338 371 3387 cfr.
401 3337 665 3387 Griesbach.
694 3342 745 3386 in
772 3339 899 3386 hunc
927 3339 1017 3387 loc.

173 3417 236 3482 (3)
273 3419 350 3468 Uti
375 3419 692 3468 Rosenmiiller
707 3456 721 3480 ‚
743 3419 966 3478 Kuinoel‚
983 3420 1103 3468 Titt-

106 3516 249 3548 mann
275 3538 289 3561 ,
344 3501 552 3550 Tholuck
574 3539 588 3562 ,
641 3501 813 3565 Lampe
836 3536 849 3560 ,
898 3498 1065 3549 Schulz
1082 3536 1100 3564 ‚

107 3581 377 3631 Bloomfleld
397 3619 412 3647 ,
438 3583 600 3649 Eseley
618 3618 633 3643 ,
669 3593 758 3632 etc.
790 3583 841 3629 in
870 3597 1106 3662 commen-

110 3665 234 3712 tariis
261 3667 311 3712 in
337 3665 427 3714 hoc
449 3675 604 3731 caput.

179 3745 257 3872 ‘'l')
265 3746 449 3876 Cipffo,
436 3746 677 3817 ,Philzpffi
689 3759 797 3811 vm,
812 3746 948 3799 simili
964 3745 1116 3813 phrasi

1181 2360 1328 2408 utitur
1359 2375 1373 2406 z
1402 2361 1470 2406 In
1496 2359 1772 2423 reipublicoe
1795 2375 2015 2425 corpore,
2044 2369 2100 2407 ut
2125 2368 2197 2409 to-

1179 2448 1280 2487 tum
1304 2437 1488 2487 salvum
1515 2442 1578 2486 sit
1594 2477 1606 2500 ‚
1643 2439 1880 2504 quidquid
1910 2448 1979 2488 est
1991 2442 2192 2508 pestife-

1179 2537 1288 2567 rum
1309 2528 1598 2585 amputetur.
1621 2519 1759 2568 Dura
1783 2537 1893 2570 vox.
1922 2519 2077 2570 Multo
2103 2521 2189 2571 illa

1180 2601 1380 2649 durior:
1406 2601 1543 2649 Salvi
1568 2603 1670 2649 sint
1689 2602 1922 2666 improbi,
1945 2602 2185 2666 scelerati,

1180 2684 1343 2747 impii.
1372 2682 1629 2732 Demetrius
1662 2683 1733 2730 his
1770 2684 1919 2731 verbis
1956 2682 2185 2739 εἈπ-ἧνης

1183 2761 1302 2816 οἶτος
1332 2765 1351 2813 ὅ
1373 2763 1507 2823 λέγος
1531 2760 1610 2812 καὶ
1626 2762 1816 2829 σκλῆρος
1832 2803 1845 2825 ,
1872 2766 2031 2823 eodem
2050 2783 2187 2814 seusu

1182 2849 1359 2906 utitur,
1398 2847 1568 2894 scilicet
1607 2846 1664 2894 de
1695 2856 1922 2911 praecepto
1970 2848 2082 2894 aciei
2104 2864 2182 2894 or-

1180 2929 1337 2976 dinem
1352 2927 1562 2975 servandi
1581 2945 1605 2975 a
1629 2928 1857 2975 militibus
1877 2927 1982 2974 dato
2000 2963 2013 2986 ,
2046 2929 2186 2976 etiam

1180 3026 1286 3057 cum
1310 3008 1510 3072 periculo
1529 3025 1587 3056 ne
1605 3008 1663 3056 ab
1681 3009 1888 3057 hostibus
1902 3008 2183 3055 occidantur.

1181 3090 1280 3138 Alia
1295 3090 1504 3154 exempla
1528 3090 1613 3138 cfr.
1641 3092 1691 3137 in
1720 3089 1921 3137 Critt‘cis
1935 3089 2112 3149 morie,
2132 3090 2184 3136 in

1180 3172 1306 3219 hunc
1332 3171 1423 3219 loc.

1251 3254 1313 3316 (5)
1340 3253 1463 3301 Hinc
1473 3251 1520 3301 S.
1530 3252 1667 3301 Joan.
1682 3249 2068 3316 Chrysost.Hom.
2086 3264 2181 3311 nv,

1183 3334 1256 3385 ali.
1271 3350 1350 3383 mu
1364 3371 1378 3395 ,
1403 3337 1458 3382 in
1473 3336 1617 3383 Joan.
1637 3352 1685 3381 n.
1707 3332 1757 3394 3,
1786 3350 1943 3381 vocem
1959 3329 2183 3381 δύναιο-θαι

1185 3427 1331 3484 aequat
1357 3414 1609 3476 βούλεο-θαι
1643 3417 1902 3464 εἘνταιὶἷᾶοι
1931 3411 1982 3463 ‘to'
2012 3410 2080 3477 μ»)
2107 3411 2185 3461 θό-

1186 3503 1353 3549 νοισ-θωι
1366 3538 1379 3561 ‚
1392 3495 1443 3548 τι)
1456 3495 1522 3562 pan*
1534 3493 1791 3558 βούλεσθαί
1806 3498 1938 3546 ἔστιν.
1950 3494 2011 3544 Et
2029 3495 2149 3543 infra
2168 3529 2182 3553 ,

1186 3584 1316 3649 Ὀρᾷς
1339 3578 1402 3630 ἔτι
1423 3579 1476 3631 τὲ
1492 3621 1505 3644 ,
1528 3584 1571 3630 ου’
1601 3578 1801 3629 Mimas
1817 3617 1830 3640 ,
1853 3575 1907 3627 τὲ
1932 3573 1998 3639 μη*
2019 3572 2150 3624 θέλει
2168 3611 2186 3637 ,

1194 3663 1351 3730 λέγεις
1382 3674 1497 3715 tom.
1532 3678 1641 3725 vm,
1673 3680 1724 3728 p.
1756 3660 1871 3726 319.

1850 3805 1924 3863 10
