2502 4186
601 238 722 273 CAP.
772 235 851 275 1v.
892 237 960 272 ne
1002 235 1301 284 nimiunn,
1347 231 1529 285 vocs,
1576 231 1697 268 Ere.
2097 210 2214 270 347

104 382 266 464 quod
315 382 616 440 declarent
640 427 656 458 ‚
716 365 926 440 diebus
963 384 1307 460 praesertim
1365 378 1689 446 dominici-5
1737 386 1793 433 et
1836 378 2091 455 festivis.
2143 378 2217 436 Et

104 498 232 538 can.
275 476 354 534 IX
387 498 400 533 ε
434 477 506 534 Si
535 479 673 555 quis
704 476 999 534 dimerit...
1033 476 1248 552 linqua
1289 483 1528 531 tantum
1562 474 1809 550 vulyari
1837 473 2093 533 Missam
2123 493 2218 533 ce-

104 572 344 630 lebrari
369 571 572 629 dehere
584 613 607 641 ,
641 570 964 628 anatliema
994 572 1090 628 sic.
1121 568 1203 625 Ex
1234 566 1324 625 his
1345 576 1507 647 patet
1525 611 1541 639 ‚
1571 565 1780 625 merito
1804 565 1865 624 in
1898 567 2219 627 Constitut..

113 666 472 745 Uniqeni‘tns
506 665 891 746 proscriptam
944 684 1066 723 esse
1095 661 1553 743 propositionem
1572 661 1853 720 LXXXVI
1881 661 2176 734 Quesnelli
2196 708 2214 739 .,

105 781 235 841 quae
259 760 338 819 ita
363 757 617 818 sehabet
651 781 664 816 z
694 760 954 838 Eripere
977 757 1244 836 simplici
1251 758 1475 835 populo
1497 756 1602 814 hoc
1619 758 2226 836 solatiumjunyendi

103 847 295 914 vocem
334 875 512 912 suam
556 858 686 912 voci
729 857 912 913 totius
955 853 1271 922 Ecclesioe,
1318 862 1405 910 est
1447 872 1595 910 usus
1639 856 1985 909 contrarius
2023 857 2224 930 praxi

103 949 432 1028 apostolicae
452 959 507 1005 et
532 952 859 1006 intentioni
877 950 1001 1008 Dei
1009 971 1030 1013 ;
1058 957 1116 1006 et
1134 946 1195 1004 in
1214 945 1459 1007 Constit.
1483 946 1816 1007 Auctorum
1838 945 1988 1022 fidei
2008 946 2218 1005 merito

102 1042 322 1124 pariter
346 1043 732 1124 proscriptam
770 1062 892 1101 esse
925 1040 1192 1117 eamdem
1217 1040 1425 1121 synodi
1458 1040 1826 1099 pistoriensis
1846 1038 2171 1099 doctrinam
2199 1085 2215 1115 ‚

102 1158 231 1218 quae
269 1137 359 1195 his
410 1136 604 1198 verbis
648 1135 953 1196 exhibetur
996 1158 1009 1193 ε
1051 1137 1390 1215 Propositio
1427 1137 1677 1215 synodi,
1727 1157 1849 1214 qua
1895 1156 2111 1214 cupere
2161 1157 2220 1194 se

100 1234 371 1304 ostendit,
389 1243 459 1291 ut
474 1253 670 1292 causoe
689 1233 1051 1305 tollerentur,
1060 1228 1335 1310 perq'uas
1351 1252 1422 1290 ea:
1433 1242 1609 1311 parte
1624 1230 1878 1289 inducta
1901 1240 1985 1288 est
2003 1231 2220 1289 oblivio

90 1332 551 1406 principiorum
585 1328 670 1386 ad
693 1328 958 1406 lituryioe
999 1327 1272 1386 ordinem
1307 1330 1743 1405 spectantium,
1784 1326 2109 1384 revocando
2149 1327 2221 1384 il-

101 1424 225 1480 lam
265 1424 352 1481 ad
390 1428 679 1501 majorem
714 1425 953 1480 rituum
1000 1423 1482 1501 simplicitatem,
1537 1442 1669 1479 eam
1711 1421 1957 1499 vulyari
2002 1420 2218 1500 linqua

100 1519 438 1597 exponendo
466 1529 521 1576 et
545 1519 669 1576 alta
692 1538 823 1576 voce
837 1517 1199 1596 proferendo
1238 1516 1440 1597 (prop.
1468 1507 1769 1597 XXXIII).
1814 1513 2014 1573 Ambae
2051 1517 2212 1574 enim

101 1610 192 1672 hae
223 1613 646 1694 propositiones
672 1611 1055 1674 adversantur
1087 1609 1364 1669 doctrinae
1395 1608 1631 1668 Concilii
1654 1609 2008 1690 Tridentini.

181 1706 320 1766 389.
369 1709 545 1766 Porro
566 1752 581 1782 ,
607 1727 714 1765 nec
742 1705 915 1764 licere
947 1725 1140 1785 neque
1165 1703 1438 1785 expedire
1459 1749 1475 1780 7
1502 1702 1699 1782 lingua
1721 1713 1958 1761 tantum
1995 1701 2222 1782 vulgari

99 1803 331 1861 Missam
369 1800 697 1876 celebrare,
743 1800 851 1859 hac
887 1799 1112 1859 ratione
1141 1799 1428 1859 evincitur
1466 1820 1482 1856 t
1530 1801 1648 1857 Nec
1672 1797 1807 1856 licet
1840 1818 1948 1857 nec
1984 1796 2222 1879 expedit

97 1896 185 1973 id,
212 1896 370 1978 quod
397 1896 739 1956 adversatur
759 1895 1019 1955 Ecclesiae
1045 1894 1265 1976 legibus
1285 1895 1587 1978 ‚antiquae
1617 1895 1761 1953 item
1795 1905 1853 1952 et
1881 1891 2099 1975 ubique
2125 1914 2221 1953 re-

97 2002 278 2073 ceptae
318 1991 766 2067 consuetudini,
802 1991 1077 2072 quodque
1114 1990 1272 2049 haud
1311 1989 1537 2050 levibus
1564 1988 1948 2048 incommodis
1975 2010 2039 2048 ac
2062 1989 2221 2071 peri-

98 2085 240 2145 culis
280 2085 745 2155 obnoxium-est.
786 2086 923 2145 Tale
966 2097 1162 2144 autem
1198 2096 1286 2144 est
1324 2084 1792 2145 adversariorum
1829 2084 2212 2166 principium.

99 2182 354 2257 Etenim,
377 2182 536 2262 quod
553 2193 775 2264 spectat
793 2179 868 2240 ad
891 2179 1150 2240 Ecclesiae
1172 2179 1347 2260 leges,
1376 2181 1514 2240 satis
1545 2180 1607 2239 id
1629 2191 1856 2240 constat
1884 2201 1955 2239 ex
1981 2179 2222 2238 Triden-

100 2276 208 2333 tini
244 2276 480 2335 Concilii
520 2277 766 2336 decretis
787 2323 803 2352 ,
842 2297 968 2358 quae
1008 2275 1307 2335 attulimus
1329 2322 1344 2352 ,
1376 2287 1549 2359 atque
1582 2298 1652 2336 ex
1695 2274 2222 2335 Constitutionibus

101 2372 430 2451 pontificiiS.
471 2372 637 2445 Quod
677 2394 813 2434 vero
854 2375 1063 2431 attinet
1098 2372 1171 2430 ad
1207 2374 1510 2454 antiquam
1555 2384 1614 2432 et
1656 2371 1872 2453 ubique
1920 2381 2220 2452 receptam

102 2466 361 2524 Ecclesiae
395 2469 624 2548 praxim
654 2479 712 2526 et
745 2468 1225 2527 consuetudinem
1249 2513 1264 2541 ,
1297 2467 1529 2527 abunde
1560 2466 1743 2549 liquet
1764 2489 1834 2526 ex
1868 2467 2031 2525 factis
2060 2466 2218 2548 ipsis,

105 2562 255 2620 Nam
288 2561 350 2619 in
387 2561 647 2621 Ecclesiis
676 2562 1126 2622 occidentalibus
1165 2584 1396 2644 semper
1423 2563 1606 2641 viguit
1642 2584 1778 2621 usus
1805 2562 2039 2620 Missam
2070 2559 2223 2619 cele-

104 2653 314 2714 brandi
349 2656 529 2716 latina
567 2657 798 2738 lingu33
844 2659 904 2715 in
951 2657 1208 2717 Ecclesiis
1249 2679 1387 2717 vero
1424 2657 1801 2716 orientalibus
1841 2656 2033 2715 adhuc
2070 2654 2226 2714 cele-

103 2749 307 2810 bratur
340 2743 532 2819 'Missa
581 2766 681 2812 aut
724 2753 921 2834 lingua
977 2775 1157 2833 graeca
1201 2755 1473 2835 antiqua,
1528 2765 1626 2812 aut
1674 2754 1916 2834 antiqua
1971 2752 2220 2831 syriaca,

77 2844 79 2847 ’
106 2848 326 2928 coptica
348 2893 363 2921 ,
398 2871 665 2925 armena,
698 2863 808 2928 etc.
835 2897 850 2926 7
884 2852 1151 2933 quamvis
1181 2873 1384 2911 omnes
1414 2850 1621 2932 linguae
1650 2852 1775 2909 istae
1808 2849 2070 2929 vulgares
2099 2869 2224 2907 esse

107 2965 137 3001 a
173 2942 436 3025 pluribus
463 2946 665 3005 seculis
700 2947 1010 3023 desierint,
1056 2948 1140 3005 uti
1172 2947 1427 3007 ostendit
1463 2945 1859 3006 Renaudotius
1883 2944 1994 3024 (l).
2039 2945 2224 3002 Nemo

111 3050 305 3097 autem
343 3060 526 3120 usque
561 3041 636 3099 ad
677 3042 1302 3121 pseudoreformatores
1345 3041 1703 3101 reclamavit.
1761 3039 1928 3115 Quod
1980 3038 2225 3097 demum

108 3134 719 3214 respicitincommoda
735 3147 792 3194 et
811 3137 1086 3216 pericula,
1112 3150 1274 3220 patet
1303 3140 1360 3195 10
1384 3160 1559 3212 eer,
1578 3137 1735 3218 quod
1758 3158 1893 3194 usus
1919 3135 2225 3192 Sacrorum

105 3227 315 3308 linguis
341 3231 660 3290 vernaculis
690 3234 897 3291 unitati
930 3233 1066 3293 fidei
1087 3279 1103 3308 ,
1134 3235 1423 3315 religionis
1446 3280 1461 3309 7
1494 3235 1789 3293 charitatis
1820 3232 2225 3311 societatisque

176 3447 248 3512 (l)
282 3449 474 3513 Liturq.
511 3451 678 3498 orient.
709 3449 884 3498 collect.
931 3462 1045 3500 tom.
1069 3471 1083 3500 1
1104 3490 1118 3514 ‚
1203 3454 1415 3502 nonnulli
1434 3464 1812 3514 statuerunt‚tres
1827 3465 2005 3502 tantum
2024 3454 2225 3516 linguas,

109 3530 286 3578 dissert.
320 3530 398 3603 De
430 3531 738 3595 lituryiarum
766 3534 988 3582 oriental.
1025 3537 1122 3583 ori·
1205 3536 1463 3584 hebraicam
1482 3574 1494 3596 ‚
1523 3553 1712 3601 graecam
1735 3549 1777 3584 ct
1809 3537 2030 3595 latinam,
2053 3533 2251 3599 quibus-

113 3613 228 3672 9ine
245 3622 287 3660 et
300 3616 602 3677 auctoritate,
617 3633 720 3680 cap.
739 3614 787 3676 6;
807 3618 886 3664 ubi
907 3629 1060 3666 tamen
1081 3629 1127 3668 et
1206 3620 1366 3669 titulus
1390 3624 1536 3668 crucis
1559 3624 1802 3684 inscriptus
1830 3620 1918 3666 fuit
1937 3653 1951 3675 ‚
1978 3622 2027 3664 in
2043 3615 2225 3678 liturgia

113 3692 227 3741 illud
259 3699 455 3745 ostendit
499 3716 521 3745 a
563 3716 667 3746 vero
694 3699 938 3747 abhorrere
959 3737 972 3760 ,
1000 3703 1124 3766 quod
1192 3692 1477 3749 'celebranda
1497 3712 1733 3765 usurpatas
1762 3701 1914 3747 fuisse.
