2502 4186
318 178 436 238 404
518 168 519 172 ’
932 190 1259 231 ’rammi-us
1303 194 1372 229 m:
1415 185 1808 232 ronmrmrru:

318 339 586 398 Ceterum
603 377 619 406 .,
650 331 698 390 si
711 331 1073 390 Jansenistas
1091 375 1107 405 .,
1136 331 1234 412 qui
1257 331 1376 390 fere
1398 330 1719 390 obsoletam
1742 330 1890 389 hanc
1911 331 2231 394 doctrinam
2252 358 2413 395 suam

314 431 576 490 fecerunt
593 471 609 500 ,
627 435 686 486 et
705 446 918 507 paucos
941 424 1264 491 admodum
1279 424 1595 506 Theologos
1617 425 1866 506 excipias
1890 470 1905 500 ,
1924 426 2228 504 Catholici,
2252 442 2417 512 quot·

315 533 456 603 quot
492 530 631 579 sunt
650 565 668 595 .,
687 518 772 588 fab
787 541 864 579 ea
897 531 1284 585 recesserunt.

390 615 494 691 91.
541 610 840 694 sicigitur
868 614 1279 695 propositionis
1316 625 1536 676 nostrae
1566 614 1875 674 veritatem
1911 615 2262 676 adstruimus
2291 641 2304 676 z
2339 622 2418 678 Ex

313 709 566 771 Concilio
590 707 1099 781 TridentinobseSS.
1136 710 1302 784 XIV,
1341 731 1469 790 cap.
1503 711 1606 785 lv,
1637 709 1855 790 duplex
1885 709 2256 791 distinguitur
2281 732 2421 772 con·

311 805 469 865 tritio
496 827 509 862 :
535 803 718 864 altera
737 849 752 879 a
774 824 904 885 quae
925 802 1549 884 aliquandocharitate
1576 803 1831 885 perfecta
1860 815 1948 863 est
1966 850 1982 878 ,
2008 805 2423 888 hominemque
2490 834 2494 837 ·

308 921 442 959 cum
466 901 588 959 Deo
615 897 950 958 reconciliat
967 942 983 972 ,
1011 899 1354 980 priusquam
1392 899 1837 957 Sacramentum
1876 910 2007 958 actu
2020 928 2024 944 2
2042 902 2418 983 suscipiatur3

305 994 489 1054 altera
515 993 854 1076 imperfecta
872 1036 888 1068 .,
916 1013 1042 1074 quae
1061 1037 1077 1067 ‚
1103 993 1372 1074 quamvis
1395 993 1520 1052 sine
1541 995 1916 1052 Sacramento
1936 1015 2043 1075 per
2064 1017 2124 1055 se
2151 997 2224 1055 ad
2252 998 2422 1076 justi-

306 1089 635 1150 ficationem
670 1087 988 1170 perducere
1025 1099 1388 1168 peccatorem
1423 1099 1678 1168 nequeat
1702 1132 1719 1163 ,
1771 1109 1908 1147 eum
1952 1100 2153 1148 tamen
2197 1092 2274 1151 ad
2312 1092 2415 1150 Dei

304 1185 548 1266 gratiam
579 1185 649 1242 -in
682 1185 1059 1254 Sacramenhto
1095 1183 1464 1268 Poenitentiae
1493 1184 1930 1265 impetrandam
1958 1184 2237 1266 disponit.
2276 1189 2422 1269 Sup-

301 1279 469 1361 ponit
490 1278 664 1359 igitur
686 1276 1096 1337 Tridentinum
1124 1299 1188 1337 ac
1225 1299 1333 1360 pro
1371 1290 1528 1337 certo
1558 1278 1739 1339 habet
1762 1326 1778 1354 ,
1819 1280 1880 1338 10
1910 1302 2033 1339 non
2071 1302 2192 1341 esse
2221 1303 2425 1342 neces-

305 1374 515 1434 sariam
551 1373 872 1456 perfectam
911 1373 1326 1432 contritionem
1371 1372 1446 1431 ad
1480 1374 1922 1434 Sacramentum
1963 1375 2074 1435 rite
2101 1377 2424 1458 suscipien-

308 1469 486 1544 dum3
517 1468 789 1550 alioquin·
811 1489 933 1548 non
958 1466 1288 1547 aliquando
1323 1466 1662 1545 dumtaxat,
1703 1468 1807 1528 sed
1852 1491 2085 1549 semper
2118 1481 2420 1552 peccator,

303 1565 641 1647 priusquam
657 1564 1091 1635 Sacramentum
1115 1572 1245 1621 actu
1269 1563 1584 1644 susciperet
1599 1608 1614 1636 a
1630 1564 1978 1641 justificatus
2000 1564 2150 1624 foret
2168 1591 2184 1639 ς
2202 1567 2268 1623 20
2284 1588 2424 1648 pec-

305 1670 559 1719 catorem
597 1656 768 1737 vulgo
806 1654 880 1714 ad
902 1657 1387 1736 ¹justificationem
1423 1657 1661 1738 perduci
1700 1658 1765 1716 in
1802 1659 2185 1719 Sacramento
2226 1663 2426 1721 Poeni-

308 1753 504 1814 tentiae
542 1773 648 1835 per
705 1750 887 1810 solam
934 1752 1344 1811 contritionem
1389 1752 1794 1833 imperfectam
1853 1754 1976 1813 sive
2028 1755 2409 1815 attritionem.

309 1850 453 1921 Quae
480 1846 715 1928 quidem
744 1847 1167 1906 confirmantur
1197 1867 1266 1905 ex
1302 1846 1664 1906 Catechismo
1699 1849 1865 1906 Rom.
1904 1849 2004 1929 qui
2039 1850 2194 1908 inter
2233 1862 2421 1910 cetera

306 1943 432 2002 haec
456 1941 638 2001 habet
661 1963 675 1999 ε
707 1942 875 2021 Quin
895 1946 1111 2013 etiam,
1140 1944 1346 2000 statim
1372 1952 1443 1999 ut
1467 1962 1600 1999 eam
1621 1942 2057 2020 (contritionem
2075 1943 2417 2025 perfectam)

305 2039 608 2097 mentibus
630 2040 853 2096 'nostris
886 2040 1295 2116 concepimus,
1323 2046 1709 2115 peccatorum
1745 2041 2351 2111 remissionem-nohis
2383 2064 2423 2100 a

307 2135 432 2193 Deo
466 2134 724 2192 tribui...
759 2132 1069 2212 Propheta·
1108 2132 1287 2189 verba
1328 2133 1435 2189 illa
1480 2132 1794 2190 declarant
1817 2157 1834 2190 :
1869 2133 2029 2191 Dioei
2056 2159 2074 2191 .·
2111 2136 2425 2213 confitebor

306 2230 626 2288 adversum
656 2248 749 2286 me
783 2232 1158 2306 injustitiam
1198 2247 1396 2285 meam
1437 2228 1698 2286 Domino
1710 2270 1734 2300 ,
1785 2238 1844 2287 et
1881 2239 1949 2286 tu
1985 2233 2270 2289 remisisti
2300 2236 2421 2290 im-

295 2328 582 2403 pietatem
602 2327 843 2402 peccati
864 2327 1001 2381 mei.
1039 2324 1236 2401 Atque
1270 2327 1399 2399 ejas
1425 2326 1521 2380 rei
1539 2323 1812 2402 fi'yuram
1846 2327 1915 2381 in
1951 2324 2145 2383 decem
2178 2315 2420 2406 leprosis

305 2418 884 2491 animadvertimus,
927 2421 1040 2495 qui
1075 2439 1115 2475 a
1147 2417 1450 2476 Salvatore
1494 2427 1691 2475 nostro
1733 2419 1819 2475 ad
1840 2412 2176 2478 Sacerdotes
2209 2424 2415 2492 missi,

306 2524 630 2591 antequam
660 2512 746 2570 ad
788 2513 920 2570 illos
948 2517 1368 2590 pervenirent,
1412 2534 1452 2570 a
1485 2513 1655 2591 lepra
1689 2513 1933 2570 liberati
1965 2524 2125 2572 sunt.
2168 2510 2271 2573 Ea'
2301 2536 2416 2593 qno

308 2609 442 2666 licet
462 2600 820 2686 coynoscere,
848 2626 999 2665 veroe
1031 2610 1407 2665 contritionis
1436 2627 1569 2664 eam
1595 2611 1716 2664 vim
1749 2628 1863 2665 esse
1876 2650 1899 2679 ,
1937 2618 2010 2665 nt
2039 2609 2208 2666 illins
2243 2611 2415 2667 hene-

299 2702 438 2779 ficio
481 2697 756 2760 omnium
804 2701 1158 2759 delictorum
1208 2697 1444 2760 veniam
1498 2705 1702 2758 statim
1750 2722 1790 2759 a
1826 2702 2085 2760 Domino
2135 2705 2417 2782 impetre-

254 2865 256 2867 ,
308 2817 447 2855 mus
474 2795 584 2873 (1).
623 2796 770 2854 Cum
796 2816 935 2856 vero
970 2795 1130 2855 idem
1160 2794 1552 2870 Catechismus
1581 2795 1796 2876 passim
1837 2795 2041 2855 doceat
2060 2841 2075 2871 a
2104 2819 2208 2877 per
2234 2797 2413 2859 verba

308 2887 681 2948 absolutionis
697 2888 943 2948 relaxari
965 2900 1333 2971 peccatorum
1350 2888 1581 2950 vincula
1603 2934 1618 2963 ‚
1638 2911 1745 2970 pro
1763 2901 1920 2949 certo
1942 2891 2188 2973 proinde
2205 2892 2409 2969 habet,

307 3005 430 3042 non
462 3004 584 3043 esse
623 2984 1004 3043 necessariam
1040 2983 1450 3045 contritionem
1484 2984 1804 3064 perfectam
1840 2986 1916 3044 ad
1950 2987 2063 3047 rite
2097 2988 2431 3070 suscipien--

307 3077 451 3137 dum
483 3080 943 3139 Sacramentum.

388 3173 488 3231 92.
536 3173 624 3232 Ad
645 3173 764 3233 haec
798 3175 1041 3249 accedit,
1067 3174 1406 3259 damnatam
1436 3188 1556 3234 esse
1582 3197 1750 3257 prop.
1783 3177 1962 3236 LVIII
1985 3179 2105 3256 Baji
2125 3223 2140 3252 ,
2173 3198 2298 3260 quae
2330 3180 2410 3240 ita

305 3288 366 3327 se
400 3265 581 3326 habet
616 3289 631 3326 t
672 3269 955 3329 Peccator
970 3274 1268 3349 poenitens
1291 3291 1411 3328 non
1449 3272 1794 3349 vivificatur
1831 3275 2165 3332 ministerio
2200 3276 2409 3333 Sacer-

305 3363 458 3420 dotis
487 3362 835 3421 ahsolventis
853 3405 873 3431 ,
917 3365 1021 3422 sed
1056 3386 1096 3423 a
1130 3365 1245 3422 solo
1278 3365 1397 3423 Deo
1414 3408 1438 3437 ,
1484 3364 1595 3445 qui
1626 3371 2051 3446 poenitentiam
2096 3389 2408 3449 suqqerens

305 3467 360 3516 et
390 3460 706 3536 inspirans
738 3457 1000 3533 vivificat
1023 3479 1161 3516 enm
1201 3469 1255 3516 et
1292 3465 1637 3535 resuscitat3
1689 3465 2024 3522 ministerio
2061 3473 2262 3522 autem
2289 3462 2405 3521 Sa-

371 3631 437 3696 (l)
472 3631 591 3681 Part.
621 3650 655 3681 n
673 3669 686 3696 ,
708 3633 811 3699 cap.
844 3632 874 3684 5
900 3668 914 3694 ,
937 3650 987 3683 n.
1012 3633 1095 3682 30.
