2502 4186
306 212 422 273 454
934 229 1256 266 'suenrus
1298 231 1366 266 nn
1410 231 1545 267 pom
1557 226 1800 270 ΠΕΝΤῙΑ.

383 374 526 434 221.
553 372 633 430 40»
652 367 916 431 Observo
940 389 1073 428 cum
1097 369 1184 429 Cl.
1222 370 1533 431 Marchet-ti
1562 369 1685 452 (1)τ
1715 382 1980 430 accurate
1997 373 2418 434 secerne'ndam

303 490 424 531 esse
453 466 684 549 praxim
707 475 769 524 et
786 463 1159 546 disciplinam
1177 463 1441 525 Ecclesiae
1465 465 1806 524 universalis
1835 466 1981 525 circa
2006 467 2422 528 Poenitentiam

303 562 639 623 canonicam
667 581 700 618 a
735 559 905 641 praxi
950 569 1010 618 et
1058 558 1364 641 disciplina
1416 559 1798 619 Ecclesiaru'm
1827 559 2268 640 particularium
2286 609 2302 637 7
2355 585 2420 623 ac

301 655 550 740 proinde
586 675 836 715 canones
883 663 942 712 et
983 652 1218 714 decreta
1257 654 1520 714 Ecclesiae
1558 655 1904 715 universalis
1944 677 1976 713 a
2015 655 2333 715 canonibus
2365 670 2425 718 et

305 750 550 825 decretis
579 750 816 828 alicujus
841 749 1105 830 Episcopi
1133 793 1150 824 7
1175 748 1272 810 vel
1299 748 1541 808 Concilii
1561 794 1576 824 7
1614 749 1710 809 vel
1738 749 1999 808 Ecclesioe
2026 749 2422 831 particular-ie,

307 859 365 908 et
390 846 627 929 quidem
652 847 877 904 ratione
904 843 1103 903 habita
1130 843 1494 904 diversorum
1518 855 1880 924 temporum.
1909 846 2046 904 Haec
2064 846 2224 904 enim
2253 845 2427 904 simul

307 942 506 1002 omnia
534 940 871 1020 permisceri
906 961 1027 998 non
1058 938 1280 998 debent
1302 984 1319 1014 7
1357 951 1424 997 ut
1461 939 1659 1021 plures
1697 939 1888 998 solent
1924 961 1991 999 ea
2024 939 2381 999 confundere
2407 985 2423 1016 7

305 1049 374 1097 ut
388 1037 526 1097 inde
552 1047 812 1095 statuant
834 1046 1008 1116 atque
1034 1034 1343 1110 definiant7
1369 1036 1651 1094 Ecclesiae
1676 1040 1884 1100 veteris
1905 1079 1921 1110 7
1948 1045 2016 1092 ut
2044 1035 2152 1115 ipsi
2181 1034 2430 1116 loquun-

305 1143 406 1192 tur
423 1177 440 1208 7
467 1131 839 1213 *disciplinam
859 1131 940 1188 ita
955 1151 1014 1189 se
1038 1129 1309 1190 habuisse
1333 1130 1478 1189 circa
1497 1130 1877 1202 Poenitentias
1895 1130 2216 1189 canonicas,
2237 1131 2386 1189 Nam
2407 1177 2423 1204 7

306 1229 356 1286 si
377 1227 627 1309 excipias
644 1225 965 1285 Concilium
980 1225 1280 1284 Nicaenum
1305 1227 1357 1302 l,
1390 1225 1548 1307 quod
1569 1237 1686 1285 tres
1702 1247 1953 1285 canones
1974 1224 2155 1285 edidit
2174 1270 2189 1299 7
2218 1225 2428 1306 quibus

310 1322 679 1383 Poenitentiae
700 1321 928 1381 addixit
958 1319 1109 1379 solos
1139 1332 1431 1403 apostatas
1458 1343 1490 1380 a
1512 1321 1788 1401 religione
1813 1321 2130 1381 christiana
2161 1331 2220 1379 et
2242 1320 2431 1402 lapsos

308 1417 373 1476 in
413 1416 839 1491 idololatriam,
878 1415 1112 1474 nullum
1152 1415 1313 1475 aliud
1352 1418 1780 1477 oecumenicum
1816 1416 2140 1476 Concilium
2179 1437 2432 1475 canones

310 1512 746 1595 poenitentiales
765 1510 1028 1571 condidit
1046 1556 1062 1585 7
1093 1521 1154 1570 et
1181 1513 1332 1571 mira
1357 1508 1792 1594 semper'viguit
1807 1513 1871 1570 in
1891 1511 2137 1571 Ecclesia
2161 1511 2432 1587 varietas7

314 1608 474 1689 quod
496 1612 619 1686 jam
646 1606 879 1689 pridem
917 1605 1416 1672 animadverterat
1451 1607 1816 1667 doctissimus
1843 1605 2110 1669 Petavius
2133 1606 2242 1686 (2).

394 1704 533 1761 222.
583 1703 648 1760 50
674 1702 937 1783 Denique
962 1721 1096 1760 cum
1120 1701 1326 1762 eodem
1349 1703 1741 1762 eruditissimo
1765 1703 2001 1762 Petavio
2027 1702 2121 1781 (3)
2153 1702 2400 1763 observo
2416 1746 2432 1774 7

315 1798 731 1859 Poenitentiam
752 1842 769 1873 7
804 1786 989 1878 qualis
1023 1818 1184 1856 nunc
1211 1798 1367 1877 viget
1392 1843 1407 1873 7
1440 1819 1564 1857 esse
1597 1799 1780 1878 magis
1818 1819 2131 1857 consonam
2163 1798 2441 1878 tempori-

317 1893 427 1952 bus
452 1892 775 1974 apostolicis
797 1903 856 1950 et
878 1893 1193 1973 primitivae
1217 1892 1479 1952 Ecclesiae
1496 1939 1511 1968 7
1540 1914 1717 1974 quam
1740 1892 1916 1951 fuerit
1937 1892 2059 1967 illa7
2088 1913 2214 1973 quae
2237 1903 2437 1972 postea

315 1988 604 2062 invaluit7
659 1998 833 2067 atquc
876 2008 906 2044 a
945 1987 1488 2068 sanctiS·Episcopis
1512 2032 1527 2060 7
1563 1987 1792 2046 disertis
1814 1987 2135 2045 canonibus
2165 2031 2180 2061 7
2235 1998 2436 2067 postea

317 2084 587 2143 instituta
616 2094 736 2158 cst,
771 2081 976 2159 majori
1001 2092 1102 2139 aut
1124 2082 1337 2140 minori
1355 2081 1616 2140 adhibita
1636 2083 1956 2143 severitate.
1974 2081 2085 2163 pro
2105 2081 2439 2140 conditione

320 2190 654 2259 temporum
697 2188 756 2236 et
789 2176 988 2235 indole
1024 2198 1225 2235 eorum
1247 2222 1261 2251 7
1304 2178 1405 2258 qui
1443 2176 1727 2255 ejusmodi
1763 2176 2035 2237 remediis
2066 2174 2430 2255 indigebant.

400 2273 540 2332 223.
589 2275 728 2346 Quae
752 2273 796 2331 si
820 2293 939 2353 prae
963 2272 1139 2331 oculis
1163 2271 1515 2346 habeantur7
1549 2271 1712 2331 facile
1736 2284 1824 2332 est
1850 2271 2171 2353 querulosis
2201 2271 2436 2329 illorum

323 2367 840 2429 declamationibus
875 2388 1173 2426 occurrere
1193 2413 1208 2442 7
1248 2366 1458 2448 quibus
1489 2368 1786 2448 suspirant
1819 2367 1896 2426 ad
1930 2388 2167 2426 auream
2193 2377 2253 2424 et
2279 2366 2435 2424 inte-

321 2475 606 2525 meratam
640 2463 897 2545 Ecclesiae
935 2462 1231 2543 primaevae
1262 2462 1630 2544 disciplinam
1653 2508 1668 2537 7
1705 2484 1882 2543 quam
1914 2461 2058 2521 adeo
2099 2459 2390 2520 extollunt
2415 2503 2432 2533 7

323 2572 392 2619 ut
435 2582 562 2620 eam
614 2559 926 2636 dejiciant7
972 2578 1097 2637 quae
1139 2558 1547 2639 inpraesentia
1582 2556 1828 2616 obtinet.
1862 2559 1983 2616 Hac
2006 2557 2166 2615 enim
2209 2554 2434 2613 ratione

325 2656 545 2715 facilius
574 2654 646 2713 ab
679 2665 960 2734 utraque,
998 2664 1193 2712 vetere
1227 2653 1441 2712 scilicet
1469 2665 1529 2712 et
1549 2649 1879 2728 recentiori,
1911 2650 2219 2732 disciplina
2249 2650 2435 2708 feriati

323 2754 568 2826 vivuntt,
599 2772 633 2808 a
669 2761 866 2810 vetere
900 2748 1137 2830 quidem
1160 2794 1176 2824 7
1209 2769 1335 2830 quae
1367 2749 1428 2807 in
1459 2747 1903 2808 desuetudinem
1933 2746 2076 2805 abiit
2098 2791 2113 2820 7
2153 2768 2184 2804 a
2230 2767 2434 2804 recen-

323 2847 497 2922 tiori7
548 2867 724 2927 quam
770 2845 880 2927 ipsi
925 2855 1313 2904 contemnunt
1353 2843 1465 2924 (4).
1499 2846 1659 2902 Inter
1705 2842 1811 2901 hos
1850 2836 2141 2927 praecipue
2169 2842 2435 2902 eminent

327 3059 485 3101 autem
513 3067 689 3100 mensae
720 3050 940 3098 convivio
973 3058 1329 3115 seqreqentur...
1415 3048 1599 3114 Fleury
1621 3086 1635 3109 ‚
1675 3048 1824 3097 Roma
1869 3046 1995 3115 1819
2020 3084 2035 3108 ‚
2063 3058 2177 3095 tom.
2211 3064 2251 3108 1,
2277 3057 2363 3095 art.
2389 3065 2431 3104 ι,

333 3131 467 3196 Quos
511 3141 702 3195 tamen,
747 3134 976 3197 quoniam
1005 3131 1201 3180 carnali
1225 3131 1333 3196 fra-
1416 3130 1522 3198 §67
1557 3151 1606 3180 n.
1653 3131 1711 3179 31
1751 3142 1796 3181 et
1837 3149 1969 3197 seqq.
2014 3131 2096 3178 uhi
2139 3131 2274 3194 plura
2316 3132 2432 3177 scitu

329 3214 516 3279 yilitate
550 3215 852 3276 ceciderunt,
881 3216 1056 3262 viat-ico
1091 3215 1286 3261 munire
1314 3250 1329 3274 ‚
1418 3216 1556 3278 digna
1574 3216 1881 3265 inveniuntur
1906 3217 2027 3263 circa
2054 3216 2345 3278 poenitentias
2362 3230 2430 3260 ca-

296 3360 299 3363 ·
327 3296 512 3344 eumad
528 3294 787 3344 Dominum
810 3298 1037 3361 coeperint
1059 3295 1331 3361 proficisci,
1419 3300 1629 3346 nonicaS.

322 3394 414 3442 per
457 3379 809 3425 communionis
865 3380 1076 3440 qratiam
1119 3376 1337 3424 volumus
1486 3379 1552 3441 (2)
1593 3378 1672 3427 De
1693 3378 1872 3427 Paenit.
1902 3378 1984 3427 lib.
2007 3395 2072 3439 11,
2094 3396 2198 3443 cap.
2225 3375 2258 3425 8
2282 3414 2296 3441 7
2329 3373 2429 3442 §4³

328 3458 587 3508 sublevari.
610 3458 744 3523 Apud
769 3458 1010 3516 Constant,
1033 3460 1170 3507 Rom.
1196 3458 1333 3506 Pon·
1416 3471 1460 3510 et
1491 3478 1595 3525 cap.
1641 3461 1715 3508 13.
1964 3511 1966 3513 .

331 3541 446 3604 tific.
477 3539 637 3606 Epist.
675 3551 791 3590 tom.
821 3557 836 3588 1
854 3578 867 3602 ,
889 3541 977 3590 coi.
997 3540 1115 3606 629.
1485 3542 1550 3606 (3)
1590 3542 1712 3590 Ibid.
1731 3542 1813 3590 lib.
1845 3558 1910 3602 11,
1937 3560 2040 3606 cap.
2063 3538 2115 3604 8,
2147 3540 2173 3606 S
2201 3538 2258 3589 16
2276 3546 2320 3588 et
2348 3556 2429 3602 17.

398 3626 464 3687 (l)
498 3626 684 3674 Crilica
714 3625 836 3674 della
854 3627 1002 3674 storia
1023 3625 1335 3674 ecclesiastica
1484 3627 1552 3688 (la)
1589 3626 1808 3692 Apprime
1839 3634 2101 3689 congruunt
2131 3622 2429 3676 Jansenistis,

328 3723 351 3752 e
380 3705 455 3754 de’
499 3707 706 3755 discor-si
748 3707 824 3755 del
863 3709 955 3772 εἰς.
989 3707 1067 3756 ab.
1111 3706 1332 3755 Claudio.
1419 3724 1525 3774 quae
1565 3707 1702 3756 Joan.
1754 3707 2098 3756 Salisburiensis
2143 3706 2323 3769 scripsit
2374 3704 2431 3751 de
