2502 4186
250 181 372 251 472,
882 197 1206 240 ‘ruminus
1249 202 1320 240 nn
1361 202 1748 243 ronmrmvru.

251 345 581 427 graviorum
603 387 621 420 ,
664 362 791 424 quae
827 343 952 405 vim
992 342 1209 405 babeat
1242 365 1448 406 coram
1475 346 1602 407 Deo
1621 392 1638 422 ‚
1668 367 1791 407 non
1819 357 2017 409 autem
2040 360 2274 413 tantum
2301 357 2374 414 in

248 451 494 501 externa
509 439 768 522 politia,
793 449 862 498 ut
890 437 1113 500 ibidem
1148 439 1381 501 dicitur.

335 533 478 592 262.
529 532 619 593 Ad
658 533 779 609 2¹¹¹,
818 534 970 614 Ney.
1010 536 1422 617 suppositum,
1460 535 1619 618 quod
1658 535 1976 598 adversarii
2017 541 2379 620 confingunt.

254 628 490 688 Etenim
513 639 730 710 praeter
755 649 934 710 quam
966 629 1028 687 in
1052 650 1255 689 eorum
1281 629 1521 690 cerebro
1541 653 1836 713 nusquam
1872 644 2075 693 extant
2101 638 2386 714 ejusmodi

255 721 528 798 absurda,
558 744 686 806 quae
709 723 821 806 ipsi
843 736 1072 805 urgent.
1094 727 1128 784 J
1137 725 1453 800 urisdicti0‚
1482 738 1660 807 prout
1681 728 2056 809 exposuimus
2075 774 2092 805 ,
2120 751 2182 789 se
2207 729 2386 791 habet

255 830 489 879 tantum
512 831 579 879 ut
599 819 884 895 conditio,
917 842 1031 903 qua
1057 832 1314 903 potestas
1337 820 1703 899 absolvendi,
1731 823 1794 881 in
1820 823 2189 885 ordinatione
2209 847 2241 885 a
2267 829 2387 887 Deo

257 913 500 990 collata,
539 915 604 974 in
638 915 870 997 praxim
907 936 1010 975 seu
1057 917 1122 975 in
1164 927 1362 976 actum
1398 915 1741 976 deducatur.
1787 920 1898 978 Per
1934 940 2065 979 eam
2100 920 2389 1002 siquidem

256 1010 477 1071 subditi
507 1012 905 1092 assignantur,
930 1011 994 1071 in
1017 1034 1162 1095 quos
1176 1013 1404 1094 possint
1433 1012 1775 1073 Sacerdotes
1799 1014 2190 1076 ministerium
2207 1037 2380 1076 suum

257 1127 548 1168 exercere.

349 1203 494 1264 263.
525 1201 618 1263 Ad
634 1201 737 1277 3¹1¹,
763 1204 922 1268 Dist.
949 1205 1202 1262 Possunt
1223 1202 1425 1263 fideles
1453 1224 1578 1263 sese
1592 1225 1700 1286 pro
1715 1203 1958 1265 arbitrio
1978 1206 2178 1266 sistere
2193 1224 2389 1265 coram

259 1298 523 1382 quolibet
539 1298 867 1374 Sacerdote,
894 1299 995 1382 qui
1017 1299 1192 1359 fuerit
1213 1299 1472 1379 legitime
1496 1298 1571 1358 ad
1596 1300 1987 1362 confessiones
2013 1300 2387 1383 excipiendas

258 1416 292 1454 a
316 1394 558 1478 praelato
595 1394 985 1478 approbatuS‚
1030 1417 1222 1463 cono.,·
1251 1404 1500 1478 possunt
1526 1394 1638 1454 sibi
1659 1395 1883 1472 judices
1907 1397 2260 1456 constituere
2289 1417 2393 1456 seu

259 1490 470 1572 eligere
497 1536 513 1566 a
550 1491 704 1571 Ney.
737 1489 1013 1573 Alioquin
1037 1502 1380 1572 sequeretur
1398 1536 1416 1568 ‚
1442 1490 1913 1570 jurisdictionem
1941 1490 2306 1575 spiritualem
2335 1502 2395 1551 et

259 1586 768 1668 supernaturalem
801 1608 924 1645 non
962 1585 1036 1645 ab
1054 1585 1332 1663 Ecclesia,
1380 1586 1473 1645 cui
1501 1585 1764 1645 Christus
1789 1586 1942 1646 hanc
1979 1585 2228 1647 contulit
2255 1606 2394 1644 auc-

258 1683 559 1742 toritatem
583 1726 599 1757 ,
638 1682 702 1740 in
753 1681 1147 1741 Confessarios
1195 1681 1450 1742 derivari
1476 1725 1494 1757 .,
1538 1681 1642 1742 sed
1678 1703 1712 1741 a
1748 1681 2058 1758 fidelibus3
2102 1680 2262 1764 quod
2306 1693 2396 1741 est

259 1774 599 1836 absurdum.
2394 1820 2397 1821 ν

344 1873 488 1932 264.
539 1873 622 1935 Ad
668 1873 791 1950 4¹1¹,
837 1873 987 1953 Ney.
1029 1873 1323 1932 Fictitium
1366 1874 1526 1933 enim
1574 1895 1641 1932 ac
1688 1874 1881 1955 plane
1905 1859 2240 1934 inauditum
2281 1874 2395 1932 hoc

264 1972 685 2049 compromissi
728 1968 1097 2051 paradoxum
1130 1979 1337 2080 aperte
1358 1979 1649 2050 repugnat
1697 1967 2077 2045 Tridentin0‚
2110 1968 2342 2028 docenti
2381 1990 2395 2027 :

268 2065 651 2126 Christum...
695 2066 1031 2124 Sacerdotes
1080 2067 1180 2124 sui
1212 2055 1410 2144 ipsius
1448 2067 1708 2123 vicarios
1737 2065 2050 2143 reliquisse
2098 2074 2397 2142 tanquam

251 2161 546 2242 praesides
584 2162 891 2238 etyudices
905 2204 930 2233 ,
974 2161 1062 2219 ad
1079 2181 1224 2239 quos
1253 2165 1463 2219 omnia
1494 2161 1783 2219 mortalia
1808 2164 2078 2218 crimina
2115 2160 2400 2238 deferan-

262 2267 372 2316 tur
398 2256 504 2336 (l).
540 2257 595 2314 Si
634 2257 810 2336 igitur
851 2255 1187 2315 Sacerdotes
1226 2267 1367 2314 sunt
1405 2255 1677 2338 praesides
1723 2267 1782 2314 et
1815 2254 2041 2333 judices
2087 2277 2121 2314 a
2165 2254 2398 2314 Christo

263 2352 598 2425 constituti,
648 2351 711 2411 id
751 2362 838 2411 est
866 2397 882 2426 .,
910 2353 1160 2430 judices
1188 2374 1299 2431 per
1327 2356 1705 2432 imperium,
1734 2362 1802 2410 ut
1842 2350 2104 2433 loquitur
2143 2352 2202 2410 S.
2233 2350 2394 2409 Tho·

263 2469 391 2522 mas
428 2446 550 2528 (2),
580 2446 724 2507 tales
758 2459 954 2524 erunt,
982 2458 1302 2529 antequam
1329 2448 1638 2530 quisquam
1668 2447 1807 2528 ipsis
1843 2458 2130 2528 tanquam
2155 2444 2390 2505 arbitris

264 2564 387 2604 sese
413 2543 567 2602 ultro
602 2542 885 2621 subjiciat.
914 2542 1148 2603 Accedit
1164 2547 1334 2621 juxta
1357 2542 1770 2602 Tridentinum
1799 2543 1976 2602 etiam
2006 2541 2199 2617 istud,
2240 2539 2399 2622 quod

264 2638 485 2721 absque
523 2638 928 2718 jurisdictione
981 2637 1274 2698 ordinaria
1316 2638 1410 2703 vel
1454 2637 1830 2718 subdelegata
1863 2638 2150 2715 judicium
2203 2657 2397 2695 sacra-

263 2734 523 2807 mentale
549 2733 768 2793 nullius
805 2735 1095 2793 momenti
1133 2735 1224 2793 sit.
1265 2735 1340 2794 At
1377 2756 1515 2797 vero
1549 2735 1610 2792 in
1644 2733 1862 2812 judicio
1891 2731 2400 2814 compromissario

264 2829 426 2888 nulla
455 2831 772 2912 requiritur
788 2830 1135 2908 jurisdictio·
1176 2833 1428 2890 Demum
1449 2826 1777 2908 jurisdictio
1818 2828 2202 2888 ecclesiastica
2240 2826 2397 2889 divi-

264 2947 406 2984 nam
432 2924 612 2985 habet
638 2926 1071 2986 institutionem
1095 2953 1111 3001 ς
1138 2927 1200 2985 in
1240 2925 1549 3009 hypothesi
1587 2937 1785 2984 autem
1808 2925 1972 2983 istius
1992 2924 2397 3007 compromissi

264 3020 340 3079 ab
365 3020 622 3082 humana
652 3022 940 3104 penderet
972 3023 1342 3083 institutione
1362 3067 1381 3099 ,
1423 3043 1556 3082 cum
1604 3021 1769 3081 illam
1799 3020 2162 3081 Confessario
2199 3019 2398 3102 poeni-

264 3125 397 3175 tens
437 3114 684 3197 quilibet
723 3116 1012 3177 tribueret
1037 3116 1147 3199 (3).

335 3349 402 3412 (1)
443 3346 564 3397 Sess.
590 3357 670 3397 xiv
691 3387 703 3408 ‚
735 3367 837 3415 cap.
871 3347 923 3400 5.
1387 3348 1547 3418 17843
1581 3350 1720 3403 Joan.
1754 3350 1888 3415 Bapt.
1911 3350 2134 3410 Zuccala,
2169 3350 2279 3399 diss.
2299 3350 2400 3399 duae

331 3431 403 3494 (2)
441 3430 497 3478 In
530 3430 701 3496 Suppl.
737 3450 785 3497 q.
820 3430 879 3491 8,
914 3443 1000 3481 art.
1035 3430 1086 3496 4.
1379 3434 1461 3483 De
1485 3442 1713 3499 potestate
1741 3433 2140 3498 Presbyterorum
2169 3434 2227 3480 in
2244 3431 2401 3478 admi-

345 3503 413 3577 (3)
446 3513 704 3563 Cfr.S.Th.
731 3513 915 3561 Contra
948 3514 1097 3563 Gent.
1117 3512 1205 3563 lib.
1226 3531 1293 3580 iv,
1380 3517 1668 3563 nistratione
1714 3511 1856 3563 Sacr.
1882 3516 2148 3563 Poenieent.
2186 3514 2396 3577 Bet-gomi

269 3612 370 3662 cap.
410 3612 493 3663 72;
508 3613 692 3645 necnon
713 3596 924 3645 Zaccaria
943 3599 992 3644 in
1009 3614 1086 3662 op.
1112 3599 1187 3644 cui
1217 3599 1290 3645 tit.
1384 3596 1536 3664 17873
1556 3598 1694 3647 Vino.
1724 3598 1856 3646 Rossi
1879 3633 1896 3659 ,
1934 3595 2284 3661 Osservazioni
2303 3602 2395 3640 teo-

267 3674 398 3725 Delle
429 3686 571 3727 storto
591 3678 695 3726 idee
718 3678 1028 3727 raddrizzate
1050 3717 1063 3741 ‚
1093 3679 1292 3745 Fuligno
1377 3679 1558 3745 loqiclze
1582 3696 1724 3746 sopra
1749 3679 1797 3727 la
1827 3679 2040 3728 diatriba
2071 3677 2193 3727 della
2218 3674 2399 3724 validi-
