2502 4186
300 236 421 297 290

979 255 1047 292 '1¹11
1055 251 1301 293 ACTATUS
1346 254 1414 289 ΒΕ
1458 253 1853 294 EUGHARISTIA.

294 385 553 460 mediate
585 394 808 455 remitti
859 414 1093 476 semper
1121 405 1183 454 et
1211 403 1369 454 certo
1410 387 1652 476 poenam
1686 392 2072 475 temporalem
2102 396 2430 457 viventium

294 501 461 575 juxta
505 496 783 572 cujusque
819 488 1265 571 dispositionem
1306 490 1465 569 (quo
1503 491 1678 548 sensu
1720 483 2193 570 propitiatorium
2221 491 2432 551 dicitur

303 610 411 670 pro
444 587 592 650 vivis
635 596 813 667 atque
849 576 1181 664 defunctis)
1206 629 1221 658 .,
1250 583 1325 644 de
1353 582 1469 643 fide
1511 594 1714 643 tamen
1750 605 1873 642 non
1909 603 2067 657 3333,
2107 596 2259 644 certo
2287 608 2433 646 sem-

292 704 412 762 per
430 704 533 742 seu
566 691 730 741 certa
763 682 880 761 leye
903 700 1145 762 poenam
1171 679 1324 738 lianc
1352 678 1741 780 temporalem
1766 678 2024 753 remitti
2067 690 2243 760 prout
2275 681 2431 741 idem

302 775 630 856 Theologus
665 773 942 835 observat
972 774 1085 853 (l).

384 872 526 931 282.
545 871 612 930 40
629 867 1261 945 Animadvertendum,
1281 889 1472 950 neque
1487 866 1560 927 de
1578 867 1692 928 fide
1709 889 1855 944 esse,
1873 868 2182 951 praedictos
2198 870 2435 930 effectus

309 979 434 1027 tam
461 989 571 1049 pro
586 966 732 1030 vivis
749 987 928 1047 quam
958 986 1065 1046 pro
1090 963 1379 1024 defunctis
1413 963 1765 1022 Sacrificium
1795 964 1979 1024 Missae
2008 966 2330 1048 producere
2362 989 2436 1025 ex

310 1084 480 1144 opere
495 1072 752 1142 operate.
775 1062 900 1119 Imo
916 1071 1142 1119 certum
1157 1071 1270 1135 est,
1289 1059 1578 1119 defunctis
1591 1058 1946 1118 Sacrificium
1962 1059 2121 1120 istud
2139 1061 2304 1131 nullo
2322 1062 2435 1121 alio

306 1157 488 1218 modo
533 1155 810 1238 prodesse
850 1175 1058 1236 posse,
1102 1176 1281 1235 quam
1325 1152 1684 1214 remittendo
1730 1175 1972 1235 poenam
2010 1157 2433 1238 temporalem5

305 1243 502 1336 'neque
530 1253 685 1311 hanc
714 1251 854 1333 ipsis
887 1251 1111 1310 remitti
1147 1262 1304 1310 certa
1339 1250 1497 1330 lege,
1534 1251 1640 1311 sed
1677 1250 1868 1310 solum
1903 1274 2010 1334 per
2047 1252 2290 1312 modum
2319 1255 2437 1312 suf-

309 1349 475 1430 fragii
507 1348 588 1408 eis
626 1345 936 1429 prodesse,
971 1357 1149 1427 prout
1186 1349 1308 1406 Deo
1347 1346 1634 1427 placuerit
1667 1346 1815 1405 illud
1845 1359 2166 1430 acceptare.
2203 1351 2286 1407 Ex
2323 1370 2439 1430 quo

306 1445 562 1506 infertur
580 1488 596 1518 7
617 1442 893 1503 effectum
918 1441 1090 1520 hujus
1119 1441 1393 1500 Sacrificii
1417 1463 1539 1501 non
1560 1441 1643 1500 ita
1671 1453 1899 1503 certum
1925 1465 2049 1503 esse
2078 1465 2211 1523 erga
2232 1441 2440 1503 defun-

315 1552 478 1615 ctos
515 1539 666 1598 sicut
705 1549 796 1597 est
830 1558 965 1616 erga
1011 1537 1280 1598 viventes
1311 1537 1425 1616 (2).

397 1633 541 1693 283.
565 1630 632 1692 50
655 1626 1020 1692 Monendum
1040 1628 1293 1714 denique
1313 1643 1424 1708 est
1453 1631 1526 1692 de
1541 1631 1656 1692 fide
1677 1654 1800 1692 non
1822 1654 1969 1709 esse,
1987 1633 2248 1694 valorem
2269 1634 2441 1713 hujus

324 1730 599 1790 Sacrificii
622 1750 748 1789 esse
792 1729 1129 1802 infinitum·
1163 1727 1322 1786 haud
1351 1728 1522 1810 pauci
1560 1729 1721 1788 enim
1757 1729 2034 1810 Theologi
2062 1742 2280 1813 negant
2315 1732 2444 1791 vir-

318 1827 511 1886 tutem
558 1847 661 1885 seu
697 1823 1012 1884 efficaciam
1047 1822 1222 1901 hujus
1256 1824 1526 1883 Sacrificii
1551 1835 1820 1905 respectu
1859 1826 2045 1883 nostri
2080 1847 2204 1885 esse
2243 1827 2446 1884 infini-

318 1935 439 1982 tam
457 1919 570 2002 (3)q
598 1923 683 1980 uti
697 1943 770 1980 ex
789 1919 1046 1978 dicendis
1065 1929 1265 2001 aperte
1287 1918 1596 1978 constabit.
1621 1920 1759 1979 Haec
1781 1920 1830 1978 si
1844 1940 1963 2000 prae
1983 1920 2164 1980 oculis
2176 1920 2442 1982 habean-

322 2029 455 2090 tur,
496 2014 659 2075 facile
699 2015 811 2074 erit
863 2026 989 2072 tum
1023 2013 1334 2072 veritatem
1375 2024 1604 2073 assertae
1644 2015 2054 2096 propositionis
2102 2015 2404 2077 adstruere
2427 2062 2443 2091 7

320 2123 453 2171 tum
492 2109 964 2172 adversariorum
1013 2107 1388 2167 difficultates
1426 2108 1706 2187 disjicere.

405 2206 547 2266 284.
593 2209 773 2266 Porro
818 2204 1145 2264 doctrinam
1175 2201 1524 2264 catholicam
1567 2205 1648 2263 sic
1681 2203 2008 2265 luculenter
2043 2207 2284 2288 exponit
2321 2207 2448 2266 Tri—

396 2423 462 2489 (1)
499 2421 721 2487 Quamvis
758 2421 816 2469 de
860 2421 956 2469 fide
988 2438 1086 2469 non
1120 2422 1208 2480 sit,
1268 2437 1349 2487 per
1430 2423 1936 2488 quodnonnulli‚cum
1951 2424 2448 2492 audiuntaliquidnon

332 2505 611 2555 sacrificium
675 2502 832 2551 Missae
878 2514 1001 2552 certo
1046 2520 1226 2568 semper
1270 2522 1350 2553 seu

330 2597 453 2637 certa
473 2587 572 2653 lege
598 2603 784 2652 poenam
814 2584 1113 2651 temporalem
1135 2603 1193 2635 ex
1213 2602 1351 2652 opere

332 2675 522 2735 operato
547 2671 718 2719 remitti
746 2706 760 2730 ,
792 2679 858 2718 est
883 2679 1042 2718 tamen
1071 2677 1200 2717 certa
1218 2669 1351 2717 theo·

332 2754 544 2819 logorum
596 2753 805 2802 doctrina
864 2750 924 2803 e‘x
983 2771 1120 2819 opere
1165 2762 1370 2820 operato

281 2854 288 2858 ·
334 2852 520 2901 poenam
551 2836 782 2901 ejusmodi
823 2853 905 2901 per
938 2835 1230 2886 Sacrificium
1278 2852 1353 2885 re-

335 2919 478 2966 mitti.
503 2915 599 2964 Cfr.
621 2916 759 2965 Card.
779 2917 928 2978 Bona,
947 2916 1017 2967 De
1036 2918 1203 2984 sacrif.
1222 2918 1354 2966 Mis-

334 3015 435 3058 soe,
471 3016 575 3064 cap.
620 3015 637 3045 1
664 3034 679 3058 ‚
710 2997 736 3065 §
774 2999 803 3047 3
821 3035 838 3062 ,
870 3003 951 3065 qui
973 3001 1132 3049 scribit
1171 3018 1185 3049 τ
1225 3000 1354 3048 Con-

336 3087 475 3128 stans
510 3097 695 3147 semper
718 3081 823 3145 fuit
861 3081 1220 3131 catholicorum
1244 3098 1354 3129 een-

337 3165 489 3216 tentia
512 3164 683 3212 hahere
712 3164 798 3213 hoe
828 3166 847 3223 (
868 3167 1146 3215 sacrificium
1167 3165 1186 3231 )
1211 3164 1354 3229 infal-

340 3238 494 3291 libiles
520 3252 567 3291 et
580 3244 917 3294 determinatos
936 3248 1127 3313 effectus
1143 3262 1201 3294 ex
1219 3262 1356 3312 opere

339 3333 528 3390 operato
550 3363 563 3386 ,
586 3328 691 3374 nisi
712 3326 791 3375 ille
807 3345 899 3393 pro
929 3345 1021 3393 qno
1038 3330 1239 3394 offertur
1256 3327 1357 3376 obi-

335 3423 446 3455 cem>
453 3419 639 3473 ponat,
670 3410 1004 3458 remissionem
1028 3408 1242 3458 videlicet
1258 3408 1353 3459 ali-

337 3491 480 3556 cujus
500 3507 668 3557 poenoe
686 3493 900 3556 peccatis
903 3494 1019 3556 jam
1050 3494 1263 3540 remissis
1283 3492 1355 3539 de-

336 3570 450 3619 bitae
466 3610 481 3628 ,
501 3572 575 3621 vel
588 3573 769 3621 donum
800 3572 1014 3636 alicujus
1035 3576 1205 3637 qratiae
1227 3592 1354 3640 prm·

337 3655 572 3702 venientis
585 3655 649 3702 ad
661 3655 969 3703 obtinendam
994 3658 1355 3703 commissorum

338 3737 683 3786 remissionem.
701 3736 851 3804 Atque
864 3738 941 3786 hic
959 3736 1106 3787 obiter
1123 3738 1315 3788 observo
1334 3777 1346 3799 ,

1431 2521 1527 2552 esse
1542 2503 1599 2552 de
1605 2504 1704 2569 fide
1722 2542 1736 2566 ‚
1756 2505 1842 2554 sibi
1862 2506 2037 2555 licitum
2056 2524 2151 2556 esse
2166 2509 2446 2567 existimant,

1432 2587 1550 2636 illud
1586 2603 1760 2653 negare
1793 2596 1875 2637 aut
1903 2606 2118 2653 respuere
2137 2625 2151 2648 ‚
2179 2590 2371 2653 perinde
2396 2608 2449 2639 ac

1432 2671 1471 2717 si
1500 2668 1660 2718 nullus
1696 2670 1815 2718 alius
1851 2670 2017 2735 gradus
2052 2672 2335 2719 certitudinis
2368 2673 2451 2720 ha-

1431 2750 1635 2800 beretur.
1666 2749 1750 2799 Ast
1769 2788 1784 2812 ‚
1811 2752 1920 2800 licet
1945 2751 2099 2817 aliqua
2118 2752 2327 2801 doctrina
2353 2771 2451 2802 non

1435 2835 1494 2881 sit
1537 2833 1596 2882 de
1629 2833 1766 2893 fide,
1824 2843 1973 2899 potest
2017 2844 2174 2883 tamen
2207 2852 2302 2884 esse
2343 2836 2453 2885 fidei

1435 2917 1646 2979 proxima
1671 2953 1683 2975 ‚
1699 2925 1822 2964 certa
1839 2953 1851 2975 ‚
1875 2926 1960 2964 etc.
1979 2917 2153 2982 quibus
2172 2918 2453 2982 respondent

1434 2995 1816 3061 qualificationes
1832 3036 1846 3060 ,
1871 3008 1925 3046 ut
1958 3009 2124 3047 vocant
2144 3037 2158 3060 ,
2180 3000 2369 3050 diversae
2392 3002 2452 3050 ob

1435 3091 1647 3145 negatam
1673 3081 1802 3129 illam
1828 3081 2087 3130 doctrinam
2107 3118 2120 3142 ‚
2151 3084 2278 3148 quod
2295 3101 2365 3132 ex.
2385 3102 2453 3148 gr.

1436 3166 1682 3227 propositio
1723 3166 1782 3211 sit
1814 3165 2045 3229 promima
2074 3164 2247 3212 haeresi
2268 3203 2280 3225 ‚
2311 3165 2453 3214 hoere-

1436 3246 1529 3292 sim
1573 3247 1770 3312 sapiens
1790 3284 1802 3306 ‚
1832 3263 2032 3295 erronea
2053 3284 2066 3307 ,
2093 3257 2181 3295 etc.

1511 3328 1573 3390 (2)
1614 3328 1738 3376 Ibid.
1762 3345 1868 3393 cap.
1907 3327 1956 3392 4.

1509 3409 1575 3475 (3)
1611 3409 1735 3471 Seu,
1757 3421 1809 3458 ut
1835 3411 1912 3459 alii
1938 3410 2196 3476 loquuntur
2217 3446 2231 3471 ,
2263 3409 2449 3457 Sacrifi-

1438 3494 1565 3541 cium
1602 3510 1698 3541 esse
1729 3492 1920 3558 quidem
1953 3492 2123 3541 valoris
2143 3492 2322 3550 >infiniti
2342 3493 2391 3537 in
2410 3508 2457 3539 33

1439 3593 1520 3623 seu
1566 3576 1830 3635 intensive,
1863 3592 1960 3622 non
1998 3585 2150 3623 autem
2184 3573 2310 3639 quod
2346 3573 2458 3621 effe-

1440 3668 1566 3705 ctum
1594 3675 1673 3706 seu
1702 3659 1962 3705 extensive.
1991 3655 2089 3704 Cfr.
2110 3655 2341 3722 Varquez.
2363 3655 2455 3703 loc.

1444 3742 1525 3788 cit.
1562 3740 1687 3805 disp.
1728 3756 1877 3789 ccxxx
1908 3777 1920 3801 ‚
1956 3756 2055 3804 cap.
2097 3754 2115 3785 1
2155 3747 2200 3787 et
2230 3753 2363 3804 seqq.
