2502 4186
289 248 367 307 90
873 267 1192 307 TRAGTATUS
1234 268 1303 304 ms
1344 266 1810 308 CORPIRMA‘HGNE.

290 432 464 486 vero,
498 421 805 492 postquam
844 407 1278 473 deferbuerunt·
1301 409 1699 469 contentiones
1736 409 1859 468 istae
1877 454 1893 485 ,
1922 433 2054 470 ‘non
2089 415 2257 495 pauci
2307 436 2376 474 ex

287 502 699 564 recentioribus
738 502 1206 563 Protestantibus
1248 502 1324 563 ad
1368 505 1591 563 saniora
1645 503 1882 564 consilia
1925 503 2221 567 devenisse
2271 510 2378 570 visi

288 586 429 659 sm
473 599 585 677 (1).

1075 815 1494 877 PROPOSITIO.

294 985 677 1065 Gonfiaematio
713 987 1154 1066 baptisatorum
1181 1009 1302 1047 non
1331 997 1415 1045 est
1443 990 1625 1045 otiosa
1658 991 2019 1059 ceremonia,
2049 989 2151 1047 sed
2177 1010 2383 1048 verum

815 1093 875 1168 et
903 1087 1232 1163 proprium
1275 1078 1749 1141 Sacramentum.

374 1302 430 1359 6.
476 1301 588 1359 'Est
628 1299 701 1360 de
748 1301 861 1360 fide
892 1300 1014 1360 haec
1040 1302 1356 1383 propositio
1383 1311 1448 1360 ut
1467 1312 1638 1386 &patet
1668 1323 1740 1361 ex
1773 1301 1961 1383 primo
1996 1323 2216 1361 canone
2255 1303 2385 1361 Tri—

293 1394 533 1453 dentino
565 1394 739 1476 paulo
786 1405 920 1454 ante
959 1396 1220 1454 recitato,
1278 1394 1609 1455 Adstruitur
1643 1407 1839 1455 autem
1885 1401 2004 1475 ejus
2063 1397 2274 1458 veritas
2318 1418 2389 1456 ex

293 1490 597 1570 Scripturis
634 1511 806 1548 sensu
854 1488 1207 1549 traditionali
1244 1491 1551 1572 expositiS‚
1597 1511 1705 1550 nec
1743 1513 1865 1550 non
1905 1513 1976 1551 ex
2012 1502 2294 1574 perpetua
2330 1501 2396 1551 et

295 1585 582 1644 consta-nti
603 1587 780 1644 totius
819 1585 1075 1645 Ecclesiae
1110 1580 1301 1667 praxi.

375 1681 433 1738 7.
478 1679 566 1739 Ad
594 1681 914 1761 Scripturas
937 1679 1174 1762 quidem
1203 1679 1358 1762 quod
1393 1691 1616 1760 spectat
1643 1726 1661 1756 ,
1704 1678 2045 1762 pervulgata
2071 1691 2207 1739 sunt
2228 1727 2243 1756 ,
2270 1701 2395 1763 quae

296 1774 421 1834 Act.
456 1776 629 1849 Vm,
682 1774 756 1832 14
803 1795 963 1856 seqq.
1005 1774 1278 1854 leguntur
1321 1797 1334 1833 z
1399 1769 1551 1835 Cum
1605 1777 1915 1835 audissent
1943 1777 2242 1855 Apostoli,
2291 1780 2402 1854 qui

297 1880 470 1927 erant
499 1871 909 1950 Jerosolgqmis,
954 1871 1113 1949 quod
1150 1876 1454 1950 recepisset
1490 1872 1779 1929 Samaria
1814 1872 2058 1929 verbum
2099 1871 2251 1942 Dei,
2291 1873 2402 1928 mi-

299 1975 509 2023 serunt
541 1965 626 2022 ad
651 1986 739 2023 eos
775 1965 1026 2023 Petrum
1053 1975 1108 2022 et
1132 1966 1426 2025 Joannem
1443 1960 1638 2044 iqui,
1668 1987 1806 2024 cum
1840 1970 2173 2036 venissent,
2206 1986 2404 2024 orave·

297 2070 450 2117 runt
467 2080 585 2138 pro
611 2063 796 2139 ipsis,
822 2070 891 2118 ut
920 2064 1251 2140 acciperent
1272 2063 1576 2141 Spiritum
1602 2064 1890 2120 Sanctum
1904 2084 1924 2126 ‚·
1948 2062 2218 2119 nondum
2241 2065 2404 2117 enim

298 2157 370 2211 in
419 2176 777 2234 quemquam
827 2158 1073 2215 illorum
1119 2167 1395 2230 venerat,
1453 2157 1553 2215 sed
1595 2157 1892 2235 baptizati
1932 2166 2166 2213 tantum
2220 2163 2398 2212 erant

300 2252 371 2305 in
397 2253 632 2307 nomine
671 2252 927 2314 Domini
956 2253 1121 2310 Jesu.
1173 2251 1341 2310 Tune
1364 2252 1753 2331 imponebant
1778 2271 2000 2308 manus
2031 2271 2210 2328 super
2232 2250 2360 2307 illos
2378 2293 2395 2315 ,

304 2352 361 2399 et
407 2345 781 2422 accipiebant
819 2346 1122 2424 Spiritum
1164 2346 1472 2403 Sanctum.
1515 2345 1706 2425 Atque
1753 2343 1893 2429 ibid,
1945 2345 2111 2418 XIX,
2154 2343 2236 2401 5:
2278 2345 2400 2402 His

301 2438 529 2497 auditis
581 2440 876 2519 baptizati
917 2451 1061 2499 sunt
1097 2439 1396 2522 (Ephesii)
1439 2445 1503 2498 in
1556 2445 1796 2499 nomine
1843 2442 2102 2500 Domini
2131 2438 2311 2503 Jesu,·
2346 2448 2402 2495 et

300 2554 432 2614 cum
489 2539 858 2614 imposuisset
892 2538 1016 2595 illis
1054 2558 1276 2595 manus
1326 2537 1604 2608 Paulus,
1650 2539 1813 2595 venit
1847 2537 2113 2613 Spiritus
2148 2534 2401 2591 Sanctus

302 2649 484 2707 super
518 2651 627 2688 eos.
673 2631 742 2688 In
787 2628 995 2711 quibus
1036 2629 1263 2690 duobus
1300 2630 1644 2710 testimoniis
1682 2629 1959 2704 habetur,
2001 2627 2284 2709 quidquid
2327 2625 2402 2685 ad

304 2723 658 2782 Sacramenti
679 2725 965 2783 rationem
985 2725 1448 2806 praerequiritur:
1481 2725 1708 2804 signum
1731 2744 1943 2803 nempe
1960 2721 2265 2793 sensibile,
2296 2742 2400 2802 per

303 2836 588 2876 manuum
648 2819 1081 2898 impositionem
1145 2830 1204 2878 et
1263 2820 1583 2877 orationem
1647 2818 2010 2897 designatum
2041 2842 2056 2890 ς
2114 2815 2403 2874 institutio

306 2911 560 2988 Christi,
597 2935 724 2994 quae
758 2935 827 2972 ex
858 2914 981 2994 ipso
1015 2914 1418 2994 Apostolorum
1446 2913 1595 2972 facto
1634 2914 1897 2995 protinus
1932 2912 2238 2972 deducitur
2272 2910 2400 2991 (2);

306 3005 536 3065 collatio
558 3007 1009 3087 demum'gratiae
1022 3053 1038 3085 ,
1064 3030 1167 3090 per
1183 3010 1461 3090 Spiritum
1479 3009 1752 3067 Sanctum
1772 3053 1787 3082 7
1807 3028 1980 3088 quem
2004 3005 2406 3080 conferebant,

307 3100 581 3161 indicata.
1054 3095 1062 3101 ⁶

389 3181 448 3241 8.
496 3185 706 3242 Sensus
760 3205 932 3266 porro
989 3183 1367 3243 traditionalis
1422 3183 1633 3245 horum
1684 3195 1952 3244 textuum
2006 3206 2076 3243 ex
2142 3178 2406 3240 Patribus

392 3388 457 3452 (1)
501 3389 665 3438 Praeter
705 3389 1017 3438 Leibnitzium
1043 3425 1057 3452 ,
1108 3389 1312 3455 System.
1401 3392 1592 3438 testanti
1620 3390 1697 3437 del
1717 3392 1811 3455 siq.
1838 3389 2118 3453 Esslinqw,
2144 3385 2274 3450 neqli
2296 3383 2407 3433 An-

313 3469 453 3518 theol.
480 3488 583 3535 pag.
603 3486 698 3518 202
729 3481 894 3537 etseq.
919 3474 1154 3520 veritatem
1177 3473 1317 3537 hujus
1401 3471 1507 3520 nali
1534 3472 1649 3519 delle
1677 3473 1862 3520 scienze
1892 3471 2146 3545 reliqiose..
2176 3467 2351 3532 Maggio
2385 3483 2410 3514 e

312 3551 596 3601 Sam-amenti
623 3553 904 3602 admiserunt
933 3553 1070 3601 Daub
1107 3571 1160 3602 ac
1191 3553 1320 3601 Fess-
1404 3553 1570 3620 Agosto
1610 3553 1738 3603 1836
1757 3591 1770 3613 ‚
1805 3569 1909 3619 pag.
1940 3549 2058 3599 361.

321 3634 405 3683 ler.
431 3634 530 3683 Cfr.
562 3633 795 3700 Apoloqia
832 3634 953 3682 della
993 3633 1197 3698 reliyion
1221 3643 1321 3682 cat·
1474 3636 1543 3701 (2)
1580 3636 1681 3686 cfr.
1715 3636 1964 3686 Bellatum.
1999 3633 2090 3682 loc.
2119 3634 2193 3679 cit.
2224 3646 2326 3695 cap.
2361 3643 2412 3675 2.

316 3715 456 3763 tolica
478 3725 619 3765 tratta
635 3716 767 3782 daqli
783 3718 938 3766 scritti
959 3718 1013 3764 di
1030 3719 1189 3764 autori
1202 3713 1321 3764 Pro-
