2502 4186
2061 228 2181 288 429

718 254 841 290 GAP.
887 253 975 289 111.
1021 253 1091 299 DE
1136 252 1522 290 CONTRITIONE.

157 395 292 454 153.
341 395 428 454 Ad
473 396 548 452 1¹1¹
582 394 747 476 prob.
796 393 1311 454 Bisa-Concilium
1355 392 1761 452 Cabillonense
1804 413 1926 450 non
1975 392 2183 452 inussit

72 491 307 549 haeresis
336 501 537 548 notam
578 489 815 548 illorum
849 489 1186 561 sententiae7
1209 488 1323 548 vvel
1355 486 1512 569 quod
1546 486 1778 545 nullum
1813 486 2004 547 adhuc
2040 509 2184 570 pro-

74 583 247 643 dierit
280 585 539 644 Ecclesiae
566 583 863 643 decretum
886 630 901 658 7
934 581 1026 643 vel
1054 581 1210 663 quod
1244 581 1397 640 illius
1421 582 1675 640 fautores
1704 581 1896 663 potius
1927 602 1999 641 ex
2021 583 2184 661 igno-

75 683 264 740 rantia
327 703 503 763 quam
561 703 630 740 ex
680 679 900 746 malitia
947 689 1251 761 peccarent
1270 723 1285 753 7
1341 699 1500 737 conc.
1529 703 1548 744 ,·
1601 700 1722 736 non
1782 677 2139 759 improbavit
2164 725 2180 753 7

72 798 202 856 neq.
240 775 349 855 (l).

160 870 295 929 154.
347 868 433 929 Ad
470 870 585 946 ΞΜ,
629 871 789 929 Idem
819 879 942 929 esto
966 862 1312 950 responsum
1340 869 1451 949 (2).

160 959 296 1029 1'5'5.
353 964 435 1024 Ad
458 965 561 1040 3³¹7
593 966 809 1026 Trans,
845 966 992 1023 Tum
1013 965 1146 1045 quia
1171 962 1362 1022 adhuc
1385 965 1676 1023 incertum
1691 974 1779 1038 est
1795 1009 1809 1038 7
1836 973 2036 1022 utrum
2057 964 2182 1024 hacc

73 1060 366 1119 distinctio
390 1060 464 1119 de
496 1059 844 1142 poenitentia
868 1060 1150 1139 genuinus
1175 1059 1249 1117 sit
1268 1059 1529 1117 Gratiani
1553 1059 1727 1118 foetus
1743 1104 1759 1132 7
1798 1057 1955 1140 quod
1982 1080 2185 1138 graves

74 1156 255 1214 critici
281 1156 612 1214 inficiantur
635 1156 746 1235 (3)3
768 1160 894 1214 tum
918 1154 1051 1236 quia
1076 1154 1247 1234 longe
1275 1153 1645 1229 verisimilius
1664 1164 1752 1212 est
1775 1199 1790 1227 7
1808 1154 2151 1213 Gratianum
2171 1199 2186 1227 7

72 1250 120 1309 si
147 1255 267 1328 ejus
300 1262 643 1327 auctorest,
677 1272 798 1309 non
821 1251 1035 1329 agitare
1059 1250 1440 1332 quaestionem
1463 1248 1919 1308 denecessitate·
1942 1248 2192 1308 Confes-

73 1346 248 1404 sionis
272 1392 288 1420 7
313 1346 416 1422 sed
437 1356 636 1404 utrum
663 1346 884 1404 dimitti
907 1347 1134 1427 possint
1150 1355 1386 1426 peccata
1411 1366 1518 1426 per
1547 1343 1731 1403 solam
1761 1343 2188 1404 Contritionem

74 1460 206 1496 cum
241 1451 377 1498 voto
408 1440 792 1515 Sacramenti7
821 1441 871 1499 si
900 1439 1091 1499 desint
1121 1438 1452 1498 confessarii
1474 1484 1490 1513 7
1525 1449 1701 1520 prout
1730 1439 1907 1497 etiam
1933 1460 2093 1498 nunc
2123 1450 2188 1498 ut

74 1543 299 1593 certum
328 1533 538 1593 docent
562 1534 825 1594 catholici
851 1533 1105 1613 theologi
1135 1555 1338 1592 omnes
1361 1579 1377 1609 7
1418 1555 1494 1592 an
1537 1555 1677 1594 vero
1714 1555 1948 1615 semper
1982 1535 2188 1616 requi-

78 1640 240 1687 ratur
276 1629 514 1688 actualis
539 1629 868 1704 Confessio,
903 1630 990 1688 uti
1018 1628 1289 1687 nonnulli
1320 1640 1461 1686 tunc
1488 1629 1770 1709 temporis
1809 1628 2143 1687 sentiebant
2169 1653 2186 1705 3

71 1735 198 1781 tum
243 1722 495 1805 denique
529 1724 662 1804 quia
693 1735 1056 1805 compertum
1098 1734 1219 1795 est7
1264 1721 1432 1780 illum
1486 1734 1783 1781 auctorem
1822 1744 2017 1782 errore
2052 1723 2190 1783 facti

72 1839 193 1877 esse
216 1817 542 1899 deceptum.
569 1819 806 1877 Certum
830 1829 918 1877 est
941 1819 1101 1878 enim
1117 1863 1133 1895 7
1155 1838 1358 1877 omnes
1378 1816 1642 1876 doctores
1661 1818 1939 1877 Gratiano
1967 1839 2188 1880 coaevos

73 1913 475 1972 necessitatem
535 1914 921 1973 Confessionis
971 1925 1039 1973 ut
1084 1913 1294 1992 dogma
1344 1912 1694 1972 catholicum
1747 1913 2146 1996 propugnasse
2170 1960 2185 1989 7

72 2020 248 2093 prout
279 2009 535 2093 ostendit
556 2054 571 2084 7
610 2009 874 2068 adductis
908 2009 1142 2068 illorum
1180 2005 1567 2084 testimoniis7
1606 2010 1826 2068 Natalis
1859 2010 2019 2069 Alex.
2062 2010 2186 2090 (4),

73 2104 174 2186 qui
213 2115 490 2184 praeterea
531 2103 802 2165 observat
839 2103 991 2163 male
1034 2103 1108 2162 ab
1147 2103 1258 2163 hoc
1303 2114 1536 2163 auctore
1572 2105 1746 2163 citata
1790 2105 1965 2164 fuisse
2011 2104 2189 2165 verba

73 2220 143 2257 ex
170 2198 563 2258 Poenitentiali
588 2199 877 2258 Theodori
897 2199 1325 2258 Cantuariensis
1352 2200 1667 2278 :Quidam
1683 2201 1806 2259 Deo
1823 2201 2188 2259 solummodo

72 2296 343 2373 confiteri
378 2295 593 2372 dehere
620 2306 868 2374 peccata
892 2296 1160 2366 dicunt,
1206 2307 1279 2353 ut
1331 2294 1538 2354 Groecz'
1556 2319 1575 2362 ,·
1613 2279 1872 2375 quidam
1904 2317 2036 2354 vero
2074 2297 2189 2354 Sa—

71 2391 408 2448 cerdotibus·
424 2411 537 2448 esse
552 2391 879 2469 confitenda
887 2402 1239 2470 percensent
1250 2434 1272 2462 ,
1300 2401 1369 2472 ut
1382 2401 1499 2449 tota
1515 2393 1643 2469 fere
1658 2402 1870 2450 sancta
1893 2393 2186 2451 Ecclesia.

71 2483 369 2565 Siquidem
398 2485 459 2542 in
498 2485 892 2547 Poenitentiali
928 2485 1219 2545 Theodori
1251 2484 1399 2543 nihil
1445 2485 1730 2562 ejusmodi
1775 2488 2023 2545 occurrit
2054 2532 2069 2561 7
2121 2498 2190 2545 ut

72 2589 236 2660 patet
255 2601 325 2638 ex
351 2581 761 2662 manuscriptis
792 2581 1082 2640 codicibus
1109 2574 1410 2663 ‘I'liuanaeae
1438 2581 1804 2642 Bibliothecae
1826 2630 1841 2658 7
1876 2606 1949 2643 ex
1981 2583 2191 2666 quibus

74 2673 221 2732 illud
262 2674 444 2734 edidit
484 2676 735 2735 Jacobus
770 2699 1006 2758 parvus,
1054 2679 1121 2735 In
1164 2698 1387 2736 canone
1424 2689 1621 2737 autem
1667 2679 1905 2738 XXXIII
1949 2679 2192 2739 Concilii

75 2768 492 2830 Cabillonensis
538 2773 628 2847 117
668 2793 736 2831 ex
773 2795 888 2854 quo
930 2784 1123 2832 textus
1159 2771 1257 2832 ille
1289 2771 1631 2854 desumptus
1672 2785 1791 2850 est,
1833 2774 2047 2834 desunt
2090 2774 2191 2834 illa

79 3012 82 3013 ⁷
137 2991 203 3052 (1)
241 2990 301 3038 Ut
331 3001 453 3055 patet
480 3010 533 3040 ex
552 3002 766 3041 contextu
796 2993 921 3042 illius
950 3011 1090 3043 cano-

74 3073 146 3118 nis
168 3108 181 3131 ‚
212 3072 291 3119 ubi
318 3090 466 3120 sermo
502 3074 553 3121 fit
573 3075 631 3122 de
657 3091 806 3122 errore
838 3078 1041 3139 practico
1072 3113 1086 3135 ‚

76 3163 128 3200 ut
157 3164 346 3210 vocant,
380 3158 533 3219 potius
557 3174 696 3221 quam
730 3156 788 3203 de
809 3156 1089 3221 speculativo

75 3250 126 3282 ac
147 3235 414 3287 theoretico,

135 3318 198 3380 (2)
237 3315 452 3382 Apposite
468 3314 516 3366 S.
537 3317 626 3367 Th.
649 3317 896 3366 Comment
914 3320 972 3366 ‘ln
1005 3334 1052 3368 tv
1075 3357 1088 3380 7

76 3399 182 3447 dist.
212 3416 266 3463 17
290 3435 302 3457 7
333 3409 510 3447 textum
532 3437 545 3459 7
577 3403 656 3465 qui
675 3401 809 3449 nobis
825 3404 1087 3472 apponitur,

72 3497 313 3544 exponens
345 3499 358 3528 ε
392 3481 536 3548 Quod
551 3484 755 3547 ponitur
775 3521 788 3543 ,
807 3485 958 3548 inquit
981 3482 1092 3542 ‚hio

71 3577 163 3626 pro
186 3563 408 3627 opinione
424 3599 442 3624 ‚
486 3563 680 3611 haeresis
706 3572 855 3613 est....
886 3563 958 3611 In
974 3553 1087 3613 t'ali-

78 3641 166 3689 bus
180 3677 196 3703 ‚
230 3652 487 3709 antequam
513 3645 854 3693 determinetur
873 3663 965 3712 per
990 3647 1090 3695 Ec-

77 3721 268 3773 clesiam
285 3763 298 3788 7
327 3726 454 3791 quod
477 3744 534 3775 ex
564 3729 633 3776 eis
658 3737 885 3794 sequatur
902 3727 1091 3794 aliquid

1171 2994 1469 3041 contrarium
1504 2992 1625 3057 fi'dei
1638 3031 1653 3050 ,
1680 3010 1777 3042 non
1791 2993 2064 3059 judicatur
2092 2993 2192 3042 hoe-

1173 3078 1292 3123 resis
1322 3092 1436 3123 esse.
1459 3073 1528 3124 Et
1551 3077 1619 3122 sic
1644 3076 1885 3139 lllaqister
1913 3083 1958 3122 et
1988 3075 2190 3124 Gratia-

1173 3174 1268 3204 nus
1282 3156 1368 3205 hoc
1386 3174 1474 3221 pro
1493 3159 1721 3222 opinione
1732 3165 1947 3223 ponunt‚·
1962 3143 2044 3204 sed
2058 3173 2193 3206 nunc

1170 3247 1277 3304 post
1290 3239 1727 3286 determinationem
1739 3238 1983 3299 Ecclesiae,
2001 3240 2089 3287 sub
2100 3238 2194 3286 In-

1173 3323 1392 3368 nocentio
1439 3337 1493 3368 ιιι
1543 3322 1725 3386 foetam
1759 3359 1772 3381 ‚
1820 3321 2018 3370 lzceresis
2059 3338 2192 3387 repn-

1175 3402 1326 3449 tanda
1343 3411 1430 3451 est.
2127 3419 2130 3422 ’

1243 3484 1312 3545 (3)
1347 3485 1468 3533 Inter
1528 3492 1701 3533 ceteros
1746 3483 1974 3532 Antonius
2034 3485 2194 3546 Augu-

1174 3569 1322 3616 stinus
1341 3605 1354 3628 7
1414 3567 1494 3614 De
1559 3567 1795 3615 Gratiani
1834 3564 2191 3622 emendatione,

1173 3647 1259 3697 lib.
1290 3663 1339 3709 Ι,
1375 3649 1486 3698 dial.
1529 3646 1609 3701 1⁴8.

1245 3730 1312 3795 (14)
1350 3729 1472 3782 Βίεε,
1511 3741 1556 3779 et
1585 3730 1674 3778 loc.
1703 3731 1803 3777 citt.
