2502 4186
597 271 719 308 GAP.
770 271 850 309 ιν.
900 271 967 307 nn
1010 268 1312 321 mmmmm,
1359 267 1532 321 voca,
1576 267 1700 303 Ere.
1894 305 1903 312 ,,
2091 242 2208 303 349

98 414 277 473 orabo
300 423 356 471 et
380 423 603 478 mente5
632 413 898 492 psa-llam
927 415 1155 492 spiritu
1169 453 1188 482 ,
1230 411 1493 489 psallam
1522 418 1581 467 et
1603 417 1809 465 mente.
1859 407 2127 466 Ceterum
2155 407 2210 466 si

94 509 468 568 benedixeris
494 510 755 586 spiritu,
793 511 908 585 qni
934 507 1166 585 supplet
1191 507 1385 563 locum
1420 504 1622 561 idiotoe
1638 545 1659 573 ,
1690 505 1976 580 quomodo
2013 505 2207 562 dicet:

2 595 8 601 ⁵
94 624 271 661 amen
279 645 300 674 ,
324 624 507 682 super
532 614 702 661 tuam
729 598 1221 662 benedictionem?
1257 600 1579 678 Quoniam,
1604 598 1759 676 quid
1788 598 1979 669 dieas’,
2002 603 2207 658 nescit.

93 699 263 759 Nam
292 710 357 757 tu
377 700 620 778 quidem
641 703 880 778 yratz’as
908 702 1077 778 6292'83
1103 696 1207 754 sed
1223 697 1374 753 alter
1405 715 1526 752 non
1551 694 1906 770 oedificacur.
1941 695 2008 752 20
2034 697 2212 776 Aper-

93 803 219 850 tum
250 793 424 873 igitur
465 804 590 867 est,
637 792 910 872 neglectis
953 788 1313 851 versionibus
1362 789 1547 848 Missae
1589 787 1951 861 vernaculis,
1998 789 2210 870 negligi

94 887 408 946 utilitatem
423 907 487 945 ac
503 887 876 946 devotionem
893 885 1151 946 fidelium
1165 885 1310 943 circa
1327 885 1512 943 Missae
1531 883 1900 944 Sacrificium.
1932 883 1997 941 30
2019 886 2209 958 Quare

93 981 433 1054 MarteniuS‚
459 981 721 1040 adductis
746 983 809 1039 in
833 981 1092 1040 medium
1115 978 1505 1061 quorumdam
1529 980 1871 1037 Sanctorum
1887 979 2168 1059 exemplis
2191 1026 2207 1054 ,

91 1076 480 1150 demonstrat,
505 1075 1028 1154 vernaculalingua
1044 1075 1397 1133 Sacrificium
1430 1073 1568 1132 olim
1593 1073 1786 1132 offerri
1818 1074 2205 1133 consuevisse.

92 1170 158 1231 4⁰
189 1172 291 1229 His
327 1171 608 1253 exemplis
642 1170 893 1253 permoti
944 1169 1190 1228 Romani
1230 1169 1536 1228 Pontifices
1572 1166 1859 1227 Adrianus
1893 1169 1979 1240 ΙΙ,
2026 1170 2212 1227 Joan-

91 1287 196 1326 nes
242 1268 403 1342 VIII7
462 1266 946 1326 Innocentius'IV
999 1266 1394 1346 permiserunt
1440 1263 1717 1344 Illyricis,
1772 1274 1839 1321 ut
1897 1263 2209 1324 vernacula

90 1360 285 1442 lingua
317 1362 716 1422 uterentur.in
741 1362 922 1420 Sacris
958 1359 1268 1432 faciendi33
1319 1359 1528 1418 Paulus
1558 1380 1693 1419 vero
1720 1360 1764 1416 V
1788 1358 2043 1440 idipsum
2075 1380 2212 1419 con-

92 1459 260 1517 cessit
299 1457 672 1532 Sinensibus3
710 1456 1041 1539 improvido
1081 1456 1331 1538 proinde
1368 1453 1606 1515 consilio
1640 1454 1969 1514 Tridentini
2010 1457 2207 1516 Patres

93 1553 515 1628 declararunt.⁴
548 1575 668 1612 non
716 1554 1026 1632 expedire,
1075 1550 1233 1632 quod
1274 1551 1579 1609 Pontifices
1620 1548 1708 1607 illi
1747 1550 2020 1630 expedire
2057 1550 2208 1609 facto

92 1648 219 1728 ipso
251 1647 654 1708 ostenderunt.
697 1647 924 1729 Duplici
963 1656 1272 1727 propterea
1307 1644 1383 1703 de
1419 1665 1586 1703 causa
1620 1642 2078 1725 improbandum
2121 1657 2210 1704 est

93 1743 502 1802 Tridentinum
531 1742 829 1801 decretum
853 1786 869 1815 ,
914 1752 1042 1798 tum
1070 1740 1203 1820 quia
1241 1759 1350 1799 nec
1393 1739 1686 1819 rationum
1721 1738 1981 1820 pondere
2015 1761 2208 1822 neque

90 1839 492 1920 exemplorum
516 1837 857 1896 auctoritate
886 1834 1124 1895 defendi
1150 1846 1343 1917 potest
1365 1881 1380 1910 ⁷
1418 1846 1547 1893 tum
1578 1835 1711 1916 quia
1734 1880 1750 1909 7
1792 1845 1859 1893 ut
1892 1834 2213 1895 advertunt

88 1926 324 2015 Sar'pius
364 1945 422 1993 et
452 1933 830 2013 Courayerius
853 1977 870 2006 ,
897 1953 1032 1990 cum
1078 1931 1323 1991 decretis
1376 1932 1776 1990 Romanorum
1812 1932 2161 1991 Pontificum
2188 1977 2206 2007 .,

89 2030 343 2088 maxime
370 2050 505 2088 vero
533 2028 777 2087 Joannis
809 2027 964 2097 VIII,
1001 2025 1290 2085 conciliari
1318 2024 1484 2084 nullo
1507 2026 1686 2084 modo
1715 2037 1928 2107 potest.
1964 2028 2125 2106 Ergo.

173 2123 310 2182 392.
355 2125 526 2204 Resp.
569 2121 656 2181 Ad
699 2122 811 2195 1¹1¹,
855 2123 999 2201 Ney.
1039 2122 1190 2179 Nam
1228 2141 1420 2201 neque
1467 2120 1777 2202 Apostolus
1828 2120 2087 2207 loquitur
2138 2122 2212 2183 de

92 2219 398 2276 Sacrorum
446 2215 865 2289 celebratione,
913 2237 1106 2296 neque
1155 2217 1518 2275 conveniunt
1563 2216 1806 2274 omnino
1857 2221 1976 2294 ejus
2029 2216 2213 2278 verba

93 2314 246 2371 casui
282 2324 501 2372 nostro,
545 2313 677 2370 Non
714 2311 976 2392 loquitur
1017 2310 1091 2369 de
1128 2311 1434 2370 Sacrorum
1468 2310 1856 2371 celebratione
1879 2357 1895 2386 .,
1943 2324 2009 2370 ut
2049 2324 2213 2393 patet

92 2430 161 2468 ex
185 2420 459 2468 contextu
476 2454 491 2483 a
525 2405 585 2466 in
611 2429 724 2488 quo
749 2429 940 2467 sermo
967 2417 1054 2466 est
1083 2406 1156 2466 de
1171 2406 1338 2466 donis
1367 2407 1928 2489 supernaturalibus,
1968 2429 2034 2467 ac
2055 2431 2211 2490 prae-

92 2505 291 2562 sertim
330 2504 402 2563 de
426 2504 579 2563 dono
607 2503 941 2583 linguarum
963 2548 978 2576 ‚
1013 2524 1127 2584 quo
1166 2505 1265 2583 qui
1304 2503 1572 2561 instructi
1611 2514 1778 2561 erant
1794 2546 1815 2574 ,
1848 2503 1908 2561 in
1947 2503 2212 2564 fidelium

93 2598 340 2659 coetibus
379 2598 770 2680 loquebantur
817 2597 1014 2677 lingua
1063 2619 1184 2655 non
1233 2619 1359 2667 sua,
1415 2619 1708 2679 quamque
1757 2619 1932 2656 nemo
1987 2601 2212 2681 assequi

101 2705 329 2776 poterat
350 2740 365 2765 ,
402 2706 462 2754 et
482 2692 870 2753 inducebatur
898 2692 1159 2751 confusio
1188 2703 1247 2751 et
1275 2692 1637 2774 perturbatio
1666 2694 1727 2751 in
1751 2692 1994 2753 Ecclesia
2020 2715 2122 2753 seu
2149 2696 2212 2752 in

96 2800 285 2863 coetu7
311 2790 372 2848 in
404 2811 580 2870 quem
611 2789 694 2847 illi
721 2786 1153 2848 conveniebant
1194 2786 1298 2867 (l)
1349 2789 1547 2869 Aptari
1584 2798 1867 2869 praeterea
1907 2781 2213 2871 nequeunt

97 2885 359 2966 Apostoli
387 2884 584 2946 'verba
622 2885 781 2944 casui
824 2895 1060 2957 nostr03
1101 2905 1232 2942 cum
1266 2883 1499 2963 lingua,
1534 2882 2019 2966 quamvadhibere
2066 2885 2213 2945 solet

97 2979 341 3038 Ecclesia
383 2980 444 3037 in
476 2981 726 3059 Liturgia
763 2990 821 3038 et
842 2980 906 3038 in
934 2980 1048 3038 suis
1079 2977 1377 3060 precibuS‚
1409 3001 1531 3038 non
1569 2980 1751 3060 possit
1802 2979 2066 3039 absolute
2102 2980 2214 3040 dici

94 3073 290 3153 lingua
323 3075 518 3154 ignota
547 3075 656 3155 ipsi
695 3074 910 3156 populo
934 3119 950 3149 ,
995 3076 1272 3155 quoniam
1311 3095 1416 3155 per
1458 3086 1762 3155 pastorum
1798 3075 2211 3135 instructiones

96 3181 156 3228 et
178 3169 613 3250 explanationes
636 3191 861 3239 eorum,
888 3170 1086 3248 quaein
1111 3169 1363 3248 Liturgia
1380 3170 1529 3226 fiunt
1551 3179 1610 3227 et
1630 3170 1904 3229 dicuntur
1924 3170 2000 3228 ad
2026 3173 2213 3230 Deum

95 3263 456 3323 laudandum
497 3275 670 3344 atque
715 3262 789 3321 ad
811 3263 1021 3341 gratias
1055 3266 1174 3323 Deo
1219 3263 1508 3344 agendaS‚
1542 3264 1727 3324 fidelis
1775 3264 2022 3346 quilibet
2073 3268 2211 3324 satis

95 3359 322 3419 edoceri
336 3360 536 3441 possit.
549 3360 620 3417 Hi
636 3370 772 3416 sunt
786 3361 1133 3439 interpretes
1148 3358 1255 3436 illi,
1274 3382 1417 3442 quos
1431 3359 2080 3441 requirebatApostolus
2102 3361 2210 3441 (2).

163 3579 230 3643 (l)
268 3579 370 3626 Hoc
394 3581 544 3642 ipsum
582 3578 746 3624 fatetur
783 3575 1105 3624 Rosenmuller
1262 3576 1332 3642 (2)
1351 3578 1450 3628 Cfr.
1468 3578 1675 3627 Fontana
1694 3616 1706 3638 ‚
1732 3579 2020 3626 Constitutio
2044 3577 2213 3625 Umen-

99 3663 278 3720 senior,
314 3663 363 3707 in
398 3657 606 3710 Scholiis
637 3662 689 3705 in
716 3657 802 3708 lib.
837 3656 907 3707 N.
951 3657 1015 3707 T.
1054 3661 1103 3706 in
1170 3674 1311 3720 ,unns
1333 3659 1922 3725 theoloqiceffpropuqnata
1941 3693 1956 3721 ,
1989 3669 2103 3707 tom.
2135 3673 2208 3719 111,

97 3740 224 3789 hunc
248 3741 419 3790 locum.
1184 3757 1288 3806 pag.
1311 3740 1411 3806 933
1444 3753 1488 3790 et
1512 3758 1642 3806 seqq.
