2502 4186
314 204 448 265 -128

894 225 1209 268 TRAGTATUS
1250 228 1319 264 DE
1363 227 1826 271 Gonrmuarlonn.

335 389 492 428 nunc
520 365 872 426 contendant
900 411 915 440 .‚
943 366 1093 426 hanc
1115 366 1577 428 benedictionem
1609 389 1729 428 non
1766 372 1980 452 requiri
2011 375 2121 432 nisi
2144 374 2215 433 de
2249 394 2403 455 prae-

322 474 504 544 'cepto
538 460 911 522 ecclesiastico
934 462 961 518 Ρ
989 462 1156 535 Quod
1194 475 1412 542 spectat
1445 463 1517 522 ad
1559 465 1854 545 Episcopos
1881 510 1896 539 .,
1933 465 2404 549 distinguendum

337 569 426 616 est
452 561 547 634 jus
573 556 880 642 antiquum
908 577 951 626 >a
977 561 1105 634 jure
1135 557 1477 629 recentiori3
1512 560 1675 635 juxta
1715 560 2018 642 antiquum
2050 564 2144 636 jus
2185 574 2406 620 certum

339 649 568 712 videtur
586 695 602 723 ,
629 650 882 731 potuisse
919 650 1221 731 Episcopos
1247 648 1526 728 ejusmodi
1547 651 2056 711 extraordinariam
2080 654 2408 712 facultatem

338 743 603 824 delegare
636 743 1004 824 Presbytero3
1025 749 1191 822 juxta
1225 766 1361 806 vero
1386 749 1479 823 jus
1517 766 1734 805 novum
1757 789 1772 819 ‚
1819 745 2024 805 saltem
2069 748 2131 804 in
2168 747 2409 806 Ecclesia

339 838 520 899 latina
543 885 558 914 .,
589 839 851 921 Episcopi
886 861 1005 898 non
1038 850 1280 920 possunt
1317 839 1377 897 id
1418 849 1727 920 praestare,
1764 860 1895 898 cum
1933 842 2036 899 uni
2062 843 2226 900 Rom.
2258 843 2410 900 Pon-

341 934 479 993 tifici
504 955 570 993 ea
602 943 888 994 reservata
923 934 996 991 sit
1029 934 1139 1012 (1).
1274 935 1277 938 ’

424 1028 497 1087 81
509 1073 521 1087 .
539 1027 822 1086 Secundo.
845 1029 928 1085 Ex
942 1026 1359 1106 Theologorum
1374 1025 1881 1107 disceptationibus
1893 1027 2036 1086 circa
2051 1028 2412 1088 essentialem

347 1121 1175 1183 SacramentiConfirmationis
1199 1121 1496 1180 materiam
1513 1142 1759 1202 pronum
1774 1132 1858 1180 est
1879 1120 2160 1200 colligere,
2186 1122 2416 1182 easdem

343 1218 588 1296 viguisse
608 1216 1022 1275 controversias
1047 1215 1194 1273 circa
1216 1215 1481 1274 formam.
1523 1217 1631 1288 Qui
1659 1217 1816 1275 enim
1856 1214 2162 1275 adstruunt
2180 1261 2196 1291 ,
2236 1217 2418 1275 solam

343 1330 626 1369 manuum
660 1308 1086 1386 impositionem
1108 1308 1228 1367 sive
1256 1310 1650 1368 extensionem
1669 1355 1684 1383 ,
1712 1329 1836 1390 quae
1865 1307 1937 1366 ab
1970 1309 2244 1390 Episcopo
2268 1331 2414 1391 ¹prae-

343 1406 596 1464 mittitur
625 1424 797 1482 supra
816 1413 1029 1461 ¹omnes
1055 1413 1418 1482 congregatos
1441 1448 1457 1477 ,
1495 1424 1616 1462 esse
1661 1403 1963 1462 materiam
2013 1403 2372 1462 essentialem
2400 1450 2416 1478 .,

343 1500 600 1559 inferunt
617 1542 635 1573 ,
663 1497 808 1556 solas
836 1517 1032 1578 preces
1052 1541 1068 1572 .,
1099 1517 1224 1578 quae
1248 1497 1310 1555 in
1345 1518 1410 1556 ea
1440 1496 1763 1555 funduntur
1784 1542 1800 1571 .,
1828 1518 2024 1556 veram
2060 1508 2116 1554 et
2141 1499 2411 1557 essentia-

342 1594 460 1654 lem
494 1593 740 1652 formam
774 1592 1138 1650 constituere.
1181 1591 1290 1664 Qui
1334 1612 1468 1651 vero
1507 1590 1911 1649 simultaneam
1948 1612 2151 1649 manus
2179 1592 2420 1672 imposi—

343 1690 563 1748 tionem
587 1698 644 1746 et
664 1686 997 1745 unctionem
1018 1696 1299 1766 tanquam
1325 1685 1608 1764 integram
1630 1707 1694 1745 ac
1723 1684 2087 1745 essentialem
2117 1688 2418 1745 materiam

344 1793 615 1858 tuentur,
642 1779 951 1860 colligunt,
984 1801 1054 1839 ex
1081 1774 1272 1840 verbis
1291 1823 1307 1853 ,
1335 1799 1461 1859 quae
1492 1779 1553 1838 in
1578 1800 1643 1838 ea
1673 1780 1895 1858 actione
1915 1781 2377 1860 pronunciantur
2400 1826 2415 1856 ,

345 1880 591 1937 formam
624 1896 898 1954 exurgere
926 1873 1084 1933 idem
1107 1873 1193 1931 illi
1243 1884 1479 1947 tenent⁷
1522 1874 1704 1955 quiin
1740 1872 1858 1931 sola
1879 1874 2149 1933 unctione
2184 1876 2420 1933 seorsim

347 1983 579 2054 sumpta
606 1971 908 2029 materiam
943 1991 1064 2028 esse
1099 1967 1475 2026 arbitrantur.
1534 1969 1607 2026 Hi
1643 1989 1815 2048 porro
1857 1989 2056 2026 omnes
2095 1968 2415 2045 affirmant,

349 2066 714 2128 essentialem
767 2065 1014 2123 formam
1062 2063 1217 2145 apud
1251 2066 1470 2122 Graecos
1510 2073 1568 2120 et
1608 2061 1927 2121 Orientales
1968 2062 2030 2119 in
2071 2062 2182 2119 illis
2235 2063 2422 2122 verbis

348 2162 629 2221 contineri
658 2184 671 2217 :
705 2161 1102 2239 Siqnaculum
1140 2159 1283 2215 doni
1308 2159 1574 2235 Spiritus
1608 2158 1817 2214 Sancti
1839 2200 1854 2229 .,
1888 2177 2020 2213 cum
2055 2155 2164 2214 alia
2189 2155 2259 2214 ab
2286 2158 2423 2238 ipsis

347 2278 466 2314 non
485 2265 826 2335 usurpetur3
857 2253 988 2311 licet
1015 2273 1319 2331 perperam
1350 2249 1618 2308 nonnulli
1644 2249 1913 2328 Theologi
1930 2271 2000 2309 ex
2015 2252 2422 2332 praeconceptis

348 2348 713 2431 opinionibus
740 2347 1099 2426 refragentur
1123 2346 1235 2422 (2).
1273 2344 1518 2404 Perinde
1551 2344 1707 2404 enim
1733 2343 1880 2402 hanc
1913 2344 2159 2404 formam
2189 2346 2424 2427 exponit

417 2595 486 2660 (1)
523 2593 622 2643 Cfr.
665 2564 835 2642 Bened.
875 2608 969 2651 xv,
1012 2589 1101 2639 loc.
1146 2591 1226 2638 cit.
1266 2588 1354 2638 Hic
1435 2590 1587 2654 hyteri
1623 2597 1838 2637 sanctum
1879 2588 2088 2644 chrisma
2130 2590 2422 2653 conficiant;

350 2676 639 2734 addendum,
659 2673 784 2740 quod
802 2672 1047 2720 observant
1067 2671 1181 2719 edit.
1202 2669 1352 2718 Maur.

351 2753 510 2821 opp.S.
532 2755 660 2818 Greg.
681 2754 749 2801 M.
767 2756 819 2800 in
833 2755 950 2799 notis
965 2753 1022 2799 ad
1038 2750 1204 2816 Epist.
1225 2766 1355 2811 xxvx,

348 2838 456 2885 libri
483 2854 529 2885 lv
562 2852 576 2883 z
605 2834 750 2898 Afris
792 2830 1089 2896 Presbyterz’s
1112 2866 1125 2889 ‚
1163 2833 1316 2896 inquit
1334 2867 1347 2889 ‚

350 2935 412 2966 ne
440 2917 647 2965 chrisma
675 2914 980 2978 conficerent,
1004 2903 1235 2979 plurimis
1265 2927 1349 2958 ca-

350 2998 556 3048 monibus
560 2995 854 3063 prohibitum
862 2994 1024 3059 fuerat
1041 3014 1055 3040 .·
1075 2991 1179 3040 illos
1192 3001 1349 3040 tamen

350 3083 479 3129 circa
515 3095 696 3127 nonum
716 3075 925 3124 seculum
962 3075 1170 3122 chrisma
1199 3073 1356 3138 conse-

349 3163 469 3209 cisse
485 3161 709 3226 supponit
723 3157 935 3205 Ioannes
951 3155 1092 3205 Diae.
1121 3157 1175 3201 in
1191 3155 1352 3219 Epist.

350 3242 416 3290 ad
445 3239 702 3292 Senarium
721 3276 734 3299 ‚
773 3255 915 3302 quam
938 3238 1121 3286 Ilffusaei
1146 3235 1318 3282 Italici
1338 3273 1351 3295 ,

352 3331 466 3372 tom.
496 3339 543 3381 1,
567 3319 884 3370 Mabillonius
909 3318 1071 3366 edidit.
1103 3337 1124 3360 ιι
1141 3314 1239 3366 Sed
1266 3332 1350 3364 nec

351 3402 476 3451 illud
506 3408 673 3465 tanqat
712 3401 933 3447 animum
955 3435 968 3458 ‚
1007 3397 1174 3445 scribit
1197 3413 1249 3445 n.
1283 3395 1315 3444 8
1335 3434 1347 3457 ‚

349 3482 483 3549 quod
509 3483 606 3530 sibi
630 3480 886 3545 aliquando
911 3478 1128 3543 quaedam
1161 3479 1235 3525 vis
1271 3493 1352 3524 ne-

352 3566 586 3614 cessitatis
610 3564 812 3611 assumit
830 3598 845 3618 ‚
876 3559 1024 3608 veluti
1042 3561 1057 3624 (
1075 3559 1198 3624 quod
1219 3575 1348 3606 nunc

348 3662 440 3711 per
464 3644 690 3710 Africam
723 3642 833 3707 fieri
856 3642 1036 3690 dicitur
1061 3643 1076 3705 )
1117 3649 1171 3688 ut
1202 3640 1347 3688 Pres-

1435 2669 1559 2733 quod
1590 2671 1756 2716 merito
1774 2678 2008 2727 moveret,
2039 2671 2082 2717 si
2110 2672 2250 2718 istam
2266 2674 2427 2736 ponti-

1433 2750 1589 2814 ficalis
1633 2751 1892 2798 auctoritas
1932 2749 2172 2798 licentiam
2214 2769 2313 2800 non
2350 2752 2427 2800 de-

1431 2832 1594 2880 disset.
1649 2829 1790 2880 Unde
1828 2841 2008 2880 constat
2044 2849 2074 2879 a
2110 2830 2425 2898 Pontificibus

1429 2912 1765 2976 quodammodo
1787 2913 1899 2975 fieri
1916 2950 1928 2970 ‚
1957 2913 2080 2977 quod
2099 2917 2155 2961 in
2182 2925 2314 2962 tanta
2348 2931 2425 2962 re-

1430 3010 1536 3040 rum
1557 2996 1828 3041 necessitate
1847 3033 1856 3051 ‚
1878 3003 1930 3041 ut
1951 3012 1980 3041 a
1997 2995 2294 3060 Presbyteris
2307 2996 2431 3062 effici

1428 3076 1580 3139 possit
1594 3111 1607 3130 ‚
1629 3076 1845 3140 superior
1861 3075 1971 3123 ordo
1984 3077 2270 3125 constituit.»

1503 3155 1564 3218 (Ξ)
1602 3156 1806 3204 Marinus
1835 3193 1848 3215 ‚
1893 3156 2106 3205 Nicolaus
2153 3157 2382 3205 Cabasilas
2409 3193 2424 3218 ‚

1436 3236 1718 3284 Christianus
1747 3238 1931 3301 LupuS,
1966 3247 2045 3285 aut
2076 3248 2238 3302 negant
2269 3241 2318 3285 in
2337 3239 2426 3287 illis

1431 3319 1577 3365 verbis
1625 3319 1818 3365 formam
1842 3317 2122 3366 Sacramenti
2170 3317 2425 3368 Confirma-

1432 3401 1568 3446 tionis
1613 3402 1853 3448 consistere
1876 3436 1889 3458 ,
1942 3409 2020 3447 aut
2063 3399 2220 3446 saltem
2272 3403 2425 3449 minus

1433 3489 1586 3543 aptam
1616 3496 1716 3528 eam
1759 3480 1845 3527 sibi
1880 3480 2022 3528 videri
2062 3479 2308 3530 affirmant.
2347 3483 2425 3550 Ast

1430 3578 1532 3608 eam
1585 3570 1770 3609 tuentur
1821 3561 2043 3608 Arcadius
2070 3597 2083 3619 ‚
2143 3560 2378 3609 Bessarion
2405 3599 2418 3622 ‚

1429 3641 1640 3704 Goarius,
1665 3641 1992 3703 Renaudofius,
2015 3639 2298 3705 Holstenius‚
2321 3644 2424 3708 qui-
