2502 4186
668 278 805 319 cAP..
834 254 920 316 '111.
963 277 1031 314 ms
1073 273 1330 313 mnusmo
1369 268 1638 311 numism.
2132 252 2205 310 21

53 454 59 457 -
112 426 363 505 publica
398 441 464 480 ea
497 420 705 479 dicitur
727 465 744 497 ‚
783 441 894 501 qua
927 415 1142 498 passim
1176 415 1238 470 in
1286 411 1530 471 Ecclesia
1572 409 1860 490 baptisma
1894 411 2208 473 vconfertur

123 519 239 591 suis
287 515 490 575 ritibus
527 536 591 573 ac
631 512 965 593 ceremoniis
978 513 1001 581 ’ς
1034 511 1286 586 privata
1315 506 1566 585 denique
1600 526 1665 563 ea
1692 515 1779 563 est
1805 549 1820 577 7
1853 525 1998 585 qua7
2043 509 2201 584 gravi

124 610 462 691 impellente
514 608 882 679 necessitate,
938 600 1141 683 quovis
1198 598 1322 657 loco
1367 619 1432 656 ac
1484 609 1746 679 tempore
1804 597 1959 657 idem
2004 600 2206 659 Sacra-

128 715 394 763 mentum
424 700 812 759 administrari
840 695 1152 756 consuevit.

208 796 302 854 53.
350 797 547 874 ltaque
584 792 856 873 baptismi
893 793 1164 850 solemnis
1198 786 1463 844 minister
1497 785 1763 866 proprius
1793 797 1853 845 et
1889 786 2210 848 ordinarius

129 900 213 949 est
250 889 560 968 Episcopus
586 913 601 960 3
631 889 875 966 publici
900 895 983 943 est
1021 881 1330 954 Sacerdos7
1374 879 1665 958 delegatus
1689 900 1827 940 vero
1863 891 1920 939 et
1950 893 2208 941 extraor-

128 981 384 1041 dinarius
425 993 512 1039 est
540 981 854 1050 Diaconus3
886 980 1123 1057 privati
1152 975 1401 1055 denique
1422 973 1663 1054 quilibet
1685 995 1806 1034 esse
1828 985 2051 1055 potest,
2086 977 2207 1035 sive

128 1077 361 1136 clericus
383 1120 399 1150 7
433 1075 552 1135 sive
578 1075 748 1133 laicus
767 1117 783 1146 7
814 1072 935 1132 sive
968 1069 1255 1130 masculus
1280 1116 1296 1146 7
1327 1069 1447 1130 sive
1468 1069 1678 1127 femina
1705 1114 1721 1143 7
1747 1089 1854 1128 nec
1876 1090 1996 1128 non
2023 1068 2210 1128 haere-

130 1173 274 1230 ticus
309 1181 367 1228 et
401 1169 666 1228 infidelis,
1712 1231 1714 1233 Ι

212 1263 308 1324 54.
355 1265 510 1322 Circa
545 1260 819 1341 baptismi
846 1259 1122 1319 solemnis
1150 1268 1209 1318 et
1241 1257 1457 1340 publici
1485 1258 1817 1317 ministrum
1852 1258 2211 1318 ordinarium

132 1370 194 1419 et
226 1356 742 1417 extraordinarium
768 1353 929 1412 nulla
951 1352 1134 1411 'nobis
1158 1364 1245 1412 est
1279 1351 1666 1411 controversia
1705 1374 1838 1411 cum
1870 1355 2209 1412 Protestan-

131 1453 324 1526 tibus3
367 1471 543 1531 quare
581 1439 644 1507 in
686 1449 795 1508 hoc
828 1447 1112 1507 tradendo
1150 1446 1423 1505 doctrinae
1453 1447 1639 1526 capite
1675 1446 1880 1508 breves
1919 1469 2039 1506 esse
2077 1469 2215 1528 pos-

132 1566 366 1618 sumus3
404 1566 526 1602 non
560 1544 701 1602 item
739 1564 876 1603 vero
920 1543 983 1602 in
1033 1541 1215 1600 altero
1255 1540 1442 1620 capite
1475 1538 1823 1600 vindicando
1845 1584 1862 1617 7
1892 1539 1965 1599 ob
1993 1539 2218 1599 dissen-

125 1640 346 1700 sionem
383 1638 877 1713 Calvinianorum‚
922 1636 994 1696 de
1033 1657 1145 1718 qua
1182 1633 1357 1693 modo
1388 1633 1660 1693 diximus.

932 1842 1335 1895 PROPOSITIO
1373 1842 1417 1894 Ι.

126 1988 507 2056 Sacramenti
554 1972 930 2064 baptismatis
982 1988 1259 2043 ministri
1307 1985 1622 2042 ordinarii
1668 1995 1812 2042 sunt
1846 1987 2138 2063 Episcopi
2173 1996 2229 2047 et

169 2083 543 2161 Presbyteri,
591 2081 1075 2140 eoetraordinarii
1102 2099 1232 2139 vero
1270 2089 1325 2137 et
1362 2099 1432 2137 em
1469 2079 1824 2158 deleyatione
1846 2120 1868 2150 ,
1899 2079 2181 2137 Diaconi.

217 2269 312 2328 55.
357 2271 456 2328 Est
485 2280 645 2332 certa
686 2270 877 2351 quoad
914 2270 1164 2348 singulas
1202 2292 1332 2330 suas
1366 2282 1560 2351 partes
1609 2269 1730 2328 haec
1763 2269 2100 2351 propositio,
2147 2270 2227 2328 Ac

133 2365 323 2445 primo
341 2364 574 2440 quidem
591 2408 606 2436 7
637 2364 940 2444 Episcopos
966 2363 1283 2422 ordinarios
1303 2385 1424 2423 esse
1451 2364 1621 2441 hujus
1651 2365 2007 2422 Sacramenti
2032 2363 2227 2421 minis-

133 2469 252 2516 tros
272 2502 287 2530 7
318 2479 623 2538 nunquam
652 2456 985 2515 dubitatum
1014 2457 1140 2516 fuit.
1176 2457 1337 2516 Tales
1368 2468 1648 2539 praeterea
1673 2478 1794 2515 esse
1826 2456 2226 2536 Presbyteros7

137 2552 554 2610 subordinatos
588 2561 786 2610 tamen
807 2594 823 2625 7
848 2563 1072 2609 constat
1094 2573 1163 2610 ex
1189 2553 1438 2630 Eugenio
1474 2552 1551 2610 lV
1574 2597 1589 2625 7
1623 2553 1722 2632 qui
1756 2552 1819 2608 in
1850 2573 1950 2609 suo
1992 2554 2231 2610 Decrcto

137 2667 237 2705 seu
263 2647 664 2705 Instructione
691 2665 809 2725 pro
847 2647 1132 2704 Armenis
1148 2689 1168 2717 ,
1222 2658 1419 2727 'aperte
1455 2645 1634 2704 tradit
1668 2667 1681 2704 ε
1728 2647 2011 2704 Minister
2051 2647 2233 2722 liujus

139 2834 214 2882 die
240 2833 522 2882 Clodoveum
564 2834 845 2882 Francorum
881 2851 1034 2898 regem
1063 2852 1137 2882 re·
1219 2836 1465 2899 praesertim
1516 2834 1762 2881 festivitate
1823 2832 1965 2883 Siculi
2007 2833 2233 2898 baptizari

145 2924 404 2977 generatum
419 2932 536 2974 esse,
552 2925 774 2963 memorat
788 2917 945 2964 Avitus
965 2952 978 2974 7
994 2915 1140 2963 vien·
1221 2916 1437 2963 amabant
1454 2932 1468 2979 3
1487 2917 1611 2981 quod
1635 2916 1681 2964 S.
1712 2917 1802 2965 Leo
1820 2916 1888 2964 M.
1907 2914 1959 2962 E
1954 2917 2068 2980 pist.
2089 2929 2203 2963 xvm
2217 2952 2232 2975 ‚

143 2996 295 3042 nensis
335 2995 613 3061 Episcopus,
656 2999 706 3044 in
743 2998 930 3060 epistola
969 2997 1027 3044 ad
1066 2999 1139 3060 ip-
1221 3014 1270 3044 n.
1303 3012 1331 3042 2
1365 3007 1407 3044 et
1427 3014 1497 3063 9,
1532 2998 1776 3061 improbat.
1803 2997 1854 3045 S.
1883 2995 2235 3060 Greg.Nyssen.

145 3084 341 3122 summet
358 3090 525 3138 regem.
552 3078 763 3142 Eumque
778 3095 949 3125 morem
965 3081 1015 3124 in
1035 3075 1143 3124 Gal·
1225 3096 1276 3126 ea
1302 3080 1398 3141 ipsa
1442 3078 1518 3125 die
1546 3081 1797 3126 orationem
1837 3078 1896 3125 ad
1938 3076 2235 3141 baptizandos

143 3155 216 3203 liis
245 3173 329 3202 usu
361 3167 593 3220 receptum
621 3176 716 3206 esse
739 3194 753 3217 7
783 3158 928 3222 liquet
953 3175 1003 3206 ex
1035 3156 1146 3206 Gre-
1225 3158 1405 3206 habuit.
1474 3158 1648 3207 Morem
1730 3158 1944 3207 eumdem
1996 3158 2236 3205 adstruunt

145 3239 267 3302 gorio
311 3236 482 3283 Tui-on.
524 3237 606 3284 lib.
638 3237 708 3286 De
744 3226 913 3286 Gloria
945 3238 1145 3302 confess.
1228 3236 1276 3286 S.
1327 3238 1461 3304 Greg.
1496 3239 1607 3289 Naz.
1649 3239 1791 3288 Orat.
1830 3256 1916 3300 xz,
1962 3238 2096 3287 Joan.
2134 3239 2237 3286 Mo-

146 3336 246 3382 cap.
276 3315 342 3383 69
368 3328 411 3365 et
447 3315 540 3382 76,
581 3334 759 3367 necnon
809 3319 947 3367 Hist.
979 3319 1151 3381 Eran—
1230 3322 1365 3369 schus
1413 3324 1462 3368 in
1504 3322 1655 3370 Prata
1691 3322 1851 3386 spirit.
1902 3337 2003 3385 cap.
2052 3317 2150 3382 214
2195 3328 2241 3369 et

147 3416 309 3448 corum
329 3435 342 3457 ‚
383 3399 464 3445 lib.
505 3415 582 3445 vm
606 3435 619 3457 ,
653 3415 751 3463 cap.
782 3416 837 3466 9.·
865 3401 993 3447 ldem
1024 3406 1071 3453 et
1096 3401 1153 3448 de
1207 3402 1470 3451 liutherius
1497 3402 1669 3451 Veron.
1695 3401 1854 3450 Serm.
1877 3418 1892 3448 1
1926 3400 1982 3448 de
1997 3401 2231 3464 quadraq.

151 3481 293 3527 natali
312 3479 363 3527 S.
390 3480 527 3527 Joan.
556 3479 762 3543 Baptistae
779 3483 851 3528 die
873 3482 1153 3530 censendum
1232 3483 1371 3531 Plura
1396 3483 1482 3531 alia
1509 3483 1599 3530 Cfr.
1643 3484 1764 3547 apud
1795 3482 2044 3540 Constant,
2074 3479 2237 3544 Epist.

151 3578 247 3611 esse
262 3594 277 3619 ,
316 3562 555 3626 persuadet
587 3563 661 3609 hic
683 3571 937 3625 postremus
951 3562 1155 3626 Gregorii
1235 3565 1374 3614 Rom.
1393 3562 1575 3628 Pontifl
1600 3567 1649 3611 in
1666 3565 1818 3612 adnot.
1841 3563 1898 3611 ad
1925 3562 2069 3626 Epist.
2088 3558 2133 3608 S.
2152 3557 2240 3627 Sya-

153 3643 580 3692 Turonensislocus.
596 3643 726 3691 Plura
744 3653 851 3690 sunt
864 3646 1158 3708 antiquorum
1237 3649 1338 3696 ricii
1366 3647 1425 3695 ad
1449 3646 1707 3695 Himerium
1727 3682 1740 3708 ‚
1778 3644 1866 3693 col.
1892 3639 2010 3690 626.

156 3728 414 3775 testimonia
444 3743 526 3791 pro
552 3724 915 3793 Epiphaniorum
944 3724 1034 3773 die.
1061 3724 1158 3774 Hac
