2502 4186
324 234 436 296 138
861 291 864 294 ,
927 254 1250 296 τιιΔοΤΔΤυε
1292 259 1360 295 nn
1403 259 1795 300 nucmms'rm.

318 398 528 461 tholiea
568 401 811 460 veritate
843 399 1221 477 stabilienda,
1258 424 1386 484 quae
1413 404 1588 463 totius
1629 404 2037 487 disputationis
2078 424 2166 471 est
2201 414 2413 473 funda-

318 507 627 568 mentum,
665 517 698 553 a
742 494 883 554 reali
917 517 1131 579 nempe
1169 497 1430 558 Christi‘
1415 521 1477 557 1n
1529 500 1882 561 Eucharistia
1932 509 2255 584 praesentia.
2299 511 2418 569 Hac

318 590 476 649 enim
525 589 705 649 semel
753 591 1099 668 constituta,
1149 615 1402 675 pronum
1452 605 1539 655 est
1588 593 1661 655 de
1707 597 1874 656 modo
1922 597 2234 676 disserere‚
2302 626 2417 685 quo

319 683 578 743 Christus
614 685 683 743 fit
714 685 944 746 realiter
986 709 1242 768 praesens
1277 711 1382 772 per
1414 692 2149 754 εναηεαὸειαφιίιαίιιᾙηωη
2203 698 2285 755 Ex
2328 699 2417 757 his

316 800 492 860 porro
536 778 764 841 duobus
819 783 1123 864 praecipuis
1178 785 1428 844 articulis
1484 795 1766 867 tanquam
1823 788 2070 848 totidem
2125 790 2419 850 corollaria

318 872 669 933 deducemus
702 875 923 958 reliqua
955 877 1231 939 doctrinae
1269 881 1491 960 capita,
1530 879 1602 939 de
1642 881 1851 962 quibus
1895 882 2063 943 nobis
2100 884 2264 944 litem
2312 907 2420 944 no-

317 979 545 1030 vatores
592 971 996 1048 intentarunt,
1044 974 1188 1034 cirea
1247 974 1515 1056 ejusdem.
1552 975 1763 1035 scilicet
1818 979 2175 1038 Sacramenti
2214 979 2420 1039 adora—

248 1125 251 1129 ,
318 1065 575 1139 tionem,
625 1067 1096 1127 communionem
1138 1069 1247 1127 sub
1284 1070 1451 1128 unica
1505 1070 1725 1152 specie,
1770 1081 1829 1130 et
1877 1072 2114 1152 quidem
2156 1095 2227 1132 ex
2274 1094 2420 1153 prae-

317 1161 682 1219 sanctificatis
710 1206 726 1235 7
761 1162 905 1220 circa
930 1163 1191 1241 ejusdem
1214 1164 1468 1246 denique
1494 1167 1902 1226 necessitatem
1930 1187 1994 1225 ac
2015 1167 2422 1249 dispositiones

318 1254 391 1314 ad
423 1255 613 1336 ipsum
641 1256 1099 1337 percipiendum.

1208 1448 1449 1507 CAPUT
1493 1452 1538 1508 Ι.

643 1646 709 1682 ΒΕ
753 1645 914 1683 REALI
953 1645 1175 1683 CHRISTI
1218 1646 1530 1685 PRAESENTIA
1574 1649 1634 1684 IN
1677 1648 2069 1688 EUGHARISTIA.

403 1827 461 1884 6.
511 1827 555 1884 Α
602 1827 831 1885 Jo‘anne
881 1827 1048 1885 Scoto
1098 1838 1480 1905 cognomento
1522 1828 1761 1907 Erigena
1809 1829 2000 1888 seculo
2040 1830 2118 1887 IX
2162 1830 2423 1910 primum-

320 1922 723 2003 impugnatam
771 1921 943 1980 fuisse
990 1920 1205 1981 realem
1264 1921 1476 1981 Christi
1526 1920 1897 2003 praesentiam
1946 1924 2010 1981 in
2068 1923 2417 1984 Eucharistia

320 2015 594 2076 nonnulli
641 2016 1009 2091 existimant,
1053 2037 1179 2098 quae
1214 2027 1413 2075 tamen
1452 2038 1543 2076 res
1581 2018 1803 2077 incerta
1845 2017 2162 2076 admodum
2192 2029 2280 2076 est
2305 2019 2416 2095 (1).

325 2112 504 2190 Vulgo
546 2113 810 2171 omnium
849 2113 1474 2171 &commentariorum
1516 2112 1605 2190 (2)
1650 2133 1860 2192 parens
1905 2122 2172 2170 censetur
2208 2113 2424 2170 Beren-

322 2208 543 2286 gariuS,
598 2207 855 2266 Ecclesiae
888 2206 1316 2286 Andegavensis
1360 2205 1794 2265 archidiaconus
1841 2226 1950 2265 sec.
1996 2207 2109 2283 XI,
2148 2204 2423 2265 adversus

323 2324 498 2383 quem
530 2303 789 2384 undique
828 2305 1270 2362 insurrexerunt
1305 2302 1414 2362 viri
1445 2324 1567 2361 non
1590 2301 1782 2360 minus
1813 2301 2074 2361 doctrina
2098 2322 2273 2383 quam
2298 2323 2425 2359 san-

323 2399 522 2458 ctitate
559 2410 897 2482 praestantes
920 2444 936 2474 ,
984 2399 1267 2481 pluraque
1302 2398 1588 2458 celebrata
1622 2398 1874 2458 Concilia
1909 2410 2078 2472 sunt3
2118 2399 2180 2456 in
2217 2394 2422 2479 quibus

322 2495 538 2553 iterum
568 2506 742 2576 atque
768 2496 982 2554 iterum
1006 2494 1273 2554 haeresim
1305 2516 1468 2554 suam
1496 2494 1595 2554 ille
1618 2494 1866 2573 ejuravit
1885 2536 1903 2570 ,
1935 2496 1996 2552 in
2024 2515 2200 2575 quam
2224 2503 2423 2551 tamen

322 2589 498 2650 homo
530 2589 852 2651 levissimus
894 2591 1101 2673 saepius
1143 2602 1277 2673 post
1313 2590 1693 2668 ejurationem
1736 2589 2036 2671 prolapsus
2080 2599 2197 2663 est,
2241 2586 2425 2646 donec

324 2709 464 2749 vere
500 2687 794 2768 poenitens
831 2688 895 2746 in
936 2687 1343 2746 communione
1374 2686 1633 2746 Ecclesiae
1671 2686 1868 2746 vivere
1913 2683 2079 2743 desiit
2117 2684 2227 2765 (3).
2275 2684 2423 2741 Eum

394 2920 458 2984 (l)
495 2920 593 2969 Csr.
639 2920 918 2986 Perpetuite}
965 2921 1022 2969 de
1070 2920 1116 2968 la
1163 2922 1240 2985 soi
1278 2921 1334 2968 de
1416 2938 1545 2968 mum
1575 2923 1723 2968 vocati
1756 2929 1864 2967 sunt
1899 2919 2165 2982 Zwingliani
2195 2928 2239 2967 et
2273 2917 2424 2967 Calvi-

327 2994 525 3068 l’quise
550 3002 818 3068 catholique
842 3003 1066 3051 touchant
1099 3002 1333 3052 l'Eucha-
1416 3004 1566 3063 nistae,
1587 3019 1640 3050 eo
1659 3001 1782 3066 quod
1797 3003 2040 3067 rejicerent
2056 3001 2297 3066 dogmade
2317 3001 2425 3048 reali

326 3086 462 3132 ristie
479 3123 492 3144 ‚
519 3084 669 3146 Paris,
706 3084 827 3152 1704
846 3123 860 3146 ‚
887 3096 999 3134 tom.
1031 3102 1050 3132 1
1067 3123 1080 3144 ,
1108 3086 1185 3133 liv.
1221 3099 1331 3146 vm,
1417 3082 1587 3131 Christi
1606 3085 1842 3147 praesentia
1867 3084 1918 3130 in
1938 3082 2249 3141 Eucharistia‚
2273 3098 2425 3147 neque

327 3166 406 3214 ch.
450 3182 504 3213 12
527 3203 540 3225 ‚
568 3185 655 3216 nec
693 3185 789 3216 non
826 3167 943 3216 ibid.
974 3167 1250 3232 Refutation
1280 3166 1337 3214 de
1419 3174 1712 3230 agnoscerent
1755 3167 1805 3212 in
1852 3182 1906 3213 ea
1942 3166 2030 3212 nisi
2082 3162 2180 3211 sola
2215 3161 2424 3226 symbola

329 3245 500 3308 l’ecrit,
517 3247 633 3296 d’un
673 3250 893 3296 ministre
914 3286 927 3309 ,
974 3255 1067 3298 etc.
1110 3251 1336 3297 troisieme
1418 3265 1497 3295 seu
1533 3255 1887 3295 sacramentum
1922 3245 2107 3293 nudum
2145 3246 2344 3309 eorporis
2381 3254 2425 3292 et

329 3331 474 3395 partie
498 3366 511 3387 ‚
555 3330 630 3378 eh.
670 3331 699 3379 3
724 3366 738 3391 ‚
782 3330 864 3378 ubi
911 3331 1163 3379 ostenditur
1206 3331 1337 3378 nullo
1420 3332 1653 3394 sanguinis
1679 3329 1893 3378 Domini.

330 3410 476 3460 solido
513 3411 815 3461 fundamento
843 3414 983 3461 inniti
1014 3429 1119 3474 eos,
1155 3415 1234 3478 qui
1262 3416 1335 3461 in·
1487 3412 1555 3476 (3)
1589 3412 1685 3461 cfr.
1726 3411 1834 3460 Nat.
1883 3410 2012 3458 Alex.
2067 3407 2247 3455 dissert.
2287 3423 2302 3453 1
2324 3443 2336 3465 ‚
2378 3408 2428 3453 in

330 3503 551 3542 eusarunt
574 3493 801 3543 Joannem
831 3493 1024 3543 Scotum
1046 3531 1059 3553 ‚
1088 3495 1211 3560 quod
1233 3513 1337 3560 per-
1420 3512 1510 3544 sec.
1540 3511 1591 3542 xr
1622 3505 1668 3543 et
1702 3511 1767 3542 ιιι
1785 3531 1799 3554 ,
1832 3491 1901 3541 De
1926 3506 2075 3539 causa
2103 3488 2393 3552 Berenqarii
2407 3503 2430 3547 ‚-

330 3593 487 3641 peram
514 3578 702 3625 senserit
723 3578 841 3625 circa
859 3577 1028 3626 realem
1048 3576 1216 3626 Christi
1232 3593 1335 3641 prae-
1422 3575 1559 3625 Joan.
1575 3576 1833 3624 Mabillonii
1850 3574 2028 3622 dissert.
2051 3569 2124 3618 De
2136 3568 2432 3632 Berenqario
2484 3608 2494 3619 ,,

333 3645 543 3706 sentiam.
576 3657 750 3706 Verum
778 3658 835 3706 de
862 3659 951 3707 hoc
982 3667 1149 3724 postea.
1423 3661 1616 3725 ejusque
1653 3658 1878 3706 haereseos
1915 3662 2021 3702 ortu
2060 3660 2103 3699 et
2136 3666 2391 3717 proqressu
2414 3667 2436 3708 5

404 3739 469 3804 (2)
510 3739 892 3790 Sacramentarii
914 3760 938 3791 a
956 3741 1225 3790 Lutheranis
1249 3743 1340 3806 pri·
1424 3757 1510 3790 nec
1550 3758 1647 3789 non
1689 3740 1800 3790 diss.
1842 3736 2237 3785 historico-critica
2270 3732 2324 3782 P.
2353 3730 2434 3780 Jo-
