2502 4186
317 214 395 274 80
514 241 517 249 N
1022 235 1341 279 'suenrus
1385 235 1453 271 nn
1496 233 1779 275 mensim.

216 368 220 373 ⁸
318 398 452 436 rum
474 375 720 435 oraculis
739 420 755 450 ‚
783 387 911 432 tum
932 396 1003 434 ex
1027 374 1274 456 publicis
1296 374 1458 434 factis
1482 386 1542 432 et
1565 362 1929 434 documentis
1955 376 2082 438 luce
2107 380 2232 462 ipsa
2256 379 2428 439 meri-

322 471 494 532 diana
537 470 744 529 clarius
775 480 1022 551 apparet
1044 471 1157 550 (l).

1132 649 1618 692 DIFFICULTATES.

406 773 540 834 174.
587 773 696 852 obj
707 822 719 832 .
754 775 815 833 1ο
840 775 1203 833 Sententiam
1225 774 1651 853 Theologorum
1671 818 1686 847 7
1722 772 1821 854 qui
1845 773 2132 834 docebant
2156 796 2262 855 per
2289 776 2431 856 Bap-

320 870 560 930 tismum
592 869 849 951 parvulis
886 871 1127 948 gratiam
1158 870 1386 928 infundi
1409 916 1423 944 a
1458 869 1724 928 Clemens
1761 871 1838 944 V,
1880 871 1942 928 in
1972 870 2224 930 Concilio
2256 871 2431 929 Vien-

319 967 526 1039 nensi,
563 964 973 1023 tantummodo
1015 976 1080 1023 ut
1117 964 1571 1046 probabiliorem
1614 964 1915 1045 amplexus
1956 979 2077 1040 est3
2123 987 2256 1044 ergo
2294 976 2432 1031 ante

321 1059 645 1120 Concilium
692 1059 1091 1118 Florentinum
1139 1071 1196 1119 et
1237 1059 1650 1118 Tridentinum
1694 1059 1960 1118 nondum
1999 1072 2123 1120 erat
2169 1059 2437 1141 explora«

321 1166 447 1214 tum
468 1201 483 1229 7
525 1176 629 1235 per
651 1155 1012 1235 Baptismum
1037 1156 1279 1234 gratiam
1309 1154 1581 1229 conferri,
1621 1154 1825 1213 saltem
1862 1177 1928 1214 ex
1962 1177 2135 1236 opere
2170 1165 2432 1236 operatO,

320 1250 658 1308 infantibus
690 1248 750 1306 2⁰
794 1249 883 1307 Ad
919 1271 1214 1306 summum
1251 1248 1362 1305 dici
1394 1259 1622 1329 potest,
1663 1271 1769 1330 per
1805 1250 2168 1330 Baptismum
2197 1251 2434 1307 unicum

319 1344 447 1403 tolli
484 1353 784 1425 peccatum
822 1342 1128 1421 originale,
1162 1347 1329 1420 juxta
1365 1342 1511 1400 illud
1546 1344 1715 1401 Joan.
1762 1346 1821 1418 Ι,
1861 1345 1938 1402 29
1974 1367 1986 1402 :
2031 1345 2184 1404 Ecce
2220 1345 2434 1422 Aynus

319 1442 440 1501 Dei
451 1484 471 1512 ,
503 1462 625 1500 ecoe
651 1444 761 1519 qui
785 1441 937 1497 tollit
951 1450 1264 1518 peccatum
1292 1441 1536 1498 mundi.
1566 1442 1689 1512 Qua
1714 1439 1785 1498 de
1814 1461 1979 1499 causa
2012 1441 2075 1499 30
2105 1441 2434 1522 Baptismus

320 1539 790 1616 reyenerationis
824 1535 1265 1593 Sacramentum
1302 1545 1578 1609 vocatur,
1611 1535 1743 1615 quia
1785 1556 1891 1615 per
1924 1535 2117 1615 ipsum
2156 1535 2387 1594 deletur
2410 1579 2425 1608 ‚

319 1630 478 1713 quod
512 1630 729 1690 carnali
769 1630 1136 1709 generatione
1171 1641 1535 1688 contractum
1567 1642 1671 1688 est.
1705 1629 1771 1687 40
1811 1631 1978 1703 Quod
2008 1632 2053 1688 si
2081 1630 2292 1690 adultis
2318 1629 2435 1688 col·
2478 1654 2480 1656 ’

318 1726 501 1785 latum
547 1725 896 1807 quandoque
925 1724 1138 1782 dicitur
1164 1726 1455 1805 Baptisma
1491 1726 1553 1782 in
1595 1725 2000 1784 remissionem
2027 1736 2431 1806 peccatorum,

318 1821 439 1880 liaec
465 1821 723 1880 remissio
757 1820 1121 1901 poenitentiae
1149 1818 1458 1878 tribuenda
1492 1829 1613 1894 est⁷
1649 1840 1779 1900 quae
1815 1821 2176 1899 Baptismum
2214 1840 2435 1900 praece-

320 1916 497 1976 debat
541 1927 641 1974 aut
671 1914 1079 1989 comitabatur,
1123 1918 1289 1994 juxta
1328 1914 1474 1973 illud
1524 1916 1646 1973 Act.
1691 1916 1776 1989 ΙΙ,
1818 1914 1893 1973 38
1937 1937 1950 1972 :
1999 1917 2434 1974 Paenitentiam

318 2018 473 2091 ayite
488 2057 512 2084 ,
554 2023 607 2070 et
644 2013 983 2091 baptizetur
1009 2016 1426 2090 unusquisque
1465 2022 1721 2070 vestrum
1757 2015 1826 2067 in
1855 2015 2262 2068 remissionem
2298 2030 2432 2087 pec-

318 2119 614 2167 catorum.
663 2108 727 2164 50
770 2106 970 2165 Deleto
1015 2128 1188 2186 porro
1224 2117 1494 2186 peccam,
1535 2128 1656 2163 non
1704 2127 1942 2164 omnem
1982 2106 2199 2163 dimitti
2242 2125 2432 2184 poenae

317 2216 547 2263 reatum
593 2201 894 2263 evidenter
941 2201 1259 2260 ostendunt
1303 2199 1452 2272 illae,
1513 2222 1654 2281 quas
1704 2211 1947 2275 vocant,
1990 2199 2361 2280 poenalitates
2399 2221 2432 2259 a

317 2300 534 2358 renatis
576 2296 919 2370 tolerandae,
979 2297 1042 2352 6ο
1097 2316 1222 2375 quae
1266 2293 1598 2374 quomod0‚
1656 2293 1882 2352 sublata
1924 2294 2190 2376 originali
2230 2316 2381 2353 noxa
2413 2339 2428 2368 ,

318 2414 532 2475 nempe
565 2413 766 2465 causa,
795 2401 1140 2450 remaneant
1169 2389 1329 2450 velut
1367 2387 1602 2448 effectus
1623 2435 1638 2463 7
1674 2388 1849 2470 plane
1887 2411 2007 2447 non
2048 2389 2426 2468 intelligitur3

319 2502 544 2550 certum
585 2489 743 2547 enim
780 2499 867 2546 est
906 2488 968 2546 in
1015 2486 1321 2568 baptizatis
1363 2508 1484 2544 non
1523 2489 1814 2544 minorem
1865 2485 2056 2564 vigere
2101 2487 2163 2544 in
2208 2484 2430 2543 malum

318 2585 745 2668 proclivitatem
805 2593 864 2642 et
905 2581 1310 2641 difficultatem
1351 2581 1416 2638 in
1460 2579 1685 2639 bonum
1739 2600 1803 2638 ac
1847 2591 1984 2639 ante
2039 2581 2424 2663 Baptismum.

322 2682 483 2762 Ergo,
509 2675 511 2677 ’

405 2774 543 2833 175.
572 2775 745 2855 Resp.
769 2771 854 2831 Ad
877 2773 979 2844 1¹1²,
997 2771 1148 2852 Ney.
1170 2771 1466 2853 Siquidem
1485 2816 1501 2845 a
1523 2781 1587 2828 ut
1605 2792 1707 2829 suo
1723 2769 1848 2829 loco
1864 2769 2253 2844 ostendimus,
2276 2790 2430 2850 quae-

321 2870 431 2929 stio
460 2870 671 2949 agitata
695 2880 835 2926 tunc
863 2869 1141 2948 temporis
1163 2869 1318 2926 inter
1345 2865 1714 2925 scholasticos
1747 2888 1868 2924 non
1897 2865 2239 2926 versabatur
2277 2865 2425 2923 circa

321 2966 514 3045 gratiae
547 2964 916 3023 collationem
952 2984 1057 3044 per
1083 2962 1445 3043 Baptismum
1465 3006 1480 3034 ‚
1513 2959 1585 3019 de
1615 2982 1729 3042 quo
1760 2982 2062 3041 nunquam
2093 2962 2153 3017 in
2185 2958 2432 3018 Ecclesia

320 3059 653 3118 dubitatum
679 3071 765 3119 est
785 3104 799 3133 ,
826 3057 928 3118 sed
956 3058 1101 3116 circa
1136 3056 1393 3135 ejusdem
1419 3056 1614 3135 gratiae
1644 3066 1947 3130 naturam7
1978 3077 2054 3114 an
2083 3054 2299 3113 scilicet
2324 3073 2432 3134 per

320 3155 564 3214 modum
608 3154 841 3213 habitus
886 3164 945 3212 et
979 3151 1274 3234 qualitatis
1317 3150 1725 3210 infunderetur
1773 3172 1879 3209 nec
1924 3172 2036 3225 ne,
2081 3149 2156 3208 ad
2194 3169 2431 3208 sensum

320 3251 710 3334 peripateticae
754 3249 1154 3331 philosophiae.
1213 3250 1332 3306 Hoc
1393 3250 1588 3306 autem
1630 3269 1822 3329 neque
1875 3259 2010 3307 ante
2061 3266 2250 3326 neque
2297 3255 2431 3327 post

322 3357 644 3406 memorata
680 3344 935 3405 Concilia
971 3364 1231 3425 unquam
1261 3342 1397 3402 fidei
1425 3342 1735 3402 articulum
1767 3343 2068 3402 constituit
2095 3341 2203 3422 (2).

390 3522 463 3587 (l)
498 3521 594 3571 Cfr.
633 3520 924 3579 ΤτοηὼεὶὶίἸ
965 3529 1096 3568 tract.
1137 3517 1208 3568 De
1239 3515 1333 3569 Sa·
1417 3537 1470 3568 ex
1497 3521 1769 3584 antiquitate
1798 3518 1996 3583 collegit.

321 3620 474 3653 cram.
491 3613 607 3652 trac.
626 3622 676 3663 v,
705 3601 818 3651 diss.
850 3618 955 3650 xxv1
977 3639 990 3661 ,
1019 3618 1122 3666 cap.
1151 3615 1199 3661 1,
1229 3610 1335 3649 arti
1486 3602 1551 3664 (2)
1605 3601 1699 3649 Cfr.
1742 3609 1876 3650 tract.
1917 3598 1998 3647 De
2038 3596 2181 3647 Grat.
2218 3615 2273 3651 n.
2308 3594 2428 3662 473.

316 3695 369 3734 et
412 3702 545 3753 seqq.
586 3685 669 3734 ubi
715 3685 1033 3763 copiosissime
1062 3683 1336 3733 documenta
1419 3692 1516 3734 not.
1534 3682 1586 3746 3,
1605 3693 1650 3733 et
1674 3700 1726 3733 n.
1747 3678 1858 3732 505.
1877 3690 1977 3731 not.
1991 3695 2008 3728 1
2031 3717 2044 3743 ,
2062 3698 2113 3746 p.
2134 3679 2250 3730 230.
2273 3678 2429 3728 Placet
