2502 4186
261 220 400 282 4581
874 241 1196 281 'rmcurns
1234 243 1307 283 ne
1357 243 1747 283 ronmrnnru.
1771 263 1777 268 -

266 383 480 456 dubia,
518 380 623 441 sed
645 402 882 463 prorsus
907 384 1205 467 Episcopis
1225 385 1486 446 indebita
1509 396 1681 460 sunt
1706 386 1960 447 iisdem
1942 410 2209 470 impense
2229 392 2374 452 alias

264 474 623 549 concedunt·
669 475 764 536 hic
801 498 982 540 vero·
1028 500 1155 562 quae
1190 492 1327 541 sunt
1359 482 1711 557 certissima,
1749 481 1880 542 ab
1864 484 2004 565 1psis
2031 486 2371 565 praesulibus

267 573 493 633 auferre
524 573 661 633 totis
690 573 911 635 viribus
936 577 1321 638 contendunt.

344 669 448 728 His
480 669 654 749 igitur
679 671 800 732 sive
831 670 1111 733 haereticis
1147 675 1268 734 sive
1299 675 1554 735 erroneis
1585 674 1866 735 doctrinis
1900 687 2208 758 sequentes
2241 698 2372 757 pro-

264 764 579 845 positiones
622 766 1009 848 opponimus.‚
1049 767 1260 851 quibus
1298 769 1431 829 huic
1465 771 1737 829 tractatui
1787 772 1967 830 finem
2000 770 2186 832 facere
2235 791 2383 830 con-

264 860 578 920 stituimus.

1070 987 1476 1056 PRoPosrno
1513 1003 1558 1055 1.

266 1153 573 1212 Absolutio
606 1158 1064 1216 sacramentalis·
1106 1157 1439 1216 Sacerdotis
1480 1167 1564 1216 est
1600 1157 2108 1236 actusjmudicialis
2120 1200 2143 1228 ,
2187 1167 2242 1215 et
2259 1178 2382 1217 non

347 1248 591 1307 nudum
609 1254 1026 1310 mszsterium
1044 1253 1517 1331 pronunciandi
1534 1263 1588 1312 et
1612 1253 1973 1313 declarandi
1994 1255 2246 1310 remissa
2268 1273 2388 1310 esse

338 1355 590 1423 peccata
626 1347 946 1424 confitenti.

346 1534 487 1594 228.
534 1537 617 1595 De
644 1535 760 1595 fide
797 1547 886 1596 est
914 1528 1040 1597 lfaec
1076 1538 1394 1620 propositio
1421 1538 1511 1597 his
1535 1538 1673 1619 ipsis
1707 1536 1900 1599 verbis
1931 1537 2171 1597 definita
2197 1558 2229 1595 a
2257 1536 2387 1595 Tri-

268 1630 532 1704 dentinO,
570 1652 707 1690 sess·
741 1633 895 1706 XIV,
923 1653 1050 1692 can.
1080 1635 1189 1692 IX:
1218 1635 1290 1692 Si
1305 1639 1443 1713 quis
1466 1636 1708 1711 dixerit,
1739 1636 2165 1693 ahsolutionem
2189 1654 2388 1692 sacra·

268 1728 584 1785 mentalem
634 1728 964 1786 Sacerdotis
1000 1749 1124 1787 non
1174 1751 1287 1788 esse
1327 1740 1531 1788 actum
1562 1731 1966 1808 judicialem,
2012 1731 2115 1788 sed
2152 1729 2391 1788 nudum

270 1826 681 1880 ministerium
712 1826 1186 1901 pronunciandi
1220 1834 1274 1881 et
1305 1825 1665 1882 declarandi
1707 1829 1957 1883 remissa
1993 1846 2108 1882 esse
2134 1834 2386 1902 peccata

269 1918 601 1994 confitenti,
625 1918 794 1975 modo
816 1928 1057 1975 tantum
1079 1919 1283 1976 credat
1301 1940 1356 1976 se
1372 1940 1485 1977 esse
1510 1921 1870 1977 ahsolutum.
1884 1963 1920 1976 ..
1939 1919 2261 1976 anathema
2283 1922 2381 1976 sit.

350 2012 490 2070 229.
538 2012 621 2070 Ita
659 2032 797 2072 vero
837 2016 957 2090 ejus
989 2012 1399 2093 propositionis
1439 2013 1749 2072 veritatem
1782 2013 2140 2071 ostendimus
2183 2035 2198 2070 t
2235 2013 2295 2069 Si
2324 2014 2386 2069 in

274 2105 520 2165 Ecclesia
541 2151 556 2180 ,
577 2106 662 2164 uti
679 2128 749 2165 ex
770 2105 1051 2167 hactenus
1075 2105 1373 2187 disputatis
1393 2117 1639 2181 constat,
1666 2117 1921 2188 potestas
1944 2105 2163 2165 residet
2194 2105 2387 2164 dimit-

273 2201 438 2260 tendi
465 2202 711 2280 cujusvis
735 2202 959 2282 generis
975 2213 1206 2284 peccata
1230 2223 1334 2283 per
1356 2203 1721 2262 Poenitentiae
1738 2203 2180 2261 Sacramentum
2198 2246 2213 2276 ,
2243 2223 2389 2260 con-

274 2319 520 2379 sequens
550 2310 659 2373 est,
690 2298 1095 2359 absolventem
1110 2297 1479 2359 Sacerdotem
1504 2320 1638 2359 vere
1665 2297 2032 2357 reconciliare
2048 2299 2167 2357 Deo
2192 2318 2390 2379 pecca-

274 2403 429 2452 tores
452 2392 715 2471 judiciali
750 2394 1091 2453 auctoritate
1122 2415 1154 2452 a
1190 2383 1419 2454 Christo
1448 2396 1880 2476 acceptaqsane
1911 2393 2173 2452 Christus
2193 2439 2208 2468 .,
2239 2394 2386 2452 dum

274 2489 712 2549 Sacramentum
728 2490 1094 2549 Poenitentiae
1110 2490 1380 2566 instituit,
1397 2490 1560 2549 dixit:
1577 2491 1844 2570 Quorum
1856 2493 2228 2563 remiserz·tz·s‚
2247 2500 2355 2548 etc.
2366 2532 2381 2561 ,

273 2605 394 2642 non
437 2596 633 2642 autem
659 2607 672 2643 ε
706 2585 978 2670 Quorum
1008 2586 1457 2644 declaraveritis
1479 2597 1711 2667 peccata
1738 2607 1860 2646 esse
1884 2590 2152 2644 remissa.
2190 2585 2341 2642 Hinc
2363 2629 2379 2657 ,

276 2679 771 2760 quemadmodum
810 2702 931 2738 non
969 2680 1181 2740 dicitur
1209 2702 1413 2740 sanare
1446 2680 1690 2756 vuanS‚
1722 2693 1822 2740 aut
1861 2679 2091 2738 vincula
2123 2678 2382 2751 solvere,

276 2776 375 2857 qui
418 2776 584 2835 alteri
623 2788 856 2836 tantum
902 2777 1218 2837 denunciat
1252 2778 1465 2838 vulnus
1502 2799 1625 2837 esse
1658 2789 1961 2850 sanatum,
2014 2788 2113 2834 aut
2157 2774 2385 2834 vincula

276 2891 398 2930 esse
448 2871 632 2930 soluta
667 2916 684 2938 ,
733 2873 813 2931 ita
865 2894 972 2932 nec
1013 2885 1207 2954 potest
1244 2873 1356 2932 dici
1404 2873 1702 2932 remittere
1758 2884 1988 2953 peccata
2021 2917 2036 2946 ,
2101 2872 2201 2952 qui
2262 2882 2387 2928 tan·

275 2977 404 3025 tum
440 2967 752 3027 denunciat
788 2990 853 3026 ea
889 2990 1011 3029 esse
1047 2970 1307 3028 remissa.
1350 2972 1418 3026 In
1453 2967 1624 3029 obvia
1666 2991 1840 3049 porro
1883 2980 1941 3027 et
1978 2969 2174 3027 nativa
2208 2967 2385 3045 signi-

276 3063 542 3121 ficatione
574 3083 777 3123 vocem
805 3069 1102 3123 remittere
1146 3076 1483 3144 usurpatam
1526 3083 1647 3123 esse
1685 3087 1715 3123 a
1746 3065 1972 3123 Christo
1997 3110 2012 3139 a
2057 3064 2279 3122 eruitur
2314 3083 2384 3120 ex

280 3178 452 3215 versu
478 3158 814 3218 immediate
829 3160 1181 3241 praecedenti
1210 3182 1224 3218 ε
1256 3161 1426 3218 Sicut
1453 3163 1625 3218 misit
1648 3182 1739 3218 me
1763 3162 1983 3231 Pater,
2018 3170 2071 3216 et
2091 3179 2188 3237 09⁰
2218 3162 2384 3215 mitto

278 3273 394 3310 voe.
429 3254 598 3311 Pater
616 3270 755 3313 vero
787 3256 944 3314 misit
971 3255 1421 3336 Redemptorem
1443 3301 1458 3329 7
1498 3267 1563 3313 ut
1587 3277 1724 3315 vere
1754 3266 1988 3337 peccata
2015 3253 2339 3312 dimitteret
2366 3298 2380 3324 7

277 3347 362 3405 uti
408 3348 594 3429 reipsa
644 3370 780 3408 vere
832 3351 1053 3409 remisit
1095 3349 1408 3431 paralytico
1449 3361 1507 3409 et
1554 3350 1782 3410 mulieri
1831 3349 2166 3432 peccatrici3
2229 3345 2383 3428 quod

276 3442 451 3501 etiam
476 3455 936 3504 commonstrant
958 3445 1330 3527 querimoniae
1361 3457 1419 3505 et
1446 3468 1714 3504 murmur
1740 3445 2157 3504 Pharisaeorum
2184 3466 2196 3500 :
2235 3443 2383 3521 Quis

272 3549 459 3616 potest
495 3540 792 3598 dimittere
818 3552 1066 3619 peccata
1095 3545 1218 3598 nisi
1256 3544 1411 3600 solus
1438 3540 1644 3600 Deus?
1678 3542 1842 3599 Hanc
1880 3563 2015 3600 vero
2052 3536 2383 3620 expostula-

280 3634 499 3691 tionem
535 3656 652 3692 non
694 3634 884 3695 solum
928 3658 1047 3694 non
1089 3638 1336 3695 correxit
1379 3637 1673 3709 ChristuS‚
1720 3637 1822 3696 sed
1852 3638 2043 3718 potius
2073 3635 2385 3693 confirma-

282 3727 403 3801 vit,
439 3729 704 3788 restituta
750 3753 856 3812 per
896 3731 1240 3790 miraculum
1267 3731 1582 3814 paralytico
1613 3733 1889 3807 sanitate,
1928 3731 2124 3790 dicens
2165 3753 2178 3788 ε
2221 3730 2389 3808 Quid
