<?xml version="1.0" encoding="UTF-8"?>
<!DOCTYPE html PUBLIC "-//W3C//DTD XHTML 1.0 Transitional//EN"
    "http://www.w3.org/TR/xhtml1/DTD/xhtml1-transitional.dtd">
<html xmlns="http://www.w3.org/1999/xhtml" xml:lang="en" lang="en">
 <head>
  <title>
</title>
<meta http-equiv="Content-Type" content="text/html;charset=utf-8" />
  <meta name='ocr-system' content='tesseract 3.04.00' />
  <meta name='ocr-capabilities' content='ocr_page ocr_carea ocr_par ocr_line ocrx_word'/>
</head>
<body>
  <div class='ocr_page' id='page_1' title='image "a603693806perruoft_0047.png"; bbox 0 0 2502 4186; ppageno 0'>
   <div class='ocr_carea' id='block_1_1' title="bbox 2104 264 2181 324">
    <p class='ocr_par' dir='ltr' id='par_1_1' title="bbox 2104 264 2181 324">
     <span class='ocr_line' id='line_1_1' title="bbox 2104 264 2181 324; baseline -0.013 0"><span class='ocrx_word' id='word_1_1' title='bbox 2104 264 2181 324; x_wconf 86' lang='lat'>39</span> 
     </span>
    </p>
   </div>
   <div class='ocr_carea' id='block_1_2' title="bbox 644 285 1629 326">
    <p class='ocr_par' dir='ltr' id='par_1_2' title="bbox 644 285 1629 326">
     <span class='ocr_line' id='line_1_2' title="bbox 644 285 1629 326; baseline -0.003 -2"><span class='ocrx_word' id='word_1_2' title='bbox 644 289 765 324; x_wconf 78' lang='lat' dir='ltr'>CAP.</span> <span class='ocrx_word' id='word_1_3' title='bbox 814 287 894 326; x_wconf 81' lang='lat' dir='ltr'>IV.</span> <span class='ocrx_word' id='word_1_4' title='bbox 942 287 1009 325; x_wconf 77' lang='grc' dir='ltr'>ΒΕ</span> <span class='ocrx_word' id='word_1_5' title='bbox 1051 287 1303 324; x_wconf 74' lang='lat' dir='ltr'>BAP&#39;HSMI</span> <span class='ocrx_word' id='word_1_6' title='bbox 1346 285 1629 325; x_wconf 76' lang='lat' dir='ltr'>SUBJECTO.</span> 
     </span>
    </p>
   </div>
   <div class='ocr_carea' id='block_1_3' title="bbox 14 422 2249 2477">
    <p class='ocr_par' dir='ltr' id='par_1_3' title="bbox 99 422 2249 975">
     <span class='ocr_line' id='line_1_3' title="bbox 180 422 2182 503; baseline -0.001 -19"><span class='ocrx_word' id='word_1_7' title='bbox 180 426 276 484; x_wconf 84' lang='lat'>91.</span> <span class='ocrx_word' id='word_1_8' title='bbox 327 424 414 483; x_wconf 82' lang='lat' dir='ltr'>Ad</span> <span class='ocrx_word' id='word_1_9' title='bbox 450 424 554 498; x_wconf 57' lang='lat'>3¹¹³7</span> <span class='ocrx_word' id='word_1_10' title='bbox 588 426 745 484; x_wconf 77' lang='lat' dir='ltr'>Dist.</span> <span class='ocrx_word' id='word_1_11' title='bbox 776 427 845 484; x_wconf 89' lang='lat' dir='ltr'>Et</span> <span class='ocrx_word' id='word_1_12' title='bbox 878 423 1160 503; x_wconf 85' lang='lat' dir='ltr'>ejusmodi</span> <span class='ocrx_word' id='word_1_13' title='bbox 1186 425 1398 483; x_wconf 78' lang='lat' dir='ltr'>Christi</span> <span class='ocrx_word' id='word_1_14' title='bbox 1419 425 1655 484; x_wconf 85' lang='lat' dir='ltr'>effatum</span> <span class='ocrx_word' id='word_1_15' title='bbox 1682 442 1803 503; x_wconf 82' lang='lat' dir='ltr'>prae</span> <span class='ocrx_word' id='word_1_16' title='bbox 1830 442 1890 480; x_wconf 92' lang='lat' dir='ltr'>se</span> <span class='ocrx_word' id='word_1_17' title='bbox 1914 422 2027 480; x_wconf 88' lang='lat' dir='ltr'>fert</span> <span class='ocrx_word' id='word_1_18' title='bbox 2049 443 2182 481; x_wconf 87' lang='lat' dir='ltr'>con-</span> 
     </span>
     <span class='ocr_line' id='line_1_4' title="bbox 100 517 2184 597; baseline -0.002 -19"><span class='ocrx_word' id='word_1_19' title='bbox 100 520 379 578; x_wconf 87' lang='lat' dir='ltr'>ditionem</span> <span class='ocrx_word' id='word_1_20' title='bbox 410 521 796 578; x_wconf 84' lang='lat' dir='ltr'>necessariam</span> <span class='ocrx_word' id='word_1_21' title='bbox 821 519 895 577; x_wconf 87' lang='lat' dir='ltr'>ad</span> <span class='ocrx_word' id='word_1_22' title='bbox 928 521 1247 595; x_wconf 84' lang='lat' dir='ltr'>ingressum</span> <span class='ocrx_word' id='word_1_23' title='bbox 1277 519 1435 597; x_wconf 82' lang='lat' dir='ltr'>regni</span> <span class='ocrx_word' id='word_1_24' title='bbox 1465 517 1742 578; x_wconf 89' lang='lat' dir='ltr'>coelorum</span> <span class='ocrx_word' id='word_1_25' title='bbox 1763 560 1780 588; x_wconf 87' lang='lat'>‚</span> <span class='ocrx_word' id='word_1_26' title='bbox 1804 537 1992 583; x_wconf 79' lang='lat' dir='ltr'>conc.,·</span> <span class='ocrx_word' id='word_1_27' title='bbox 2013 538 2184 575; x_wconf 91' lang='lat' dir='ltr'>man-</span> 
     </span>
     <span class='ocr_line' id='line_1_5' title="bbox 99 610 2176 693; baseline -0.002 -20"><span class='ocrx_word' id='word_1_28' title='bbox 99 614 338 687; x_wconf 49' lang='lat' dir='ltr'>datum2</span> <span class='ocrx_word' id='word_1_29' title='bbox 379 614 622 671; x_wconf 76' lang='lat' dir='ltr'>subdist.</span> <span class='ocrx_word' id='word_1_30' title='bbox 681 612 872 693; x_wconf 91' lang='lat' dir='ltr'>quoad</span> <span class='ocrx_word' id='word_1_31' title='bbox 907 611 1131 672; x_wconf 83' lang='lat' dir='ltr'>adultos</span> <span class='ocrx_word' id='word_1_32' title='bbox 1157 654 1173 684; x_wconf 76' lang='lat'>‚</span> <span class='ocrx_word' id='word_1_33' title='bbox 1225 632 1414 677; x_wconf 82' lang='lat' dir='ltr'>ccnc.;</span> <span class='ocrx_word' id='word_1_34' title='bbox 1459 610 1650 692; x_wconf 88' lang='lat' dir='ltr'>quoad</span> <span class='ocrx_word' id='word_1_35' title='bbox 1706 610 1954 669; x_wconf 86' lang='lat' dir='ltr'>infantes</span> <span class='ocrx_word' id='word_1_36' title='bbox 1983 656 1998 685; x_wconf 66' lang='lat'>7</span> <span class='ocrx_word' id='word_1_37' title='bbox 2047 632 2176 691; x_wconf 68' lang='lat' dir='ltr'>neq.</span> 
     </span>
     <span class='ocr_line' id='line_1_6' title="bbox 99 694 2249 787; baseline -0.001 -21"><span class='ocrx_word' id='word_1_38' title='bbox 99 709 216 766; x_wconf 91' lang='lat' dir='ltr'>Nec</span> <span class='ocrx_word' id='word_1_39' title='bbox 254 707 409 766; x_wconf 89' lang='lat' dir='ltr'>enim</span> <span class='ocrx_word' id='word_1_40' title='bbox 447 705 521 763; x_wconf 91' lang='lat' dir='ltr'>ob</span> <span class='ocrx_word' id='word_1_41' title='bbox 562 705 842 766; x_wconf 85' lang='lat' dir='ltr'>violatum</span> <span class='ocrx_word' id='word_1_42' title='bbox 879 705 1089 765; x_wconf 77' lang='lat' dir='ltr'><strong>Christi</strong></span> <span class='ocrx_word' id='word_1_43' title='bbox 1129 703 1472 762; x_wconf 87' lang='lat' dir='ltr'>mandatum</span> <span class='ocrx_word' id='word_1_44' title='bbox 1513 704 1588 763; x_wconf 93' lang='lat' dir='ltr'>de</span> <span class='ocrx_word' id='word_1_45' title='bbox 1628 705 1993 785; x_wconf 84' lang='lat' dir='ltr'>suscipiendo</span> <span class='ocrx_word' id='word_1_46' title='bbox 2028 707 2184 787; x_wconf 86' lang='lat' dir='ltr'>Bap-</span> <span class='ocrx_word' id='word_1_47' title='bbox 2242 694 2249 701; x_wconf 31' lang='lat'>²</span> 
     </span>
     <span class='ocr_line' id='line_1_7' title="bbox 99 797 2183 878; baseline -0.001 -18"><span class='ocrx_word' id='word_1_48' title='bbox 99 802 269 860; x_wconf 89' lang='lat' dir='ltr'>tismo</span> <span class='ocrx_word' id='word_1_49' title='bbox 294 801 541 858; x_wconf 88' lang='lat' dir='ltr'>infantes</span> <span class='ocrx_word' id='word_1_50' title='bbox 564 821 683 857; x_wconf 93' lang='lat' dir='ltr'>non</span> <span class='ocrx_word' id='word_1_51' title='bbox 710 799 891 858; x_wconf 87' lang='lat' dir='ltr'>abluti</span> <span class='ocrx_word' id='word_1_52' title='bbox 913 808 1180 858; x_wconf 88' lang='lat' dir='ltr'>arcentur</span> <span class='ocrx_word' id='word_1_53' title='bbox 1202 820 1232 856; x_wconf 90' lang='lat' dir='ltr'>a</span> <span class='ocrx_word' id='word_1_54' title='bbox 1259 800 1363 858; x_wconf 91' lang='lat' dir='ltr'>Dei</span> <span class='ocrx_word' id='word_1_55' title='bbox 1385 819 1560 878; x_wconf 82' lang='lat' dir='ltr'>regno</span> <span class='ocrx_word' id='word_1_56' title='bbox 1578 842 1595 872; x_wconf 79' lang='grc'><em>,</em></span> <span class='ocrx_word' id='word_1_57' title='bbox 1621 798 1725 858; x_wconf 89' lang='lat' dir='ltr'>sed</span> <span class='ocrx_word' id='word_1_58' title='bbox 1743 797 1816 855; x_wconf 93' lang='lat' dir='ltr'>ob</span> <span class='ocrx_word' id='word_1_59' title='bbox 1845 798 2183 877; x_wconf 81' lang='lat' dir='ltr'>originalem</span> 
     </span>
     <span class='ocr_line' id='line_1_8' title="bbox 99 885 2178 975; baseline -0 -23"><span class='ocrx_word' id='word_1_60' title='bbox 99 915 309 952; x_wconf 84' lang='lat' dir='ltr'>noxam</span> <span class='ocrx_word' id='word_1_61' title='bbox 331 939 346 967; x_wconf 66' lang='grc'><em>,</em></span> <span class='ocrx_word' id='word_1_62' title='bbox 385 915 496 974; x_wconf 90' lang='lat' dir='ltr'>qua</span> <span class='ocrx_word' id='word_1_63' title='bbox 535 905 672 951; x_wconf 88' lang='lat' dir='ltr'>sunt</span> <span class='ocrx_word' id='word_1_64' title='bbox 699 891 1093 951; x_wconf 83' lang='lat' dir='ltr'>contaminati.</span> <span class='ocrx_word' id='word_1_65' title='bbox 1127 885 1414 970; x_wconf 77' lang='lat' dir='ltr'>Negamus</span> <span class='ocrx_word' id='word_1_66' title='bbox 1448 914 1620 975; x_wconf 93' lang='lat' dir='ltr'>porro</span> <span class='ocrx_word' id='word_1_67' title='bbox 1650 892 1957 973; x_wconf 79' lang='lat' dir='ltr'>paritatem</span> <span class='ocrx_word' id='word_1_68' title='bbox 1985 893 2047 949; x_wconf 91' lang='lat' dir='ltr'>in</span> <span class='ocrx_word' id='word_1_69' title='bbox 2073 914 2140 951; x_wconf 92' lang='lat' dir='ltr'>eo</span> <span class='ocrx_word' id='word_1_70' title='bbox 2161 937 2178 967; x_wconf 79' lang='grc'><em>,</em></span> 
     </span>
    </p>

    <p class='ocr_par' dir='ltr' id='par_1_4' title="bbox 14 983 2223 1161">
     <span class='ocr_line' id='line_1_9' title="bbox 98 983 2223 1068; baseline 0 -24"><span class='ocrx_word' id='word_1_71' title='bbox 98 986 252 1068; x_wconf 90' lang='lat' dir='ltr'>quod</span> <span class='ocrx_word' id='word_1_72' title='bbox 293 987 605 1048; x_wconf 87' lang='lat' dir='ltr'>adversarii</span> <span class='ocrx_word' id='word_1_73' title='bbox 651 984 971 1045; x_wconf 89' lang='lat' dir='ltr'>obtrudunt</span> <span class='ocrx_word' id='word_1_74' title='bbox 1012 1007 1082 1044; x_wconf 83' lang='lat' dir='ltr'>ex</span> <span class='ocrx_word' id='word_1_75' title='bbox 1135 983 1525 1059; x_wconf 78' lang='lat' dir='ltr'>Eucharistia3</span> <span class='ocrx_word' id='word_1_76' title='bbox 1577 985 1867 1046; x_wconf 89' lang='lat' dir='ltr'>diversam</span> <span class='ocrx_word' id='word_1_77' title='bbox 1900 985 2186 1065; x_wconf 89' lang='lat' dir='ltr'>siquidem</span> <span class='ocrx_word' id='word_1_78' title='bbox 2221 1056 2223 1058; x_wconf 15' lang='grc' dir='ltr'>Ι</span> 
     </span>
     <span class='ocr_line' id='line_1_10' title="bbox 14 1073 2177 1161; baseline -0.001 -22"><span class='ocrx_word' id='word_1_79' title='bbox 14 1073 19 1077; x_wconf 54' lang='grc'>’</span> <span class='ocrx_word' id='word_1_80' title='bbox 97 1081 395 1161; x_wconf 88' lang='lat' dir='ltr'>utriusque</span> <span class='ocrx_word' id='word_1_81' title='bbox 431 1080 773 1139; x_wconf 71' lang='lat' dir='ltr'>sacramenti</span> <span class='ocrx_word' id='word_1_82' title='bbox 813 1080 1215 1161; x_wconf 70' lang='lat' dir='ltr'>necessitatem</span> <span class='ocrx_word' id='word_1_83' title='bbox 1252 1079 1498 1139; x_wconf 75' lang='lat' dir='ltr'><strong>Ecclesia</strong></span> <span class='ocrx_word' id='word_1_84' title='bbox 1525 1100 1755 1161; x_wconf 86' lang='lat' dir='ltr'><strong>semper</strong></span> <span class='ocrx_word' id='word_1_85' title='bbox 1782 1081 2020 1158; x_wconf 80' lang='lat' dir='ltr'>agnovit</span> <span class='ocrx_word' id='word_1_86' title='bbox 2068 1081 2177 1158; x_wconf 86' lang='lat'>(1).</span> 
     </span>
    </p>

    <p class='ocr_par' dir='ltr' id='par_1_5' title="bbox 95 1171 2187 1424">
     <span class='ocr_line' id='line_1_11' title="bbox 179 1171 2182 1255; baseline 0 -23"><span class='ocrx_word' id='word_1_87' title='bbox 179 1175 277 1233; x_wconf 80' lang='lat'>92.</span> <span class='ocrx_word' id='word_1_88' title='bbox 328 1175 415 1234; x_wconf 82' lang='lat' dir='ltr'>Ad</span> <span class='ocrx_word' id='word_1_89' title='bbox 458 1175 562 1248; x_wconf 76' lang='lat'>4¹¹²,</span> <span class='ocrx_word' id='word_1_90' title='bbox 597 1175 752 1232; x_wconf 77' lang='lat' dir='ltr'>Dist.</span> <span class='ocrx_word' id='word_1_91' title='bbox 809 1171 898 1230; x_wconf 86' lang='lat' dir='ltr'>Ob</span> <span class='ocrx_word' id='word_1_92' title='bbox 939 1175 1287 1252; x_wconf 82' lang='lat' dir='ltr'>assignatam</span> <span class='ocrx_word' id='word_1_93' title='bbox 1329 1174 1621 1255; x_wconf 87' lang='lat' dir='ltr'>disparem</span> <span class='ocrx_word' id='word_1_94' title='bbox 1655 1173 1955 1253; x_wconf 88' lang='lat' dir='ltr'>utriusque</span> <span class='ocrx_word' id='word_1_95' title='bbox 1989 1174 2182 1232; x_wconf 88' lang='lat' dir='ltr'>Sacra-</span> 
     </span>
     <span class='ocr_line' id='line_1_12' title="bbox 95 1267 2187 1349; baseline -0 -21"><span class='ocrx_word' id='word_1_96' title='bbox 95 1271 280 1329; x_wconf 87' lang='lat' dir='ltr'>menti</span> <span class='ocrx_word' id='word_1_97' title='bbox 307 1270 724 1342; x_wconf 74' lang='lat' dir='ltr'>necessitatem,</span> <span class='ocrx_word' id='word_1_98' title='bbox 771 1288 962 1334; x_wconf 59' lang='lat' dir='ltr'>comm</span> <span class='ocrx_word' id='word_1_99' title='bbox 987 1289 1146 1328; x_wconf 90' lang='lat' dir='ltr'>secus</span> <span class='ocrx_word' id='word_1_100' title='bbox 1171 1314 1187 1343; x_wconf 88' lang='lat'>.,</span> <span class='ocrx_word' id='word_1_101' title='bbox 1223 1290 1348 1349; x_wconf 68' lang='lat' dir='ltr'>neq.</span> <span class='ocrx_word' id='word_1_102' title='bbox 1375 1267 1543 1342; x_wconf 85' lang='lat' dir='ltr'>Quod</span> <span class='ocrx_word' id='word_1_103' title='bbox 1581 1267 1790 1327; x_wconf 88' lang='lat' dir='ltr'>idoneo</span> <span class='ocrx_word' id='word_1_104' title='bbox 1819 1267 1944 1325; x_wconf 88' lang='lat' dir='ltr'>loco</span> <span class='ocrx_word' id='word_1_105' title='bbox 1984 1278 2187 1327; x_wconf 86' lang='lat' dir='ltr'>osten-</span> 
     </span>
     <span class='ocr_line' id='line_1_13' title="bbox 95 1364 319 1424; baseline 0.004 -2"><span class='ocrx_word' id='word_1_106' title='bbox 95 1364 319 1424; x_wconf 77' lang='lat' dir='ltr'>demus,</span> 
     </span>
    </p>

    <p class='ocr_par' dir='ltr' id='par_1_6' title="bbox 73 1454 2191 2477">
     <span class='ocr_line' id='line_1_14' title="bbox 178 1454 2181 1529; baseline -0.001 -13"><span class='ocrx_word' id='word_1_107' title='bbox 178 1458 273 1517; x_wconf 84' lang='lat'>93.</span> <span class='ocrx_word' id='word_1_108' title='bbox 316 1455 405 1517; x_wconf 88' lang='lat' dir='ltr'>Ad</span> <span class='ocrx_word' id='word_1_109' title='bbox 433 1455 541 1529; x_wconf 66' lang='lat'><strong>51¹¹,</strong></span> <span class='ocrx_word' id='word_1_110' title='bbox 570 1457 729 1516; x_wconf 79' lang='lat' dir='ltr'>Dist.</span> <span class='ocrx_word' id='word_1_111' title='bbox 757 1454 921 1514; x_wconf 90' lang='lat' dir='ltr'>Fides</span> <span class='ocrx_word' id='word_1_112' title='bbox 942 1466 1030 1515; x_wconf 87' lang='lat' dir='ltr'>est</span> <span class='ocrx_word' id='word_1_113' title='bbox 1061 1456 1374 1516; x_wconf 88' lang='lat' dir='ltr'>necessaria</span> <span class='ocrx_word' id='word_1_114' title='bbox 1399 1457 1462 1514; x_wconf 91' lang='lat' dir='ltr'>in</span> <span class='ocrx_word' id='word_1_115' title='bbox 1491 1454 1704 1515; x_wconf 88' lang='lat' dir='ltr'>adultis</span> <span class='ocrx_word' id='word_1_116' title='bbox 1725 1500 1741 1529; x_wconf 69' lang='grc'><em>,</em></span> <span class='ocrx_word' id='word_1_117' title='bbox 1768 1476 1955 1521; x_wconf 83' lang='lat' dir='ltr'>conc.‚·</span> <span class='ocrx_word' id='word_1_118' title='bbox 1992 1457 2055 1514; x_wconf 92' lang='lat' dir='ltr'>in</span> <span class='ocrx_word' id='word_1_119' title='bbox 2086 1457 2181 1514; x_wconf 91' lang='lat' dir='ltr'>in-</span> 
     </span>
     <span class='ocr_line' id='line_1_15' title="bbox 95 1550 2184 1632; baseline -0.001 -22"><span class='ocrx_word' id='word_1_120' title='bbox 95 1551 382 1624; x_wconf 69' lang='lat' dir='ltr'>fantibuS,</span> <span class='ocrx_word' id='word_1_121' title='bbox 426 1571 554 1630; x_wconf 69' lang='lat' dir='ltr'>neq.</span> <span class='ocrx_word' id='word_1_122' title='bbox 607 1550 880 1632; x_wconf 88' lang='lat' dir='ltr'>Superius</span> <span class='ocrx_word' id='word_1_123' title='bbox 914 1550 1196 1625; x_wconf 76' lang='lat' dir='ltr'>vidimus,</span> <span class='ocrx_word' id='word_1_124' title='bbox 1234 1550 1391 1631; x_wconf 91' lang='lat' dir='ltr'>quod</span> <span class='ocrx_word' id='word_1_125' title='bbox 1407 1554 1573 1627; x_wconf 85' lang='lat' dir='ltr'>juxta</span> <span class='ocrx_word' id='word_1_126' title='bbox 1595 1551 1653 1607; x_wconf 90' lang='lat' dir='ltr'>S.</span> <span class='ocrx_word' id='word_1_127' title='bbox 1677 1550 2057 1627; x_wconf 81' lang='lat' dir='ltr'>Augustinum</span> <span class='ocrx_word' id='word_1_128' title='bbox 2089 1550 2184 1607; x_wconf 91' lang='lat' dir='ltr'>in-</span> 
     </span>
     <span class='ocr_line' id='line_1_16' title="bbox 91 1644 2176 1724; baseline -0.001 -20"><span class='ocrx_word' id='word_1_129' title='bbox 91 1644 343 1704; x_wconf 89' lang='lat' dir='ltr'>fantibus</span> <span class='ocrx_word' id='word_1_130' title='bbox 369 1646 600 1703; x_wconf 78' lang='lat' dir='ltr'>credere</span> <span class='ocrx_word' id='word_1_131' title='bbox 635 1656 717 1703; x_wconf 78' lang='lat' dir='ltr'>est</span> <span class='ocrx_word' id='word_1_132' title='bbox 739 1647 1046 1724; x_wconf 74' lang='lat' dir='ltr'>baptizari</span> <span class='ocrx_word' id='word_1_133' title='bbox 1063 1690 1079 1719; x_wconf 74' lang='lat'>‚</span> <span class='ocrx_word' id='word_1_134' title='bbox 1100 1666 1220 1703; x_wconf 79' lang='lat' dir='ltr'>non</span> <span class='ocrx_word' id='word_1_135' title='bbox 1244 1646 1472 1703; x_wconf 77' lang='lat' dir='ltr'>credere</span> <span class='ocrx_word' id='word_1_136' title='bbox 1503 1654 1586 1703; x_wconf 82' lang='lat' dir='ltr'>est</span> <span class='ocrx_word' id='word_1_137' title='bbox 1608 1664 1730 1702; x_wconf 80' lang='lat' dir='ltr'>non</span> <span class='ocrx_word' id='word_1_138' title='bbox 1745 1644 2051 1722; x_wconf 76' lang='lat' dir='ltr'>baptizari</span> <span class='ocrx_word' id='word_1_139' title='bbox 2062 1644 2176 1722; x_wconf 71' lang='lat'><strong>(2).</strong></span> 
     </span>
     <span class='ocr_line' id='line_1_17' title="bbox 91 1738 2178 1822; baseline -0 -24"><span class='ocrx_word' id='word_1_140' title='bbox 91 1742 162 1799; x_wconf 91' lang='lat' dir='ltr'>Et</span> <span class='ocrx_word' id='word_1_141' title='bbox 191 1741 274 1799; x_wconf 89' lang='lat' dir='ltr'>sic</span> <span class='ocrx_word' id='word_1_142' title='bbox 307 1739 690 1822; x_wconf 87' lang='lat' dir='ltr'>respondetur</span> <span class='ocrx_word' id='word_1_143' title='bbox 729 1739 803 1798; x_wconf 93' lang='lat' dir='ltr'>ad</span> <span class='ocrx_word' id='word_1_144' title='bbox 835 1738 1056 1818; x_wconf 81' lang='lat' dir='ltr'>singula</span> <span class='ocrx_word' id='word_1_145' title='bbox 1095 1738 1318 1817; x_wconf 88' lang='lat' dir='ltr'>objecta</span> <span class='ocrx_word' id='word_1_146' title='bbox 1352 1739 1779 1820; x_wconf 90' lang='lat' dir='ltr'>Scripturarum</span> <span class='ocrx_word' id='word_1_147' title='bbox 1822 1739 2178 1797; x_wconf 85' lang='lat' dir='ltr'>testimonia.</span> 
     </span>
     <span class='ocr_line' id='line_1_18' title="bbox 91 1832 2186 1915; baseline 0 -23"><span class='ocrx_word' id='word_1_148' title='bbox 91 1836 241 1893; x_wconf 86' lang='lat' dir='ltr'>Hinc</span> <span class='ocrx_word' id='word_1_149' title='bbox 266 1846 546 1915; x_wconf 84' lang='lat' dir='ltr'>praeterea</span> <span class='ocrx_word' id='word_1_150' title='bbox 581 1845 770 1893; x_wconf 83' lang='lat' dir='ltr'>totum</span> <span class='ocrx_word' id='word_1_151' title='bbox 795 1833 1033 1893; x_wconf 90' lang='lat' dir='ltr'>labescit</span> <span class='ocrx_word' id='word_1_152' title='bbox 1058 1834 1511 1893; x_wconf 84' lang='lat' dir='ltr'>Protestantium</span> <span class='ocrx_word' id='word_1_153' title='bbox 1540 1844 1787 1913; x_wconf 83' lang='lat' dir='ltr'>systema</span> <span class='ocrx_word' id='word_1_154' title='bbox 1817 1832 1889 1891; x_wconf 90' lang='lat' dir='ltr'>de</span> <span class='ocrx_word' id='word_1_155' title='bbox 1917 1832 2036 1891; x_wconf 89' lang='lat' dir='ltr'>sola</span> <span class='ocrx_word' id='word_1_156' title='bbox 2067 1832 2186 1892; x_wconf 80' lang='lat' dir='ltr'>fide</span> 
     </span>
     <span class='ocr_line' id='line_1_19' title="bbox 87 1927 2182 2010; baseline -0.001 -22"><span class='ocrx_word' id='word_1_157' title='bbox 87 1931 452 2008; x_wconf 82' lang='lat' dir='ltr'>justificante.</span> <span class='ocrx_word' id='word_1_158' title='bbox 488 1929 819 1988; x_wconf 87' lang='lat' dir='ltr'>Ridendum</span> <span class='ocrx_word' id='word_1_159' title='bbox 862 1950 921 1987; x_wconf 92' lang='lat' dir='ltr'>se</span> <span class='ocrx_word' id='word_1_160' title='bbox 960 1928 1155 2010; x_wconf 90' lang='lat' dir='ltr'>prodit</span> <span class='ocrx_word' id='word_1_161' title='bbox 1202 1928 1510 2002; x_wconf 74' lang='lat' dir='ltr'>CalvinuS‚</span> <span class='ocrx_word' id='word_1_162' title='bbox 1550 1929 1651 2008; x_wconf 89' lang='lat' dir='ltr'>qui</span> <span class='ocrx_word' id='word_1_163' title='bbox 1675 1972 1691 2002; x_wconf 73' lang='grc'><em>,</em></span> <span class='ocrx_word' id='word_1_164' title='bbox 1724 1938 1789 1985; x_wconf 86' lang='lat' dir='ltr'>ut</span> <span class='ocrx_word' id='word_1_165' title='bbox 1814 1949 1874 1986; x_wconf 92' lang='lat' dir='ltr'>se</span> <span class='ocrx_word' id='word_1_166' title='bbox 1909 1927 2182 1986; x_wconf 88' lang='lat' dir='ltr'>liberaret</span> 
     </span>
     <span class='ocr_line' id='line_1_20' title="bbox 91 2021 2185 2105; baseline -0.002 -22"><span class='ocrx_word' id='word_1_167' title='bbox 91 2023 164 2084; x_wconf 87' lang='lat' dir='ltr'>ab</span> <span class='ocrx_word' id='word_1_168' title='bbox 193 2024 300 2082; x_wconf 90' lang='lat' dir='ltr'>hac</span> <span class='ocrx_word' id='word_1_169' title='bbox 331 2024 573 2084; x_wconf 88' lang='lat' dir='ltr'>molesta</span> <span class='ocrx_word' id='word_1_170' title='bbox 598 2023 1109 2105; x_wconf 87' lang='lat' dir='ltr'>Anabaptistarum</span> <span class='ocrx_word' id='word_1_171' title='bbox 1136 2022 1497 2095; x_wconf 85' lang='lat' dir='ltr'>difficultate,</span> <span class='ocrx_word' id='word_1_172' title='bbox 1527 2022 1781 2102; x_wconf 88' lang='lat' dir='ltr'>reposuit</span> <span class='ocrx_word' id='word_1_173' title='bbox 1803 2065 1822 2095; x_wconf 61' lang='lat'>7</span> <span class='ocrx_word' id='word_1_174' title='bbox 1846 2022 2095 2080; x_wconf 87' lang='lat' dir='ltr'>infantes</span> <span class='ocrx_word' id='word_1_175' title='bbox 2118 2021 2185 2078; x_wconf 91' lang='lat' dir='ltr'>in</span> 
     </span>
     <span class='ocr_line' id='line_1_21' title="bbox 93 2115 2190 2198; baseline -0.001 -23"><span class='ocrx_word' id='word_1_176' title='bbox 93 2129 220 2176; x_wconf 90' lang='lat' dir='ltr'>actu</span> <span class='ocrx_word' id='word_1_177' title='bbox 252 2120 529 2198; x_wconf 89' lang='lat' dir='ltr'>Baptismi</span> <span class='ocrx_word' id='word_1_178' title='bbox 558 2121 871 2177; x_wconf 78' lang='lat' dir='ltr'>irradiari</span> <span class='ocrx_word' id='word_1_179' title='bbox 897 2123 1117 2197; x_wconf 66' lang='lat' dir='ltr'>exzyua</span> <span class='ocrx_word' id='word_1_180' title='bbox 1150 2120 1417 2196; x_wconf 82' lang='lat' dir='ltr'>quadam</span> <span class='ocrx_word' id='word_1_181' title='bbox 1462 2119 1725 2176; x_wconf 79' lang='lat' dir='ltr'>scintilla</span> <span class='ocrx_word' id='word_1_182' title='bbox 1753 2117 1895 2195; x_wconf 73' lang='lat' dir='ltr'>fidei</span> <span class='ocrx_word' id='word_1_183' title='bbox 1938 2115 2046 2195; x_wconf 85' lang='lat'><strong>(3).</strong></span> <span class='ocrx_word' id='word_1_184' title='bbox 2078 2116 2190 2174; x_wconf 77' lang='lat' dir='ltr'>Lu·</span> 
     </span>
     <span class='ocr_line' id='line_1_22' title="bbox 90 2210 2189 2292; baseline -0 -24"><span class='ocrx_word' id='word_1_185' title='bbox 90 2210 355 2284; x_wconf 70' lang='lat' dir='ltr'>theram,</span> <span class='ocrx_word' id='word_1_186' title='bbox 405 2223 473 2268; x_wconf 89' lang='lat' dir='ltr'>ut</span> <span class='ocrx_word' id='word_1_187' title='bbox 525 2233 584 2270; x_wconf 91' lang='lat' dir='ltr'>se</span> <span class='ocrx_word' id='word_1_188' title='bbox 636 2214 854 2292; x_wconf 91' lang='lat' dir='ltr'>pariter</span> <span class='ocrx_word' id='word_1_189' title='bbox 901 2212 974 2270; x_wconf 88' lang='lat' dir='ltr'>ab</span> <span class='ocrx_word' id='word_1_190' title='bbox 1029 2213 1232 2271; x_wconf 87' lang='lat' dir='ltr'>eadem</span> <span class='ocrx_word' id='word_1_191' title='bbox 1278 2211 1618 2270; x_wconf 86' lang='lat' dir='ltr'>difficultate</span> <span class='ocrx_word' id='word_1_192' title='bbox 1654 2212 1938 2269; x_wconf 76' lang='lat' dir='ltr'>extricent</span> <span class='ocrx_word' id='word_1_193' title='bbox 1967 2255 1989 2284; x_wconf 50' lang='grc' dir='ltr'>,Ι</span> <span class='ocrx_word' id='word_1_194' title='bbox 2032 2219 2189 2268; x_wconf 73' lang='lat' dir='ltr'>teste:</span> 
     </span>
     <span class='ocr_line' id='line_1_23' title="bbox 95 2304 2191 2384; baseline -0.001 -20"><span class='ocrx_word' id='word_1_195' title='bbox 95 2304 534 2383; x_wconf 84' lang='lat' dir='ltr'>Wegscheidero</span> <span class='ocrx_word' id='word_1_196' title='bbox 548 2348 572 2376; x_wconf 86' lang='lat'><em>,</em></span> <span class='ocrx_word' id='word_1_197' title='bbox 619 2306 800 2381; x_wconf 84' lang='lat' dir='ltr'>fidem</span> <span class='ocrx_word' id='word_1_198' title='bbox 855 2308 1075 2364; x_wconf 67' lang='lat' dir='ltr'>realmn</span> <span class='ocrx_word' id='word_1_199' title='bbox 1101 2349 1125 2377; x_wconf 91' lang='lat'><em>,</em></span> <span class='ocrx_word' id='word_1_200' title='bbox 1181 2308 1519 2377; x_wconf 79' lang='lat' dir='ltr'>actualem,</span> <span class='ocrx_word' id='word_1_201' title='bbox 1565 2306 1940 2384; x_wconf 71' lang='lat' dir='ltr'>personalem</span> <span class='ocrx_word' id='word_1_202' title='bbox 1966 2348 1981 2370; x_wconf 90' lang='lat'><em>,</em></span> <span class='ocrx_word' id='word_1_203' title='bbox 2036 2304 2191 2361; x_wconf 32' lang='lat' dir='ltr'>suh-⁷</span> 
     </span>
     <span class='ocr_line' id='line_1_24' title="bbox 73 2396 2188 2477; baseline -0.001 -21"><span class='ocrx_word' id='word_1_204' title='bbox 73 2402 290 2476; x_wconf 80' lang='lat' dir='ltr'>jective</span> <span class='ocrx_word' id='word_1_205' title='bbox 304 2401 629 2477; x_wconf 78' lang='lat' dir='ltr'>propria-m</span> <span class='ocrx_word' id='word_1_206' title='bbox 643 2441 664 2470; x_wconf 91' lang='lat'><em>,</em></span> <span class='ocrx_word' id='word_1_207' title='bbox 694 2399 1057 2477; x_wconf 77' lang='lat' dir='ltr'>implicitam</span> <span class='ocrx_word' id='word_1_208' title='bbox 1083 2409 1140 2456; x_wconf 80' lang='lat' dir='ltr'>et</span> <span class='ocrx_word' id='word_1_209' title='bbox 1168 2399 1455 2456; x_wconf 74' lang='lat' dir='ltr'>directam</span> <span class='ocrx_word' id='word_1_210' title='bbox 1483 2399 1870 2476; x_wconf 70' lang='lat' dir='ltr'>infantibus,</span> <span class='ocrx_word' id='word_1_211' title='bbox 1899 2396 2188 2472; x_wconf 70' lang='lat' dir='ltr'>refleoeam.</span> 
     </span>
    </p>
   </div>
   <div class='ocr_carea' id='block_1_4' title="bbox 93 2668 1097 3302">
    <p class='ocr_par' dir='ltr' id='par_1_7' title="bbox 93 2668 1097 3302">
     <span class='ocr_line' id='line_1_25' title="bbox 158 2668 1095 2734; baseline 0.002 -19"><span class='ocrx_word' id='word_1_212' title='bbox 158 2668 231 2732; x_wconf 91' lang='grc'>(1)</span> <span class='ocrx_word' id='word_1_213' title='bbox 265 2668 323 2716; x_wconf 89' lang='lat' dir='ltr'>Et</span> <span class='ocrx_word' id='word_1_214' title='bbox 349 2668 457 2728; x_wconf 83' lang='lat' dir='ltr'>hic,</span> <span class='ocrx_word' id='word_1_215' title='bbox 492 2671 685 2734; x_wconf 83' lang='lat' dir='ltr'>seposito</span> <span class='ocrx_word' id='word_1_216' title='bbox 716 2668 931 2717; x_wconf 83' lang='lat' dir='ltr'>Ecclesiae</span> <span class='ocrx_word' id='word_1_217' title='bbox 959 2686 1095 2717; x_wconf 80' lang='lat' dir='ltr'>sensu</span> 
     </span>
     <span class='ocr_line' id='line_1_26' title="bbox 93 2750 1094 2815; baseline -0.001 -16"><span class='ocrx_word' id='word_1_218' title='bbox 93 2768 148 2799; x_wconf 81' lang='lat' dir='ltr'>ao</span> <span class='ocrx_word' id='word_1_219' title='bbox 177 2753 459 2815; x_wconf 81' lang='lat' dir='ltr'>magisterio,</span> <span class='ocrx_word' id='word_1_220' title='bbox 488 2750 768 2815; x_wconf 88' lang='lat' dir='ltr'>impossibile</span> <span class='ocrx_word' id='word_1_221' title='bbox 811 2761 876 2799; x_wconf 87' lang='lat' dir='ltr'>est</span> <span class='ocrx_word' id='word_1_222' title='bbox 915 2750 1094 2799; x_wconf 83' lang='lat' dir='ltr'>Protes-</span> 
     </span>
     <span class='ocr_line' id='line_1_27' title="bbox 95 2831 1094 2898; baseline 0.002 -21"><span class='ocrx_word' id='word_1_223' title='bbox 95 2831 326 2892; x_wconf 66' lang='lat' dir='ltr'>tentibus,</span> <span class='ocrx_word' id='word_1_224' title='bbox 356 2833 591 2881; x_wconf 83' lang='lat' dir='ltr'>ostendere</span> <span class='ocrx_word' id='word_1_225' title='bbox 631 2832 845 2880; x_wconf 86' lang='lat' dir='ltr'>adversus</span> <span class='ocrx_word' id='word_1_226' title='bbox 882 2832 1094 2898; x_wconf 88' lang='lat' dir='ltr'>Anabap-</span> 
     </span>
     <span class='ocr_line' id='line_1_28' title="bbox 99 2912 1091 2979; baseline 0.002 -21"><span class='ocrx_word' id='word_1_227' title='bbox 99 2914 220 2959; x_wconf 85' lang='lat' dir='ltr'>tistas</span> <span class='ocrx_word' id='word_1_228' title='bbox 255 2913 478 2977; x_wconf 84' lang='lat' dir='ltr'>disparem</span> <span class='ocrx_word' id='word_1_229' title='bbox 515 2916 755 2979; x_wconf 86' lang='lat' dir='ltr'>utriusque</span> <span class='ocrx_word' id='word_1_230' title='bbox 779 2912 1091 2974; x_wconf 71' lang='lat' dir='ltr'>Sacramenfi,</span> 
     </span>
     <span class='ocr_line' id='line_1_29' title="bbox 98 2991 1094 3057; baseline 0.005 -19"><span class='ocrx_word' id='word_1_231' title='bbox 98 2991 316 3055; x_wconf 87' lang='lat' dir='ltr'>Baptismi</span> <span class='ocrx_word' id='word_1_232' title='bbox 345 2994 516 3043; x_wconf 84' lang='lat' dir='ltr'>scilicet</span> <span class='ocrx_word' id='word_1_233' title='bbox 534 3005 578 3043; x_wconf 86' lang='lat' dir='ltr'>et</span> <span class='ocrx_word' id='word_1_234' title='bbox 606 2995 882 3043; x_wconf 84' lang='lat' dir='ltr'>Eucharistae</span> <span class='ocrx_word' id='word_1_235' title='bbox 897 3029 914 3057; x_wconf 90' lang='lat'>‚</span> <span class='ocrx_word' id='word_1_236' title='bbox 937 3012 1094 3043; x_wconf 83' lang='lat' dir='ltr'>neces-</span> 
     </span>
     <span class='ocr_line' id='line_1_30' title="bbox 97 3073 1095 3140; baseline 0.003 -20"><span class='ocrx_word' id='word_1_237' title='bbox 97 3075 272 3120; x_wconf 86' lang='lat' dir='ltr'>sitatem</span> <span class='ocrx_word' id='word_1_238' title='bbox 292 3090 306 3134; x_wconf 82' lang='lat'><em>3</em></span> <span class='ocrx_word' id='word_1_239' title='bbox 332 3091 436 3122; x_wconf 86' lang='lat' dir='ltr'>cum</span> <span class='ocrx_word' id='word_1_240' title='bbox 458 3073 702 3140; x_wconf 82' lang='lat' dir='ltr'>Scripturae</span> <span class='ocrx_word' id='word_1_241' title='bbox 722 3079 795 3124; x_wconf 84' lang='lat' dir='ltr'>vix</span> <span class='ocrx_word' id='word_1_242' title='bbox 823 3095 919 3125; x_wconf 88' lang='lat' dir='ltr'>non</span> <span class='ocrx_word' id='word_1_243' title='bbox 939 3077 1095 3124; x_wconf 88' lang='lat' dir='ltr'>eadem</span> 
     </span>
     <span class='ocr_line' id='line_1_31' title="bbox 98 3155 1094 3220; baseline 0.003 -19"><span class='ocrx_word' id='word_1_244' title='bbox 98 3156 273 3202; x_wconf 84' lang='lat' dir='ltr'>ratione</span> <span class='ocrx_word' id='word_1_245' title='bbox 285 3155 340 3202; x_wconf 90' lang='lat' dir='ltr'>de</span> <span class='ocrx_word' id='word_1_246' title='bbox 351 3165 540 3220; x_wconf 87' lang='lat' dir='ltr'>utroque</span> <span class='ocrx_word' id='word_1_247' title='bbox 553 3156 843 3205; x_wconf 86' lang='lat' dir='ltr'>Sacramento</span> <span class='ocrx_word' id='word_1_248' title='bbox 856 3157 1094 3217; x_wconf 84' lang='lat' dir='ltr'>disserant,</span> 
     </span>
     <span class='ocr_line' id='line_1_32' title="bbox 98 3237 1097 3302; baseline 0.004 -20"><span class='ocrx_word' id='word_1_249' title='bbox 98 3245 143 3283; x_wconf 88' lang='lat' dir='ltr'>et</span> <span class='ocrx_word' id='word_1_250' title='bbox 166 3238 313 3299; x_wconf 87' lang='lat' dir='ltr'>praxis</span> <span class='ocrx_word' id='word_1_251' title='bbox 339 3254 410 3283; x_wconf 86' lang='lat' dir='ltr'>sex</span> <span class='ocrx_word' id='word_1_252' title='bbox 443 3237 536 3285; x_wconf 84' lang='lat' dir='ltr'>fere</span> <span class='ocrx_word' id='word_1_253' title='bbox 563 3239 787 3302; x_wconf 85' lang='lat' dir='ltr'>prioribus</span> <span class='ocrx_word' id='word_1_254' title='bbox 829 3240 988 3287; x_wconf 83' lang='lat' dir='ltr'>seculis</span> <span class='ocrx_word' id='word_1_255' title='bbox 1013 3239 1097 3286; x_wconf 87' lang='lat' dir='ltr'>ob·</span> 
     </span>
    </p>
   </div>
   <div class='ocr_carea' id='block_1_5' title="bbox 100 3310 1110 3382">
    <p class='ocr_par' dir='ltr' id='par_1_8' title="bbox 100 3310 1110 3382">
     <span class='ocr_line' id='line_1_33' title="bbox 100 3310 1110 3382; baseline 0.007 -20"><span class='ocrx_word' id='word_1_256' title='bbox 100 3318 289 3364; x_wconf 84' lang='lat' dir='ltr'>tinuerit</span> <span class='ocrx_word' id='word_1_257' title='bbox 331 3327 576 3382; x_wconf 82' lang='lat' dir='ltr'>utrumque</span> <span class='ocrx_word' id='word_1_258' title='bbox 632 3316 976 3368; x_wconf 84' lang='lat' dir='ltr'>Sacramentum</span> <span class='ocrx_word' id='word_1_259' title='bbox 1023 3310 1110 3368; x_wconf 18' lang='lat' dir='ltr'>in-*</span> 
     </span>
    </p>
   </div>
   <div class='ocr_carea' id='block_1_6' title="bbox 101 3397 1107 3790">
    <p class='ocr_par' dir='ltr' id='par_1_9' title="bbox 104 3397 1097 3529">
     <span class='ocr_line' id='line_1_34' title="bbox 104 3397 1097 3462; baseline 0.007 -18"><span class='ocrx_word' id='word_1_260' title='bbox 104 3397 304 3446; x_wconf 82' lang='lat' dir='ltr'>santibus</span> <span class='ocrx_word' id='word_1_261' title='bbox 345 3399 693 3447; x_wconf 85' lang='lat' dir='ltr'>administrandi</span> <span class='ocrx_word' id='word_1_262' title='bbox 724 3434 739 3462; x_wconf 89' lang='lat'>‚</span> <span class='ocrx_word' id='word_1_263' title='bbox 788 3411 841 3449; x_wconf 85' lang='lat' dir='ltr'>ut</span> <span class='ocrx_word' id='word_1_264' title='bbox 879 3419 961 3450; x_wconf 90' lang='lat' dir='ltr'>suo</span> <span class='ocrx_word' id='word_1_265' title='bbox 997 3403 1097 3451; x_wconf 92' lang='lat' dir='ltr'>loco</span> 
     </span>
     <span class='ocr_line' id='line_1_35' title="bbox 105 3479 333 3529; baseline 0.009 -2"><span class='ocrx_word' id='word_1_266' title='bbox 105 3479 333 3529; x_wconf 81' lang='lat' dir='ltr'>dicemus.</span> 
     </span>
    </p>

    <p class='ocr_par' dir='ltr' id='par_1_10' title="bbox 101 3560 1096 3708">
     <span class='ocr_line' id='line_1_36' title="bbox 168 3560 1096 3627; baseline 0.002 -20"><span class='ocrx_word' id='word_1_267' title='bbox 168 3561 234 3624; x_wconf 75' lang='lat'>(2)</span> <span class='ocrx_word' id='word_1_268' title='bbox 256 3560 335 3609; x_wconf 90' lang='lat' dir='ltr'>De</span> <span class='ocrx_word' id='word_1_269' title='bbox 347 3570 646 3627; x_wconf 85' lang='lat' dir='ltr'>peccatorum</span> <span class='ocrx_word' id='word_1_270' title='bbox 671 3562 855 3608; x_wconf 79' lang='lat' dir='ltr'>meritis</span> <span class='ocrx_word' id='word_1_271' title='bbox 877 3568 923 3609; x_wconf 72' lang='lat' dir='ltr'>et</span> <span class='ocrx_word' id='word_1_272' title='bbox 940 3563 1096 3609; x_wconf 78' lang='lat' dir='ltr'>remis.</span> 
     </span>
     <span class='ocr_line' id='line_1_37' title="bbox 101 3641 717 3708; baseline 0.003 -19"><span class='ocrx_word' id='word_1_273' title='bbox 101 3642 187 3690; x_wconf 88' lang='lat' dir='ltr'>lib.</span> <span class='ocrx_word' id='word_1_274' title='bbox 217 3659 235 3690; x_wconf 89' lang='lat'>1</span> <span class='ocrx_word' id='word_1_275' title='bbox 254 3680 266 3702; x_wconf 89' lang='lat'><strong>‚</strong></span> <span class='ocrx_word' id='word_1_276' title='bbox 295 3660 396 3708; x_wconf 86' lang='lat' dir='ltr'>cap.</span> <span class='ocrx_word' id='word_1_277' title='bbox 425 3660 485 3707; x_wconf 84' lang='lat'>27</span> <span class='ocrx_word' id='word_1_278' title='bbox 506 3680 520 3704; x_wconf 87' lang='lat'>,</span> <span class='ocrx_word' id='word_1_279' title='bbox 545 3660 594 3691; x_wconf 89' lang='lat' dir='ltr'>n.</span> <span class='ocrx_word' id='word_1_280' title='bbox 635 3641 717 3706; x_wconf 78' lang='grc' dir='ltr'>4ο.</span> 
     </span>
    </p>

    <p class='ocr_par' dir='ltr' id='par_1_11' title="bbox 169 3722 1107 3790">
     <span class='ocr_line' id='line_1_38' title="bbox 169 3722 1107 3790; baseline 0.003 -19"><span class='ocrx_word' id='word_1_281' title='bbox 169 3722 234 3787; x_wconf 85' lang='grc'>(3)</span> <span class='ocrx_word' id='word_1_282' title='bbox 275 3723 447 3774; x_wconf 73' lang='lat' dir='ltr'>Instit.</span> <span class='ocrx_word' id='word_1_283' title='bbox 483 3725 567 3775; x_wconf 83' lang='lat' dir='ltr'>lib.</span> <span class='ocrx_word' id='word_1_284' title='bbox 604 3742 681 3786; x_wconf 78' lang='lat' dir='ltr'>iv,</span> <span class='ocrx_word' id='word_1_285' title='bbox 721 3741 824 3790; x_wconf 84' lang='lat' dir='ltr'>cap.</span> <span class='ocrx_word' id='word_1_286' title='bbox 864 3722 943 3787; x_wconf 82' lang='lat'>16,</span> <span class='ocrx_word' id='word_1_287' title='bbox 974 3722 1000 3789; x_wconf 81' lang='lat'>§</span> <span class='ocrx_word' id='word_1_288' title='bbox 1030 3739 1107 3790; x_wconf 86' lang='lat'>¹9·</span> 
     </span>
    </p>
   </div>
   <div class='ocr_carea' id='block_1_7' title="bbox 1168 2664 2195 3775">
    <p class='ocr_par' dir='ltr' id='par_1_12' title="bbox 1168 2664 2195 3775">
     <span class='ocr_line' id='line_1_39' title="bbox 1176 2664 2191 2735; baseline -0.004 -18"><span class='ocrx_word' id='word_1_289' title='bbox 1176 2666 1286 2735; x_wconf 86' lang='lat' dir='ltr'>Ejus</span> <span class='ocrx_word' id='word_1_290' title='bbox 1308 2668 1444 2717; x_wconf 81' lang='lat' dir='ltr'>verba</span> <span class='ocrx_word' id='word_1_291' title='bbox 1466 2670 1561 2716; x_wconf 81' lang='lat' dir='ltr'>haec</span> <span class='ocrx_word' id='word_1_292' title='bbox 1588 2677 1697 2716; x_wconf 88' lang='lat' dir='ltr'>sunt</span> <span class='ocrx_word' id='word_1_293' title='bbox 1720 2685 1734 2715; x_wconf 78' lang='grc' dir='ltr'><strong><em>ε</em></strong></span> <span class='ocrx_word' id='word_1_294' title='bbox 1755 2664 1889 2731; x_wconf 77' lang='lat' dir='ltr'>Quos</span> <span class='ocrx_word' id='word_1_295' title='bbox 1900 2666 2041 2733; x_wconf 78' lang='lat' dir='ltr'>pleno</span> <span class='ocrx_word' id='word_1_296' title='bbox 2057 2665 2191 2714; x_wconf 67' lang='lat' dir='ltr'>lucis·</span> 
     </span>
     <span class='ocr_line' id='line_1_40' title="bbox 1184 2748 2179 2815; baseline 0 -19"><span class='ocrx_word' id='word_1_297' title='bbox 1184 2766 1282 2798; x_wconf 84' lang='lat' dir='ltr'>suoe</span> <span class='ocrx_word' id='word_1_298' title='bbox 1293 2749 1480 2815; x_wconf 69' lang='lat' dir='ltr'>fithore</span> <span class='ocrx_word' id='word_1_299' title='bbox 1498 2748 1823 2798; x_wconf 79' lang='lat' dir='ltr'>illustraturus</span> <span class='ocrx_word' id='word_1_300' title='bbox 1836 2757 1903 2796; x_wconf 78' lang='lat' dir='ltr'>est</span> <span class='ocrx_word' id='word_1_301' title='bbox 1916 2748 2179 2809; x_wconf 79' lang='lat' dir='ltr'>Dominus,</span> 
     </span>
     <span class='ocr_line' id='line_1_41' title="bbox 1175 2832 2187 2897; baseline 0 -18"><span class='ocrx_word' id='word_1_302' title='bbox 1175 2849 1262 2880; x_wconf 85' lang='lat' dir='ltr'>cur</span> <span class='ocrx_word' id='word_1_303' title='bbox 1293 2848 1391 2879; x_wconf 78' lang='lat' dir='ltr'>uon</span> <span class='ocrx_word' id='word_1_304' title='bbox 1416 2834 1482 2880; x_wconf 78' lang='lat' dir='ltr'>iis</span> <span class='ocrx_word' id='word_1_305' title='bbox 1496 2848 1679 2897; x_wconf 80' lang='lat' dir='ltr'>quoque</span> <span class='ocrx_word' id='word_1_306' title='bbox 1705 2833 1760 2878; x_wconf 81' lang='lat' dir='ltr'>in</span> <span class='ocrx_word' id='word_1_307' title='bbox 1778 2847 1991 2896; x_wconf 77' lang='lat' dir='ltr'>proesem</span> <span class='ocrx_word' id='word_1_308' title='bbox 2012 2867 2024 2887; x_wconf 94' lang='lat'>‚</span> <span class='ocrx_word' id='word_1_309' title='bbox 2053 2832 2100 2878; x_wconf 75' lang='lat' dir='ltr'>si</span> <span class='ocrx_word' id='word_1_310' title='bbox 2111 2832 2187 2879; x_wconf 73' lang='lat' dir='ltr'>im</span> 
     </span>
     <span class='ocr_line' id='line_1_42' title="bbox 1175 2911 2180 2978; baseline -0.003 -17"><span class='ocrx_word' id='word_1_311' title='bbox 1175 2914 1394 2969; x_wconf 81' lang='lat' dir='ltr'>libuerit,</span> <span class='ocrx_word' id='word_1_312' title='bbox 1430 2915 1604 2978; x_wconf 72' lang='lat' dir='ltr'>exiqua</span> <span class='ocrx_word' id='word_1_313' title='bbox 1646 2911 1854 2960; x_wconf 78' lang='lat' dir='ltr'>scintilla</span> <span class='ocrx_word' id='word_1_314' title='bbox 1883 2911 2180 2969; x_wconf 81' lang='lat' dir='ltr'>irradiaret;</span> 
     </span>
     <span class='ocr_line' id='line_1_43' title="bbox 1168 2992 2178 3061; baseline -0.003 -19"><span class='ocrx_word' id='word_1_315' title='bbox 1168 2996 1435 3061; x_wconf 75' lang='lat' dir='ltr'>pra-sertim</span> <span class='ocrx_word' id='word_1_316' title='bbox 1460 2996 1506 3041; x_wconf 74' lang='lat' dir='ltr'>si</span> <span class='ocrx_word' id='word_1_317' title='bbox 1523 3011 1621 3042; x_wconf 74' lang='lat' dir='ltr'>non</span> <span class='ocrx_word' id='word_1_318' title='bbox 1650 3002 1760 3042; x_wconf 79' lang='lat' dir='ltr'>ante</span> <span class='ocrx_word' id='word_1_319' title='bbox 1779 2995 1910 3041; x_wconf 72' lang='lat' dir='ltr'>exuit</span> <span class='ocrx_word' id='word_1_320' title='bbox 1939 2993 2094 3058; x_wconf 77' lang='lat' dir='ltr'>ipsos(</span> <span class='ocrx_word' id='word_1_321' title='bbox 2103 2992 2178 3040; x_wconf 85' lang='lat' dir='ltr'>in-</span> 
     </span>
     <span class='ocr_line' id='line_1_44' title="bbox 1176 3075 2190 3140; baseline -0.004 -16"><span class='ocrx_word' id='word_1_322' title='bbox 1176 3077 1349 3137; x_wconf 86' lang='lat' dir='ltr'>santes)</span> <span class='ocrx_word' id='word_1_323' title='bbox 1389 3077 1664 3140; x_wconf 70' lang='lat' dir='ltr'>iquorantia</span> <span class='ocrx_word' id='word_1_324' title='bbox 1682 3113 1695 3134; x_wconf 87' lang='lat'>‚</span> <span class='ocrx_word' id='word_1_325' title='bbox 1742 3091 1885 3139; x_wconf 83' lang='lat' dir='ltr'>quam</span> <span class='ocrx_word' id='word_1_326' title='bbox 1931 3075 2074 3138; x_wconf 77' lang='lat' dir='ltr'>eripit</span> <span class='ocrx_word' id='word_1_327' title='bbox 2121 3090 2190 3121; x_wconf 72' lang='lat' dir='ltr'>ex·</span> 
     </span>
     <span class='ocr_line' id='line_1_45' title="bbox 1177 3156 2186 3221; baseline -0.004 -15"><span class='ocrx_word' id='word_1_328' title='bbox 1177 3159 1339 3207; x_wconf 82' lang='lat' dir='ltr'>carnis</span> <span class='ocrx_word' id='word_1_329' title='bbox 1376 3156 1608 3221; x_wconf 77' lang='lat' dir='ltr'>eryastulo</span> <span class='ocrx_word' id='word_1_330' title='bbox 1627 3160 1651 3203; x_wconf 72' lang='grc' dir='ltr'>Σ)</span> <span class='ocrx_word' id='word_1_331' title='bbox 1681 3156 2186 3221; x_wconf 81' lang='lat' dir='ltr'>Quipraeterea-mirum-</span> 
     </span>
     <span class='ocr_line' id='line_1_46' title="bbox 1178 3239 2176 3303; baseline -0.004 -16"><span class='ocrx_word' id='word_1_332' title='bbox 1178 3242 1227 3288; x_wconf 89' lang='lat' dir='ltr'>in</span> <span class='ocrx_word' id='word_1_333' title='bbox 1255 3240 1444 3287; x_wconf 86' lang='lat' dir='ltr'>modum</span> <span class='ocrx_word' id='word_1_334' title='bbox 1479 3250 1573 3287; x_wconf 83' lang='lat' dir='ltr'>toto</span> <span class='ocrx_word' id='word_1_335' title='bbox 1601 3239 1689 3287; x_wconf 86' lang='lat' dir='ltr'>hoc</span> <span class='ocrx_word' id='word_1_336' title='bbox 1715 3241 1860 3302; x_wconf 86' lang='lat' dir='ltr'>capite</span> <span class='ocrx_word' id='word_1_337' title='bbox 1891 3255 1937 3285; x_wconf 90' lang='lat' dir='ltr'>se</span> <span class='ocrx_word' id='word_1_338' title='bbox 1964 3246 2144 3303; x_wconf 86' lang='lat' dir='ltr'>torquet</span> <span class='ocrx_word' id='word_1_339' title='bbox 2163 3273 2176 3295; x_wconf 93' lang='lat'>,</span> 
     </span>
     <span class='ocr_line' id='line_1_47' title="bbox 1179 3317 2190 3384; baseline -0.005 -15"><span class='ocrx_word' id='word_1_340' title='bbox 1179 3331 1232 3370; x_wconf 86' lang='lat' dir='ltr'>ut</span> <span class='ocrx_word' id='word_1_341' title='bbox 1261 3339 1308 3369; x_wconf 87' lang='lat' dir='ltr'>se</span> <span class='ocrx_word' id='word_1_342' title='bbox 1334 3320 1546 3384; x_wconf 85' lang='lat' dir='ltr'>expediat</span> <span class='ocrx_word' id='word_1_343' title='bbox 1572 3320 1628 3368; x_wconf 88' lang='lat' dir='ltr'>ab</span> <span class='ocrx_word' id='word_1_344' title='bbox 1657 3319 2056 3382; x_wconf 81' lang='lat' dir='ltr'>Anabaptistarum</span> <span class='ocrx_word' id='word_1_345' title='bbox 2091 3317 2190 3365; x_wconf 77' lang='lat' dir='ltr'>dir--</span> 
     </span>
     <span class='ocr_line' id='line_1_48' title="bbox 1179 3400 2177 3467; baseline -0.006 -17"><span class='ocrx_word' id='word_1_346' title='bbox 1179 3402 1491 3464; x_wconf 78' lang='lat' dir='ltr'>ficultatibus3</span> <span class='ocrx_word' id='word_1_347' title='bbox 1523 3419 1673 3467; x_wconf 88' lang='lat' dir='ltr'>neque</span> <span class='ocrx_word' id='word_1_348' title='bbox 1719 3401 1900 3449; x_wconf 84' lang='lat' dir='ltr'>dubitat</span> <span class='ocrx_word' id='word_1_349' title='bbox 1932 3400 2177 3462; x_wconf 83' lang='lat' dir='ltr'>confugere</span> 
     </span>
     <span class='ocr_line' id='line_1_49' title="bbox 1181 3480 2178 3548; baseline -0.007 -16"><span class='ocrx_word' id='word_1_350' title='bbox 1181 3484 1239 3532; x_wconf 79' lang='lat' dir='ltr'>ad</span> <span class='ocrx_word' id='word_1_351' title='bbox 1268 3484 1560 3531; x_wconf 83' lang='lat' dir='ltr'>traditionem</span> <span class='ocrx_word' id='word_1_352' title='bbox 1577 3517 1590 3539; x_wconf 90' lang='lat'>‚</span> <span class='ocrx_word' id='word_1_353' title='bbox 1627 3499 1767 3548; x_wconf 84' lang='lat' dir='ltr'>quam</span> <span class='ocrx_word' id='word_1_354' title='bbox 1789 3481 1908 3529; x_wconf 82' lang='lat' dir='ltr'>adeo</span> <span class='ocrx_word' id='word_1_355' title='bbox 1923 3481 2113 3544; x_wconf 84' lang='lat' dir='ltr'>despicit</span> <span class='ocrx_word' id='word_1_356' title='bbox 2127 3480 2178 3525; x_wconf 88' lang='lat' dir='ltr'>in</span> 
     </span>
     <span class='ocr_line' id='line_1_50' title="bbox 1182 3558 2180 3628; baseline -0.005 -17"><span class='ocrx_word' id='word_1_357' title='bbox 1182 3564 1282 3612; x_wconf 87' lang='lat' dir='ltr'>aliis</span> <span class='ocrx_word' id='word_1_358' title='bbox 1325 3566 1635 3628; x_wconf 78' lang='lat' dir='ltr'>argumentis,</span> <span class='ocrx_word' id='word_1_359' title='bbox 1668 3565 1718 3610; x_wconf 88' lang='lat' dir='ltr'>in</span> <span class='ocrx_word' id='word_1_360' title='bbox 1747 3561 1918 3628; x_wconf 80' lang='lat' dir='ltr'>quibus</span> <span class='ocrx_word' id='word_1_361' title='bbox 1959 3577 2059 3608; x_wconf 85' lang='lat' dir='ltr'>eam</span> <span class='ocrx_word' id='word_1_362' title='bbox 2091 3558 2180 3607; x_wconf 84' lang='lat' dir='ltr'>sihi</span> 
     </span>
     <span class='ocr_line' id='line_1_51' title="bbox 1183 3639 2195 3710; baseline -0.006 -17"><span class='ocrx_word' id='word_1_363' title='bbox 1183 3647 1455 3693; x_wconf 80' lang='lat' dir='ltr'>contrariam</span> <span class='ocrx_word' id='word_1_364' title='bbox 1471 3646 1698 3710; x_wconf 81' lang='lat' dir='ltr'>experitur</span> <span class='ocrx_word' id='word_1_365' title='bbox 1714 3681 1732 3706; x_wconf 88' lang='lat'>‚</span> <span class='ocrx_word' id='word_1_366' title='bbox 1758 3651 1809 3692; x_wconf 81' lang='lat' dir='ltr'>ut</span> <span class='ocrx_word' id='word_1_367' title='bbox 1822 3659 1903 3692; x_wconf 88' lang='lat' dir='ltr'>nos</span> <span class='ocrx_word' id='word_1_368' title='bbox 1929 3658 2024 3690; x_wconf 83' lang='lat' dir='ltr'>non</span> <span class='ocrx_word' id='word_1_369' title='bbox 2045 3639 2195 3690; x_wconf 56' lang='lat' dir='ltr'>semeia</span> 
     </span>
     <span class='ocr_line' id='line_1_52' title="bbox 1191 3726 1485 3775; baseline 0.003 -2"><span class='ocrx_word' id='word_1_370' title='bbox 1191 3726 1485 3775; x_wconf 82' lang='lat' dir='ltr'>advertimus.</span> 
     </span>
    </p>
   </div>
  </div>
 </body>
</html>
