2502 4186
284 211 405 274 284

923 231 1239 274 TRACTATUS
1280 236 1350 274 DE
1394 236 1792 277 nuenslus'ru.

284 378 443 436 velut
466 375 835 451 sacrificium
851 374 924 434 N
919 395 1038 434 ovoe
1065 375 1237 456 Leyis
1249 419 1270 449 ,
1287 387 1344 435 et
1361 378 1641 437 obtulisse
1666 380 1786 438 Deo
1807 380 1993 441 Patri
2013 404 2197 463 super
2217 391 2408 444 altare

272 492 502 551 panem
518 480 574 527 et
593 473 836 541 vinum,
858 471 1047 529 veluti
1057 472 1217 530 dona
1238 493 1415 531 sacra
1440 474 1738 552 offerentes
1753 485 1892 533 ante
1913 485 2406 539 consecrationem

284 578 577 644 tanquam
603 568 926 643 primitias
947 578 1374 627 creaturarum
1401 570 1487 626 ad
1503 572 2037 650 recoqnoscendum
2056 594 2406 652 supremum

281 665 410 739 ejus
439 665 509 720 in
531 682 624 719 res
647 682 848 720 omnes
873 663 1286 734 dominatum,
1320 675 1522 743 etpost
1544 670 2043 725 consecrationem
2070 670 2229 727 velut
2264 670 2407 729 Cor-

270 778 398 835 pus
429 766 485 814 et
512 758 887 848 Sanquinem
913 762 1238 837 mysticum
1265 760 1327 817 J.
1367 760 1430 818 C.
1481 758 1570 840 (l)
1597 803 1619 832 ,
1653 762 1739 819 ad
1761 764 1847 820 sic
1876 765 2407 842 representandum

280 852 668 930 Sacrificium
715 863 1074 926 cruentum,
1113 857 1274 933 quod
1307 859 1432 934 ipse
1461 858 1612 933 fecit
1650 856 1930 935 Corporis
1975 868 2029 915 et
2073 859 2408 938 San-quinis

279 952 383 1008 sui
404 955 472 1008 in
495 971 668 1009 cruce
687 993 711 1022 ‚
747 961 801 1008 et
828 951 916 1009 acl
937 951 1283 1010 obtinendos
1308 955 1556 1031 fructus
1578 956 1789 1011 mortis
1816 974 1942 1011 suoe
1956 976 2075 1034 pro
2106 960 2186 1013 iis
2216 960 2406 1015 omni-

279 1046 434 1120 bus,
466 1067 580 1126 pro
618 1048 844 1126 quibus
894 1048 1162 1106 oblatum
1199 1059 1299 1106 est.
1364 1054 1630 1108 Ceterum
1681 1049 1804 1107 lzcec
1842 1051 2120 1110 doctrina
2166 1072 2288 1110 non
2325 1064 2410 1112 est

278 1143 557 1200 doctrina
581 1147 773 1201 unius
798 1144 1049 1202 ecclesioe
1073 1146 1163 1202 vel
1176 1146 1511 1223 peculiaris
1539 1145 1828 1216 doctoris,
1855 1147 1960 1204 sed
1975 1158 2108 1205 erat
2130 1148 2406 1207 doctrina

278 1249 335 1295 et
347 1242 572 1317 praxis
607 1223 1276 1299 Ecclesioe'universalis
1292 1263 1311 1306 ,·
1339 1240 1612 1300 Ecclesia
1638 1262 1770 1298 eam
1798 1253 2107 1320 acceperat
2143 1244 2222 1301 ab
2252 1244 2406 1323 Apo-

277 1334 440 1392 stolis
460 1376 482 1404 ,
521 1333 792 1412 Apostoli
823 1356 862 1392 a
909 1335 1165 1393 Christo.
1195 1335 1311 1393 Est
1348 1337 1452 1407 id,
1480 1338 1643 1415 quod
1673 1337 1735 1395 S.
1773 1337 2048 1396 Irenaeus
2071 1359 2176 1396 nos
2210 1339 2405 1410 docet,

277 1429 439 1507 quod
455 1429 517 1486 S.
553 1430 833 1508 Iynatius
854 1439 911 1488 et
935 1430 994 1487 S.
1022 1430 1074 1489 J
1071 1434 1313 1489 ustinus
1335 1451 1438 1489 nos
1463 1433 1799 1490 docuerunt
1815 1442 1953 1489 ante
1975 1436 2180 1510 ipsum
2205 1477 2221 1507 .,
2251 1434 2412 1511 quod

288 1524 710 1583 Tertullianus
741 1534 797 1582 et
827 1525 890 1584 S.
930 1525 1285 1604 Cyprianus
1315 1546 1420 1584 nos
1443 1527 1780 1584 docuerunt
1794 1536 1950 1605 post.
1979 1527 2095 1586 Est
2118 1528 2220 1599 id,
2250 1529 2413 1606 quod

277 1621 437 1678 clare
458 1624 797 1678 continetur
818 1623 890 1678 in
908 1620 1112 1699 Epist.
1142 1621 1205 1678 S.
1234 1622 1542 1680 Clementis
1556 1622 1644 1679 ad
1674 1622 1971 1695 Corintb.‚·
1999 1626 2406 1681 testimonium

278 1715 442 1793 quod
470 1719 687 1794 maqni
709 1716 1005 1794 ponderis
1050 1737 1170 1774 esse
1211 1717 1408 1787 debet,
1455 1722 1748 1796 quoniam
1803 1727 2018 1775 auctor
2049 1721 2232 1795 liujus
2275 1723 2404 1797 epi-

277 1811 436 1868 stolce
467 1821 551 1869 est
576 1811 718 1881 ille,
753 1811 823 1869 de
849 1811 1048 1889 quc-S.
1078 1811 1319 1869 Paulus
1344 1812 1505 1868 dimit
1517 1822 1733 1869 nomen
1757 1832 1942 1868 suum
1966 1815 2263 1890 scriptum
2289 1834 2404 1871 esse

279 1909 350 1964 in
374 1906 531 1964 libro
569 1909 704 1964 vitoe
723 1928 747 1975 ,·
780 1916 835 1964 et
865 1910 1157 1985 quoniam
1185 1907 1432 1985 epistola
1460 1928 1575 1965 sua
1604 1916 1856 1964 exarata
1886 1916 1970 1964 est
1999 1906 2147 1965 duos
2179 1913 2267 1965 vel
2288 1917 2404 1979 tres

347 2098 414 2161 (l)
450 2094 714 2146 Meminisse
740 2097 963 2146 debemus
984 2135 997 2158 ‚
1027 2107 1266 2147 auctorem
1282 2134 1296 2159 ,

277 2183 359 2247 qui
402 2181 479 2228 hie
524 2181 730 2246 loquitur
747 2217 761 2239 ‚
805 2199 901 2230 esse
949 2192 1292 2247 protestantem.

275 2250 454 2310 Juverit
479 2263 618 2328 hujus
646 2262 942 2311 Protestantis
971 2280 1170 2313 errorem
1193 2283 1295 2313 cor-

276 2348 420 2409 rigere
451 2346 636 2393 alterius
670 2345 968 2395 protestantis
995 2349 1255 2396 testimonio
1277 2383 1293 2411 ‚

275 2429 449 2475 scilicet
467 2426 712 2476 Leibnitzii
734 2466 747 2489 ‚
782 2431 930 2495 quiin
957 2428 1085 2495 Syst.
1120 2430 1289 2480 Theol.

272 2508 374 2558 haec
398 2510 455 2559 de
474 2509 709 2560 Sacrificio
740 2512 953 2576 praeclare
974 2513 1132 2561 scribit
1153 2530 1167 2561 ε
1188 2515 1291 2561 Res

276 2592 431 2641 oblata
457 2596 559 2642 sive
585 2595 785 2643 victima
817 2604 904 2643 aut
928 2594 1085 2644 hostia
1104 2605 1172 2644 est
1191 2598 1293 2662 ipse

280 2674 532 2733 Christus,
568 2678 711 2741 cujus
743 2676 868 2725 'Caro
894 2686 938 2724 et
971 2677 1187 2742 Sanquis
1204 2678 1292 2726 sub

278 2759 434 2821 specie
461 2757 779 2822 symbolorum
806 2761 971 2824 utique
1004 2760 1292 2809 immolatio-

275 2840 358 2886 nis
371 2826 514 2903 atque
534 2838 787 2889 libamenti
802 2841 1009 2906 officium
1024 2843 1171 2891 subit.
1190 2842 1293 2891 Nec

273 2920 425 2978 video,
458 2922 579 2986 quid
604 2922 683 2970 hic
699 2922 821 2971 desit
845 2924 910 2972 ad
938 2941 1102 2972 veram
1119 2923 1291 2974 Sacri·

274 3004 383 3067 sicii
409 3006 644 3052 rationem
660 3026 680 3063 ‚·
703 3005 882 3069 quidni
910 3008 1038 3054 enim
1066 3007 1121 3054 id
1136 3045 1150 3063 ,
1167 3007 1294 3072 quod

273 3087 363 3134 sub
393 3086 620 3150 symbolis
636 3104 852 3153 proesens
869 3097 967 3150 est,
995 3089 1103 3137 Deo
1126 3091 1290 3155 offerri

266 3170 424 3234 possit
439 3206 451 3229 ‚
473 3185 633 3219 cum...
651 3172 777 3235 quod
794 3171 881 3219 sub
910 3173 986 3228 his
1012 3173 1066 3219 in
1087 3170 1140 3219 E
1142 3170 1290 3219 ucha-

272 3251 420 3298 ristia
445 3253 718 3300 continetur
739 3291 753 3312 ‚
786 3255 848 3301 sit
876 3255 1095 3301 omnium
1126 3269 1287 3300 rerum

267 3333 674 3397 pretIosissimum
727 3332 915 3398 Deoque
953 3335 1114 3400 offerri
1177 3333 1286 3398 diq-

275 3415 559 3464 nissimum.
584 3414 758 3479 Itaque
775 3414 861 3463 hoc
871 3416 1199 3482 pulcherrimo
1220 3418 1288 3463 in-

278 3505 415 3545 vento
465 3497 640 3546 divina
703 3498 980 3563 beniqnitas
1042 3507 1289 3562 eyestatem

273 3586 488 3627 nostram
519 3580 658 3643 juvit
675 3617 690 3636 ‚
744 3588 800 3627 ut
838 3580 1003 3645 offerre
1046 3580 1291 3645 possimus

276 3660 474 3726 aliquod
491 3679 673 3712 vnunus
690 3701 705 3722 ,
733 3661 860 3729 quod
882 3663 1022 3711 Deus
1042 3665 1294 3729 aspernari

279 3758 380 3791 non
402 3747 584 3811 possin
605 3755 649 3794 et
690 3763 801 3795 cum
827 3747 928 3812 ipse
957 3747 1184 3811 infinitus
1207 3747 1298 3810 sit,

1382 2096 1623 2162 quidquid
1665 2105 1826 2145 autem
1860 2096 1987 2145 alias
2025 2115 2056 2146 a
2092 2098 2232 2147 uobis
2253 2099 2405 2164 profi-

1380 2180 1503 2227 cisci
1516 2186 1698 2245 potest,
1739 2179 1804 2227 ad
1829 2179 2079 2243 infinitam
2116 2183 2220 2247 ejus
2240 2182 2400 2246 perse-

1381 2262 1586 2309 ctionem
1611 2260 1795 2309 nullam
1815 2263 2172 2328 proportionem
2202 2262 2401 2325 habeat,

1381 2342 1571 2391 nullum
1592 2343 1907 2392 libamentum
1929 2343 2172 2409 placando
2190 2345 2297 2394 Deo
2303 2362 2403 2411 par

1381 2427 1601 2473 inveniri
1618 2427 1805 2491 potuit,
1849 2443 1994 2491 quam
2037 2427 2166 2491 quod
2193 2427 2400 2491 infinitos

1378 2516 1422 2555 et
1457 2511 1618 2573 ipsum
1638 2508 1946 2574 perfectionis
1977 2516 2096 2556 esset
2123 2526 2146 2568 ;
2183 2507 2402 2555 mirabili

1378 2592 1508 2638 enim
1521 2592 1794 2654 rationefit‚
1819 2599 1875 2637 ut
1891 2589 2112 2638 Christus
2129 2591 2183 2638 in
2196 2589 2281 2638 hoc
2303 2587 2343 2636 S
2344 2606 2400 2636 a-

1379 2681 1652 2730 cramento,
1689 2674 1870 2737 quoties
1907 2673 2200 2720 consecratio
2220 2673 2312 2736 fit,
2349 2689 2399 2720 se

1380 2755 1519 2802 nobis
1557 2772 1740 2820 semper
1769 2755 2040 2816 redonam,
2094 2771 2281 2820 semper
2316 2754 2401 2802 de-

1378 2854 1477 2885 nuo
1521 2839 1686 2903 offerri
1724 2835 1823 2886 Deo
1857 2837 2037 2902 possit,
2082 2853 2223 2901 eoque
2261 2836 2397 2885 modo

1370 2927 1654 2985 perpetuam
1681 2919 1941 2984 efficaciam
1967 2921 2253 2985 suaeprimoe
2266 2918 2394 2966 obla-

1376 3001 1522 3049 tionis
1539 3040 1552 3061 ‚
1579 3018 1686 3066 quae
1706 3004 1763 3049 in
1787 3018 1926 3049 cruce
1946 3002 2079 3066 facta
2100 3010 2193 3061 est,
2220 3018 2398 3066 reproe·

1375 3091 1523 3130 ssntet
1560 3092 1699 3147 atque
1734 3084 2014 3148 obsiqnet...
2058 3083 2226 3147 Neque
2262 3084 2394 3130 enim

1376 3165 1486 3213 Deo
1513 3170 1704 3230 qratius
1737 3169 1996 3231 quicquam
2033 3174 2078 3213 et
2108 3168 2247 3229 cujus
2279 3182 2395 3213 sua-

1374 3249 1480 3296 vior
1517 3248 1631 3297 odor
1670 3250 1768 3310 sit,
1819 3266 1850 3296 a
1901 3248 2071 3309 nobis,
2121 3250 2164 3294 si
2211 3247 2396 3295 mundo

1376 3332 1514 3380 corde
1543 3333 1608 3380 ad
1629 3331 1754 3380 hanc
1782 3349 1921 3380 aram
1949 3330 2231 3379 accedamus
2251 3367 2264 3389 ‚
2299 3331 2395 3376 im-

1377 3415 1551 3463 molari
1555 3422 1730 3480 potest.
1755 3413 1807 3461 E
1808 3423 1828 3462 t
1832 3412 2065 3479 praeolare
2082 3409 2365 3458 Bernardus
2378 3428 2394 3455 .-

1386 3497 1566 3545 Totum
1583 3533 1599 3554 ‚
1626 3495 1754 3561 quod
1782 3495 1897 3542 dare
1906 3510 2103 3560 possum
2126 3527 2141 3554 ‚
2170 3491 2400 3539 miserum

1378 3596 1551 3645 corpus
1591 3578 1723 3626 istud
1766 3585 1835 3625 est
1853 3615 1866 3637 ,
1908 3585 1952 3623 et
1999 3577 2047 3623 si
2078 3575 2244 3622 minus
2284 3580 2353 3620 est
2376 3607 2396 3632 ,

1381 3662 1505 3711 addo
1536 3669 1581 3709 et
1598 3660 1786 3727 Corpus
1802 3660 1976 3726 ipsius.
1996 3656 2108 3722 Peg.
2130 3650 2249 3717 285,
2268 3671 2398 3720 seqq.
