2502 4186
618 238 741 275 car·
789 238 869 276 iv.
913 238 982 274 nn
1026 235 1331 289 mmmmm,
1379 234 1557 287 vocs,
1602 235 1723 274 arc.
2113 216 2231 277 355

125 383 187 442 in
215 379 477 440 Ecclesiis
500 376 896 439 orientalibus,
919 378 1003 437 Ex
1027 377 1118 436 his
1144 386 1427 462 praeterea
1453 375 1816 437 documentis
1840 388 2066 439 constat
2091 424 2108 456 ‚
2131 402 2231 463 po-

122 475 329 558 pulum
363 472 729 555 respondisse
764 494 976 545 amen,
1011 481 1188 554 prout
1226 490 1384 529 nunc
1410 470 1586 530 etiam
1615 471 1682 529 fit
1709 493 1742 530 a
1777 473 2078 550 niinistrQ
2121 474 2231 535 sub

121 571 302 630 finem
327 568 576 629 Canonis
598 611 614 642 ,
646 589 860 650 nempe
886 566 960 626 ad
990 566 1087 626 illa
1121 563 1299 628 verba
1318 609 1335 640 ‚
1366 586 1496 646 quae
1524 564 1642 625 alta
1683 587 1822 627 voce
1864 570 2088 650 profert
2114 571 2229 630 Sa-

122 666 324 727 cerdos
353 688 367 723 ε
405 666 532 724 Per
563 669 770 723 omnia
793 665 1013 723 soecula
1039 662 1395 723 saeculorum
1424 661 1535 742 (1).

203 760 344 820 402.
392 758 480 818 Ad
518 758 601 816 4ιιι
625 803 642 832 ,
673 761 830 819 Dist.
873 760 945 818 Et
974 758 1094 817 haec
1125 758 1252 839 ipsa
1289 756 1661 838 Imperatoris
1700 779 1853 818 nova
1892 761 2229 822 constitutio

119 854 449 916 luculenter
487 854 704 914 evincit
728 852 1210 913 consuetudinem
1236 852 1299 911 in
1332 851 1578 911 Ecclesia
1609 863 1781 912 antea
1808 853 2056 932 viguisse
2091 857 2231 916 Mis-

118 947 608 1009 samcelebrandi
641 947 945 1008 submissa
970 968 1112 1008 voce
1135 992 1152 1022 ‚
1189 959 1377 1015 cone.,·
1415 969 1539 1007 non
1569 949 1851 1028 viguisse,
1892 960 1994 1008 aut
2024 950 2233 1011 saltem

117 1043 424 1126 posthanc
442 1044 916 1104 constitutionem
932 1064 1160 1104 morem
1178 1042 1337 1102 hunc
1358 1042 1575 1125 ubique
1595 1042 1855 1103 locorum
1885 1043 2227 1121 obtinuisse,

119 1159 252 1218 neq.
290 1138 721 1220 Hic—siquidem
768 1138 1122 1220 Imperator,
1167 1139 1267 1220 qui
1303 1138 1562 1199 Ecclesiae
1597 1142 1732 1216 jura
1774 1138 1884 1198 sibi
1915 1147 2229 1221 perperam

120 1232 430 1313 arrogabat
444 1278 460 1308 ,
488 1233 674 1294 voluit
688 1232 1130 1293 innovationem
1150 1231 1448 1308 inducere,
1479 1253 1545 1292 ac
1567 1233 1739 1293 tacite
1757 1233 1967 1295 saltem
1989 1234 2229 1311 fatetur,

116 1349 426 1409 nunquam
460 1337 596 1386 ante
631 1327 826 1410 ipsum
856 1348 1081 1387 morem
1120 1328 1184 1385 in
1216 1326 1407 1408 aliqua
1453 1326 1690 1388 ecclesia
1723 1340 2026 1410 receptum
2062 1350 2185 1389 esse
2210 1375 2227 1405 ‚

126 1434 196 1482 ut
222 1432 346 1508 tota
378 1423 551 1482 Missa
581 1421 730 1482 elata
752 1443 893 1484 voce
917 1421 1306 1506 celebraretur
1335 1422 1450 1503 (2).
1493 1424 1892 1485 Assentatores
1913 1470 1930 1501 ,
1965 1425 2065 1506 qui
2084 1446 2234 1484 nun-

116 1540 295 1600 quam
336 1517 551 1578 desunt
572 1563 589 1593 ,
636 1528 870 1578 'morem
914 1517 969 1578 ei
1007 1529 1337 1598 gesserunt3
1391 1517 1657 1600 plerique
1695 1539 1836 1580 vero
1871 1520 2229 1580 restiterunt.

114 1615 265 1674 Hinc
291 1616 683 1697 comperimus
703 1659 721 1688 ,
750 1615 926 1673 etiam
950 1614 1013 1672 in
1051 1613 1300 1674 Ecclesia
1324 1633 1502 1693 graeca
1530 1624 1658 1672 tum
1693 1613 1802 1672 sub
1829 1613 1938 1672 hoc
1970 1616 2233 1695 Impera-

115 1720 244 1770 tore
275 1721 404 1769 tum
430 1721 564 1791 post
599 1710 792 1790 ipsum
826 1719 1126 1770 servatum
1167 1729 1290 1768 esse
1327 1709 1639 1790 antiquum
1674 1710 1855 1768 ritum
1886 1709 1974 1790 (3)
1996 1755 2012 1785 ,
2055 1720 2233 1792 prout

110 1803 172 1862 in
187 1805 633 1886 praesentiarum
657 1814 718 1863 et
740 1803 899 1886 apud
923 1801 1249 1864 Orientales
1273 1814 1333 1863 et
1346 1803 1504 1886 apud
1522 1805 1749 1865 Graecos
1769 1804 1962 1865 adhuc
1982 1803 2228 1865 obtinet.

890 2034 1300 2089 PROPOSITIO
1343 2035 1439 2088 ΙΙΙ.

109 2205 295 2264 Nihil
315 2215 399 2264 est
423 2208 486 2263 in
516 2206 722 2265 Missae
737 2209 1106 2278 ceremoniis.
1131 2207 1356 2286 quibus
1381 2210 1585 2266 ulitur
1608 2207 1880 2267 Ecclesia
1902 2206 2220 2278 catholica,

636 2303 802 2380 quod
832 2323 952 2361 non
983 2306 1066 2361 sit
1105 2312 1390 2361 sanctum
1415 2311 1472 2360 et
1486 2306 1693 2381 pium.

195 2513 346 2585 4032
385 2528 484 2586 Est
524 2526 597 2586 de
635 2527 749 2587 fide
795 2528 919 2588 haec
957 2527 1311 2610 propositi03
1356 2548 1490 2587 cum
1541 2549 1671 2588 eam
1716 2527 1996 2590 adversus
2040 2553 2228 2594 nova—

114 2632 268 2681 tores
305 2622 562 2690 sanxerit
589 2624 767 2682 Conc.
809 2623 1218 2682 Tridentinum
1255 2644 1393 2682 sess,
1431 2624 1590 2682 XXII
1620 2669 1636 2699 ,
1673 2644 1800 2684 can.
1825 2626 1965 2684 VII:
2001 2628 2230 2706 Siquis

115 2717 376 2790 dixerit,
417 2724 781 2778 ceremonias
803 2763 827 2792 ,
863 2731 1039 2778 vestes
1073 2730 1129 2777 et
1155 2730 1402 2778 externa
1440 2724 1617 2799 sayna
1643 2762 1665 2792 ,
1710 2723 1935 2799 quihus
1967 2727 2037 2780 in
2078 2726 2229 2782 Mis-

112 2832 324 2870 sarum
353 2814 738 2872 celebratione
754 2815 1030 2874 Ecclesia
1052 2816 1340 2872 catholica
1369 2819 1571 2872 utitur
1582 2858 1605 2886 ,
1650 2818 1990 2876 z'rrz‘tahala
2016 2820 2229 2898 impie·

117 2910 260 2963 tatis
287 2927 402 2965 esse
431 2912 627 2987 maqis
659 2930 847 2988 quam
880 2911 1067 2988 officia
1093 2913 1345 2989 pietatis
1366 2953 1383 2984 ,
1422 2911 1748 2969 anathema
1776 2915 1874 2970 sit.

184 3125 251 3187 (l)
289 3123 516 3173 Adversus
541 3124 848 3191 Bingbamum
863 3116 1131 3177 cfr.'Mura-'
1212 3127 1429 3176 Ceterum
1452 3163 1467 3185 ‚
1500 3130 1636 3176 etiam
1677 3131 1726 3175 in
1755 3127 1955 3176 ecclesiis
1992 3130 2149 3193 graecis
2179 3136 2226 3178 et

117 3214 206 3254 tor.
240 3207 351 3254 dise.
385 3209 459 3254 cit.
486 3207 578 3255 loc.
606 3210 685 3256 cit.
1212 3209 1699 3274 orientalibuspartem
1715 3208 1868 3257 Missae
1881 3209 2107 3258 submissa
2119 3227 2228 3260 voce

190 3288 256 3352 (Ξ)
294 3287 416 3336 Sane
451 3288 704 3353 imperator
739 3292 788 3338 in
812 3291 892 3338 cit.
933 3288 1130 3339 Novella
1210 3294 1446 3341 recitatam
1472 3309 1597 3351 esse,
1636 3301 1760 3357 patet
1792 3308 1847 3340 ex
1879 3291 2071 3340 vocibus
2106 3314 2227 3355 pavr-

115 3370 175 3418 ad
203 3370 600 3418 cohonestandum
642 3370 843 3418 edictum
870 3389 1006 3418 suum
1033 3389 1129 3420 non
1210 3379 1343 3426 τικᾶἰς
1366 3412 1378 3435 ,
1413 3375 1609 3437 ἐκφωνός
1627 3410 1639 3431 ,
1662 3389 1766 3439 quae
1786 3383 2049 3422 constanter
2065 3390 2225 3422 occur-

114 3451 248 3500 affert
261 3452 468 3516 exempla
488 3469 545 3500 ex
560 3453 859 3518 antiquitate,
877 3453 957 3502 sed
973 3451 1124 3511 solum
1205 3467 1317 3504 runt
1342 3458 1392 3504 in
1418 3458 1621 3521 ipsarum
1647 3454 1940 3520 Euchologiis
1950 3490 1968 3516 ‚
2005 3464 2055 3502 ut
2073 3455 2225 3502 videre

117 3535 283 3580 nititur
299 3535 673 3598 interpretatione
694 3536 866 3598 privata
881 3534 1126 3583 verborum
1209 3546 1276 3586 est
1291 3538 1412 3603 apud
1433 3537 1798 3597 Renaudotium,
1817 3536 2009 3600 Liturq.
2033 3533 2226 3583 Orient-

118 3613 355 3679 Apostoli,
388 3633 488 3681 quae
503 3618 759 3663 etiamnum
777 3634 803 3663 a
831 3617 1128 3666 novatoribus
1209 3628 1324 3668 tom.
1352 3636 1389 3666 11
1409 3657 1423 3680 ,
1451 3637 1558 3685 pag.
1585 3634 1649 3690 αξ
1680 3624 1726 3666 et
1753 3616 1838 3665 63.

121 3694 258 3761 objici
272 3697 448 3759 solent,
468 3707 513 3746 et
530 3697 784 3747 rationibus
800 3700 1126 3764 congruentiae.
1280 3699 1346 3766 (3)
1380 3699 1476 3750 Gfr.
1507 3699 1573 3750 Le
1602 3697 1752 3750 Brun.
1780 3697 1871 3746 loc.
1902 3697 1991 3744 cit.

1876 3774 1976 3834 23.
