2502 4186
298 193 418 253 37⁸2
963 212 1287 262 'macutus
1333 211 1402 250 DE
1445 214 1831 256 munirem-121.

301 367 639 430 obeundum
668 364 955 447 Apostolis
981 366 1271 424 commisit
1286 366 1547 427 Christus
1564 367 1637 426 ab
1664 390 1757 443 eo,
1785 369 1943 450 quod
1964 371 2166 431 iisdem
2190 374 2424 432 deman-

301 464 483 536 davit,
514 482 648 519 cum
665 458 796 518 illos
819 459 893 518 ad
911 459 1350 541 praedicandum
1365 461 1748 542 Evangeliu'm
1774 463 1928 523 etad
1950 462 2419 530 denunciandam

300 553 570 637 gentibus
607 554 1024 637 poenitentiam
1066 556 1244 614 misit.

384 652 480 709 11.
533 648 619 709 Ad
665 651 790 724 2¹1²,
825 651 983 710 Dist.
1021 649 1087 709 Id
1125 663 1249 727 est,
1296 651 1583 731 delegavit
1625 652 1888 712 Christus
1930 655 2219 736 Apostolis
2267 678 2429 716 eam-

301 745 438 806 dem
461 756 813 828 potestatem
839 791 856 820 ,
888 767 1064 828 quam
1093 747 1217 828 ipse
1244 769 1275 806 a
1299 749 1469 806 Patre
1501 759 1802 829 acceperat
1824 748 1897 808 ad
1919 750 2272 810 remittenda
2303 773 2431 832 pec-

302 853 429 901 cata
460 887 475 915 ,
521 862 704 908 conc.;
738 841 814 900 ad
857 840 1042 901 solam
1076 842 1371 921 Evangelii
1421 841 1928 924 praedicationem,
1973 867 2104 926 neq.
2153 847 2232 903 Ut
2273 847 2430 905 enim

304 936 520 1018 legitur
554 936 763 997 Matth.
802 937 883 995 IX
903 983 918 1012 ,
964 938 999 996 6
1022 984 1038 1013 ,
1075 938 1340 997 Christus
1371 938 1522 997 hanc
1551 938 1906 1020 peculiarem
1939 951 2291 1021 potestatem
2320 940 2429 1000 sibi

303 1032 655 1108 vindicavit,
673 1031 905 1102 dicens:
944 1033 1020 1093 Ut
1035 1039 1240 1093 sciatis
1256 1078 1275 1106 ,
1300 1039 1450 1113 quia
1467 1035 1670 1092 Filius
1691 1034 1952 1093 hominis
1973 1036 2147 1094 habet
2165 1047 2432 1116 potesta-

308 1140 421 1187 tem
467 1133 537 1186 in
583 1139 767 1186 terrm
790 1129 1145 1187 dimittendi
1175 1141 1458 1209 peccata,
1505 1141 1608 1188 etc.
1666 1130 1807 1188 Eam
1845 1122 2129 1211 praeterea
2178 1133 2435 1191 exercuit

302 1226 441 1284 Luc.
472 1225 577 1282 'VII
599 1268 615 1298 ,
652 1223 856 1298 limet
878 1223 1018 1282 alibi
1043 1225 1296 1306 passim,
1337 1224 1489 1284 hanc
1524 1225 1701 1306 igitur
1723 1235 2077 1307 potestatem
2106 1228 2435 1286 communi-

306 1319 460 1380 cavit
498 1310 666 1379 Jesus
696 1317 1012 1402 ¹discip-ulis
1034 1363 1050 1393 ,
1090 1321 1263 1379 Joan.
1299 1321 1427 1378 XX.

396 1417 490 1476 12.
537 1415 627 1476 Ad
662 1415 747 1475 3m
766 1461 782 1491 ,
813 1416 962 1497 Ney.
991 1417 1070 1474 Ut
1101 1427 1264 1498 patet
1294 1437 1365 1476 ex
1395 1415 1564 1476 dictis
1590 1417 1652 1475 in
1678 1438 1830 1500 resp.
1862 1417 1937 1476 ad
1967 1419 2065 1477 1¹¹¹.
2127 1411 2133 1416 ’

390 1511 485 1571 13.
534 1513 574 1572 Α
596 1511 635 1570 d
652 1511 778 1588 4¹1¹,
802 1514 961 1572 Dist.
992 1513 1220 1572 Docens
1247 1558 1262 1587 ,
1288 1510 1581 1594 quomodo
1617 1514 1844 1594 possint
1869 1511 2049 1573 verba
2069 1560 2085 1588 ,
2124 1533 2251 1595 quae
2276 1514 2435 1596 apud

305 1610 520 1667 Lucam
545 1607 822 1688 leguntur
843 1653 858 1682 ,
887 1607 1073 1686 digeri
1110 1629 1213 1667 seu
1244 1606 1477 1689 disponi
1507 1628 1642 1666 cum
1673 1609 1740 1667 iis
1761 1653 1778 1683 ,
1812 1608 2247 1690 quaeleguntur
2281 1609 2437 1691 apud

304 1706 597 1764 ,Ioannem
619 1749 634 1778 ,
674 1725 858 1770 conc.;
898 1701 1113 1762 docens
1154 1701 1227 1763 de
1258 1700 1376 1762 una
1416 1702 1741 1786 eademque
1776 1715 2066 1785 potestate
2100 1725 2224 1765 esse
2252 1705 2434 1765 intel-

304 1798 536 1879 ligenda
558 1843 575 1874 ,
612 1820 739 1881 quae
771 1809 1085 1857 occurrunt
1111 1799 1174 1856 in
1215 1799 1338 1857 istis
1366 1798 1870 1878 Evangelistarum
1917 1800 2085 1876 lociS,
2127 1823 2258 1882 neq.
2304 1804 2428 1859 Imo

306 1896 366 1952 S.
411 1897 625 1954 Doctor
669 1893 962 1975 duplicem
1001 1893 1306 1973 distinguit
1348 1894 1563 1953 Christi
1598 1895 2029 1977 apparitionem
2067 1898 2129 1955 in
2165 1897 2429 1957 adductis

304 1990 653 2050 testimoniis
675 2010 698 2064 ,·
725 2001 796 2048 ut
827 2011 898 2048 ex
931 1989 1206 2047 orationis
1231 1989 1378 2048 serie
1406 2000 1607 2071 aperte
1642 2001 1870 2050 constat
1896 1990 2006 2070 (1).

305 2189 386 2237 per
417 2190 471 2221 ea
505 2171 646 2221 verba
671 2170 939 2236 intelligunt
965 2171 1286 2220 liberationem
1305 2189 1330 2219 a

307 2257 453 2319 poenis
482 2257 729 2303 criminum
754 2290 769 2314 ‚
800 2254 974 2302 scilicet
991 2253 1163 2301 morbis
1181 2291 1194 2313 ‚
1218 2254 1331 2302 adeo

307 2346 360 2383 ut
376 2338 611 2384 remittere
643 2344 840 2402 peccata
873 2335 1063 2401 perinde
1094 2338 1152 2383 sit
1178 2353 1230 2384 ac
1260 2353 1333 2383 re-

308 2437 494 2468 movere
520 2437 804 2485 consequens
833 2421 1006 2483 peccati
1037 2421 1130 2466 sive
1152 2436 1178 2466 a
1211 2435 1329 2466 mor-

307 2501 381 2549 bis
423 2501 618 2550 liberare
651 2539 665 2562 ‚
701 2502 914 2554 retinere·
940 2511 1093 2549 autem
1133 2507 1332 2566 peccata

308 2583 495 2632 morbos
512 2586 764 2633 immittere
779 2583 851 2632 vel
869 2585 1108 2632 sanitatem
1125 2599 1222 2630 non
1237 2599 1332 2631 res-

307 2652 491 2714 tit‘uere.
528 2664 619 2714 Alii
640 2702 654 2729 ,
689 2669 809 2714 inter
831 2681 949 2730 quos
977 2664 1176 2713 Kuinoel
1201 2667 1297 2729 ipse
1315 2702 1327 2724 ,

310 2747 627 2805 contendunt,
643 2748 772 2796 hunc
785 2747 1053 2795 eorumdem
1079 2746 1330 2796 verborum

311 2846 499 2878 sensum
528 2845 627 2878 esse
662 2846 676 2877 ε
698 2846 860 2877 omnes
884 2828 969 2876 Dei
994 2829 1198 2877 favorem
1216 2864 1231 2888 ,
1257 2829 1332 2876 be·

304 2912 478 2960 -neficia
491 2947 509 2973 ,
549 2911 824 2959 delictorum
838 2913 1023 2969 veniam
1035 2928 1332 2978 ⁴consequen-

313 3002 408 3054 tur,
428 2993 599 3058 quibus
613 2993 912 3059 peccatorum
929 2995 1112 3042 veniam
1144 3010 1329 3041 annun-

311 3077 551 3136 tiaveritis,
573 3092 783 3142 quosque
798 3077 848 3123 in
862 3086 1030 3123 coetum
1046 3074 1329 3123 Christiano-

313 3174 419 3204 rum
454 3159 718 3222 receperitis
735 3195 747 3216 ,
803 3175 855 3206 ea
899 3167 1056 3205 tamen
1099 3157 1198 3220 lege
1219 3192 1233 3215 ‚
1282 3166 1333 3204 ut

316 3257 468 3288 meam
485 3240 744 3288 doctrinam
761 3240 1061 3304 profiteantur
1077 3274 1091 3302 ,
1111 3238 1332 3304 factisque

313 3337 368 3370 ac
412 3321 619 3370 moribus
674 3323 965 3385 exprimant;
1022 3329 1181 3388 contra
1223 3337 1332 3368 vero

317 3420 478 3452 omnes
503 3440 516 3462 ,
550 3420 668 3468 quos
692 3420 788 3451 non
810 3405 1095 3468 receperitis,
1127 3419 1241 3468 quos
1256 3405 1330 3451 in-

315 3487 477 3550 dignos
517 3484 849 3549 declaraveritis
893 3486 974 3550 qui
1018 3486 1293 3549 recipiantur
1315 3523 1327 3545 ,

315 3577 639 3626 contumaceS,
684 3566 956 3626 facinorosi,
1004 3564 1178 3631 quibus
1216 3567 1330 3615 adeo

317 3650 615 3696 contumaciae
647 3658 704 3713 δ«Ξῖ
735 3647 1012 3712 flagitiorum
1056 3664 1212 3712 poenas
1251 3666 1330 3695 an-

315 3732 664 3790 nuntiaveritis,
698 3746 790 3778 non
821 3729 1112 3795 perfruentur
1145 3728 1230 3779 Dei
1258 3730 1329 3778 fa-

1417 2188 1543 2231 vore,
1565 2169 2068 2223 carebunthenefieiis,
2100 2171 2272 2238 quibus
2293 2172 2436 2221 chris-

1416 2256 1529 2302 tiani
1543 2253 1755 2302 homines
1770 2252 2074 2301 cumulantur
2087 2290 2100 2313 ,
2121 2270 2274 2318 poenas
2288 2255 2437 2302 luent.

1396 2336 1604 2385 ‘Constat
1621 2335 1815 2396 scilicet,
1834 2331 2162 2396 Protestante*s‚
2188 2337 2440 2386 traditione

1417 2415 1584 2484 rejecta
1604 2453 1619 2477 ‚
1658 2417 1789 2465 nullo
1833 2433 2041 2483 unquam
2071 2419 2122 2464 in
2155 2417 2257 2466 loco
2289 2424 2436 2467 certos

1417 2517 1549 2565 posse
1578 2501 1842 2549 consistere.

1484 2582 1554 2646 (1)
1585 2580 1663 2630 Sic
1699 2583 1824 2630 enim
1869 2581 2073 2647 loquitur
2118 2579 2168 2629 S.
2214 2579 2386 2629 Doctor
2422 2598 2436 2633 ς

1418 2661 1521 2711 His
1534 2664 1646 2711 item
1661 2662 1817 2711 verbis
1829 2669 2035 2727 possunt
2062 2661 2271 2727 adjunqi
2285 2699 2299 2718 ,
2325 2679 2433 2727 quae

1418 2747 1581 2793 Lucas
1611 2751 1763 2804 tacet,
1803 2742 1925 2790 dicit
1965 2752 2124 2791 autem
2160 2742 2437 2798 Joannes...

1416 2826 1520 2874 His
1535 2841 1705 2874 rursus
1717 2825 2043 2890 adjunqamus
2059 2862 2073 2880 ‚
2090 2841 2196 2889 quoe
2214 2823 2437 2873 Jocmnes

1407 2909 1737 2973 proetermisit,
1755 2910 1920 2968 ,Lucas
1935 2915 2283 2955 commemorat.
2298 2907 2439 2957 Nem-

1415 3007 1474 3054 pe
1504 2991 1647 3038 texuit
1687 3000 1896 3038 catenam
1920 3026 1933 3049 ,
1968 3000 2022 3037 ut
2049 2989 2187 3053 vulgo
2225 2989 2394 3037 dicitur
2421 3025 2435 3047 ‚

1415 3074 1690 3120 narrationis
1705 3058 2101 3136 Evangelistarum
2121 3071 2437 3119 connectendo

1415 3156 1697 3202 textusinter
1714 3171 1776 3202 se.
1792 3152 1889 3201 Sub
1917 3153 2059 3202 finem
2084 3151 2230 3219 hujus
2251 3155 2433 3200 numeri

1416 3245 1569 3300 aperte
1585 3239 1789 3297 adnotat,
1806 3236 2031 3284 diversam
2051 3252 2146 3283 esse
2176 3236 2427 3299 apparitio-

1417 3337 1524 3368 nem
1547 3356 1560 3380 ,
1590 3335 1695 3384 quae
1727 3321 1919 3383 contigit
1947 3318 2137 3366 absente
2157 3317 2336 3364 Thoma
2354 3353 2367 3375 ,
2392 3326 2436 3363 et

1416 3403 1465 3448 in
1482 3419 1572 3467 qua
1586 3401 1795 3450 Christus
1805 3402 1942 3450 verba
1959 3399 2175 3465 protulit,
2190 3398 2246 3445 de
2264 3397 2434 3463 quibus

1417 3483 1679 3532 disserimus
1703 3521 1717 3543 ,
1753 3483 1814 3532 ab
1846 3483 1924 3531 illa
1946 3486 1996 3530 in
2017 3499 2109 3547 qua
2133 3480 2319 3527 fuerunt
2332 3495 2433 3526 om-

1415 3584 1495 3615 nes
1518 3566 1752 3632 Apostoli,
1787 3577 1831 3614 et
1854 3585 1905 3614 ea
1930 3565 2136 3613 Christus
2171 3563 2303 3623 dixit,
2332 3580 2433 3628 quae

1416 3649 1537 3714 apud
1565 3648 1612 3698 S.
1643 3648 1820 3704 rLucam
1849 3648 2079 3712 leguntur.
