2502 4186
302 195 422 254 462
938 209 1260 250 ramni-os
1304 210 1373 248 nn
1415 210 1802 251 romzrrmvrm.

214 386 216 390 >
301 351 994 439 ipsemetCourayeriUS,
1038 350 1184 411 dum
1230 351 1482 410 affirmat
1509 352 1572 410 in
1618 352 1928 435 hypothesi
1961 355 2035 415 de
2077 357 2416 415 necessitate

305 448 727 524 ConfessioniS‚
757 469 840 508 *ex
866 447 1080 507 Christi
1114 445 1304 508 verbis
1339 448 1502 528 sequi
1537 460 1768 529 peccata
1812 471 1937 509 esse
1972 450 2283 530 aperienda
2306 497 2322 527 ,
2350 462 2417 509 ut

303 545 549 605 relaxari
569 544 792 626 possint
808 542 920 623 (1).
950 541 1175 602 Deinde
1198 541 1338 605 alibi
1362 542 1624 603 Christus
1651 543 1867 604 directe
1893 545 2075 604 dixit:
2108 550 2418 621 Quaecum-

302 663 416 719 que
445 642 810 720 liqaveritis,
846 659 1233 718 quoecumque
1276 639 1584 698 solveritis.

385 723 526 802 236.
573 734 660 800 Ad
689 735 806 809 51¹¹,
846 734 1065 824 Trans.
1103 735 1214 805 Res
1244 733 1533 814 siquidem
1554 734 1774 794 incerta
1803 746 1891 794 est
1920 757 2036 817 quo
2071 757 2245 794 sensu
2271 756 2422 793 unus

304 842 409 899 aut
447 830 596 892 alter
629 831 1103 891 scholasticorum
1141 829 1202 890 id
1241 828 1535 912 docuerit3
1588 852 1732 912 quos
1779 843 1980 890 tamen
2026 829 2346 890 Richardus
2391 851 2423 889 a

307 927 364 986 S.
409 928 669 1002 Victore,
716 928 815 1008 qui
849 925 1085 984 illorum
1118 924 1298 984 refert
1336 926 1726 1003 sententiam,
1771 925 2035 985 confutat
2071 948 2205 986 cum
2247 925 2422 985 scho-

305 1020 518 1082 lasticis
547 1021 784 1104 reliquis
820 1019 1092 1080 omnibus
1127 1021 1241 1102 (2).

1097 1213 1504 1267 PROPOSITIO
1556 1214 1625 1266 II.

433 1347 556 1405 Soli
598 1344 935 1403 Sacerdotes
977 1354 1125 1403 sunt
1163 1344 1550 1402 Sacramenti
1586 1342 1967 1401 Paenitentia&
2007 1345 2302 1401 ministri.

382 1518 531 1596 Δ237.
578 1537 648 1595 Et
676 1534 797 1593 haec
834 1520 1156 1616 propositio
1192 1531 1517 1612 dogmatica
1546 1543 1672 1606 est,
1719 1532 1939 1608 etenim
1975 1531 2388 1591 Tridentinum
2412 1576 2428 1605 ,

313 1654 455 1692 sess.
504 1631 632 1690 XIV
656 1675 673 1707 ‚
708 1641 1023 1712 postquam
1057 1644 1189 1710 cap.
1229 1629 1304 1687 Vl
1343 1627 1697 1703 declaravit,
1732 1630 1928 1707 falsas
1961 1635 2077 1687 esse
2115 1639 2170 1687 et
2207 1651 2246 1686 a
2275 1616 2436 1686 veriss

315 1739 430 1787 tate
465 1727 790 1804 Evan‘qelii
811 1730 1059 1804 penitus
1094 1726 1327 1782 alienas
1360 1725 1667 1782 doctrinas
1705 1745 1948 1796 omnes,
1987 1746 2120 1803 quoe
2156 1726 2243 1783 ad
2288 1726 2439 1783 alios

315 1826 551 1903 quosvis
581 1822 850 1880 homines
878 1829 1107 1899 proeter
1127 1819 1454 1898 Episcopos
1483 1829 1538 1876 et
1571 1820 1907 1878 Sacerdotes
1942 1820 2210 1879 claviam
2237 1824 2438 1878 mini-

315 1922 565 1977 sterium
577 1917 918 1995 perniciose
935 1915 1283 1986 extendunt,
1315 1934 1444 1971 can.
1477 1914 1847 1975 Xdefinivit:
1877 1917 2110 1994 Siquis
2134 1917 2434 1974 dixerit...

317 2035 437 2072 non
461 2014 603 2072 solos
625 2011 964 2069 Sacerdotes
986 2031 1100 2068 esse
1129 2013 1443 2068 ministros
1477 2011 1902 2083 absolzttiom'S,
1948 2013 2052 2070 sed
2081 2014 2364 2071 omnihus
2384 2023 2443 2076 vet

316 2110 581 2189 sinyulis
620 2107 847 2166 Christi
868 2106 1149 2184 fidelibus
1175 2127 1290 2164 esse
1319 2106 1549 2164 dictam
1586 2127 1600 2164 ε
1647 2106 2045 2186 Quoecumque
2077 2109 2442 2188 Ziyaverz'ti'S,

316 2215 422 2263 etc.
480 2204 756 2283 Quorum
791 2206 1179 2273 remiseritis,
1216 2212 1320 2260 etc.
1359 2222 1620 2280 quorum
1649 2203 1967 2261 verborum
2009 2207 2229 2261 virtute
2257 2204 2443 2282 quili-

319 2304 414 2360 het
439 2301 732 2359 absolvere
758 2303 952 2379 possit
977 2309 1224 2378 peccata
1237 2341 1262 2371 ,
1293 2299 1550 2378 publica
1595 2300 1838 2377 quidem
1866 2321 1985 2380 per
2015 2305 2444 2380 correptionem

319 2399 669 2472 dumtaxat,
699 2400 758 2454 si
777 2406 1081 2474 correptus
1109 2398 1506 2474 acquieverit
1538 2405 1758 2454 secreta
1774 2417 1904 2454 vero
1917 2418 2033 2476 per
2053 2407 2443 2476 spontaneam

319 2496 785 2572 confessionem,
824 2492 1148 2550 anatliema
1198 2496 1294 2549 sit.

403 2588 546 2648 238.
601 2587 687 2648 Ad
723 2586 873 2646 solos
911 2598 1108 2646 autem
1157 2586 1460 2667 Apostolos
1497 2608 1817 2669 eorumque
1856 2588 1919 2646 in
1956 2586 2274 2646 sacerdotio
2313 2607 2445 2645 suc·

322 2706 575 2745 cessores
599 2683 840 2743 recitata
866 2681 1045 2743 verba
1080 2683 1413 2765 pertinere,
1468 2682 1716 2764 ideoque
1761 2704 1856 2742 eos
1893 2684 2146 2741 tantum'
2171 2681 2444 2763 praeditos

323 2802 447 2841 esse
499 2779 772 2839 facultate
818 2777 1160 2839 remittendi
1201 2790 1260 2838 et
1307 2779 1602 2838 retinendi
1647 2790 1917 2860 peccata,
1976 2789 2187 2860 praeter
2245 2787 2447 2860 aperta

326 2876 756 2957 Scripturarum
802 2875 1136 2943 testimonia
1186 2885 1468 2956 perpetua
1514 2873 1773 2933 Ecclesiae
1815 2875 2011 2955 praxis
2049 2885 2108 2933 et
2155 2872 2446 2932 unanimis

326 2975 565 3031 Patrum
591 2992 905 3031 consensus
929 2970 1387 3030 luculentissime
1410 2971 1750 3030 ostendunt.
1799 2974 1946 3030 Nam
1988 2971 2218 3030 ritualia
2249 2969 2445 3029 omnia

326 3067 507 3126 latina
554 3078 614 3126 et
644 3087 821 3147 graeca
856 3066 1227 3146 euchologia,
1269 3087 1395 3147 quae
1437 3065 1678 3126 modum
1729 3066 2067 3126 describunt
2109 3065 2319 3124 dandae
2351 3086 2447 3123 re-

326 3162 765 3237 conciliationis,
787 3161 936 3221 solos
961 3183 1193 3244 semper
1208 3161 1517 3243 Episcopos
1541 3173 1641 3221 aut
1659 3163 1997 3222 Sacerdotes
2022 3161 2323 3244 appellant
2339 3158 2446 3240 (3).

403 3366 471 3430 (l)
498 3365 556 3413 In
574 3374 674 3413 not.
700 3364 759 3412 ad
778 3382 914 3413 num.
941 3381 1005 3432 29
1018 3365 1185 3413 libri1v
1206 3363 1344 3413 Hist.
1439 3365 1593 3413 Thesi
1605 3367 1795 3430 quinta.
1826 3366 1959 3415 Circa
1987 3376 2191 3415 mentem
2219 3365 2268 3415 S.
2291 3365 2443 3414 Bona-

335 3448 485 3498 Conc.
513 3445 655 3495 Trid.
685 3445 818 3494 Pauli
842 3445 1008 3511 Sarpii.
1431 3457 1636 3496 venturae
1666 3448 1751 3498 cfr.
1766 3448 1984 3497 Pallavic.
2003 3446 2096 3497 loc.
2121 3451 2205 3497 cit.
2231 3465 2333 3512 cap.
2367 3462 2444 3506 12,

295 3532 297 3534 ’
324 3544 332 3552 ·
405 3528 491 3593 (2)
508 3527 604 3576 Cfr.
631 3527 802 3576 Mor-in.
825 3544 902 3591 op.
939 3539 983 3575 et
1002 3527 1094 3576 loc.
1118 3529 1198 3576 cit.
1222 3546 1272 3577 n.
1292 3526 1345 3577 8.
1432 3528 1459 3596 §
1506 3528 1559 3579 6.

331 3610 476 3676 Quod
503 3613 666 3659 attinet
688 3610 747 3658 ad
782 3608 1051 3674 Magistrum
1093 3607 1349 3658 Sententia·
1503 3611 1569 3675 (3)
1602 3612 1697 3661 Cfr.
1745 3623 1950 3662 auctores
2003 3615 2101 3661 citt.
2156 3612 2442 3670 Martenius‚

335 3709 441 3740 rum
461 3728 475 3753 ,
506 3692 592 3741 cfr.
626 3691 886 3751 Maldonat,
921 3709 997 3756 op.
1031 3693 1111 3741 cit.
1133 3702 1253 3756 part.
1278 3709 1350 3741 ιιι.
1433 3693 1752 3743 Renaudotius
1772 3731 1785 3757 ‚
1818 3695 2026 3745 Mon-inus
2045 3704 2175 3757 ,οἱα
