<?xml version="1.0" encoding="UTF-8"?>
<!DOCTYPE html PUBLIC "-//W3C//DTD XHTML 1.0 Transitional//EN"
    "http://www.w3.org/TR/xhtml1/DTD/xhtml1-transitional.dtd">
<html xmlns="http://www.w3.org/1999/xhtml" xml:lang="en" lang="en">
 <head>
  <title>
</title>
<meta http-equiv="Content-Type" content="text/html;charset=utf-8" />
  <meta name='ocr-system' content='tesseract 3.04.00' />
  <meta name='ocr-capabilities' content='ocr_page ocr_carea ocr_par ocr_line ocrx_word'/>
</head>
<body>
  <div class='ocr_page' id='page_1' title='image "a603693806perruoft_0090.png"; bbox 0 0 2502 4186; ppageno 0'>
   <div class='ocr_carea' id='block_1_1' title="bbox 985 158 1737 214">
    <p class='ocr_par' dir='ltr' id='par_1_1' title="bbox 985 158 1737 214">
     <span class='ocr_line' id='line_1_1' title="bbox 985 158 1737 214; baseline 0 0"><span class='ocrx_word' id='word_1_1' title='bbox 985 158 1302 214; x_wconf 50' lang='lat' dir='ltr'><strong>‘tensurus</strong></span> <span class='ocrx_word' id='word_1_2' title='bbox 1343 174 1411 210; x_wconf 78' lang='lat' dir='ltr'><strong>nn</strong></span> <span class='ocrx_word' id='word_1_3' title='bbox 1451 174 1737 214; x_wconf 67' lang='lat' dir='ltr'><strong>narrrsuo.</strong></span> 
     </span>
    </p>
   </div>
   <div class='ocr_carea' id='block_1_2' title="bbox 316 153 396 221">
    <p class='ocr_par' dir='ltr' id='par_1_2' title="bbox 316 153 396 221">
     <span class='ocr_line' id='line_1_2' title="bbox 316 153 396 221; baseline -0.025 0"><span class='ocrx_word' id='word_1_4' title='bbox 316 153 396 221; x_wconf 77' lang='grc'><strong>82</strong></span> 
     </span>
    </p>
   </div>
   <div class='ocr_carea' id='block_1_3' title="bbox 315 310 2406 496">
    <p class='ocr_par' dir='ltr' id='par_1_3' title="bbox 315 310 2406 496">
     <span class='ocr_line' id='line_1_3' title="bbox 315 310 2406 403; baseline -0.001 -24"><span class='ocrx_word' id='word_1_5' title='bbox 315 326 654 403; x_wconf 86' lang='lat' dir='ltr'><strong>permaneat</strong></span> <span class='ocrx_word' id='word_1_6' title='bbox 677 319 740 374; x_wconf 88' lang='lat' dir='ltr'><strong>in</strong></span> <span class='ocrx_word' id='word_1_7' title='bbox 767 314 982 374; x_wconf 86' lang='lat' dir='ltr'><strong>renatis</strong></span> <span class='ocrx_word' id='word_1_8' title='bbox 996 310 1467 392; x_wconf 77' lang='lat' dir='ltr'><strong>concupiscentiae</strong></span> <span class='ocrx_word' id='word_1_9' title='bbox 1495 312 1674 371; x_wconf 86' lang='lat' dir='ltr'><strong>fomes</strong></span> <span class='ocrx_word' id='word_1_10' title='bbox 1695 357 1711 387; x_wconf 90' lang='lat'><strong>.‚</strong></span> <span class='ocrx_word' id='word_1_11' title='bbox 1743 334 1814 372; x_wconf 84' lang='lat' dir='ltr'><strong>ex</strong></span> <span class='ocrx_word' id='word_1_12' title='bbox 1835 335 1951 395; x_wconf 90' lang='lat' dir='ltr'><strong>quo</strong></span> <span class='ocrx_word' id='word_1_13' title='bbox 1969 315 2075 376; x_wconf 87' lang='lat' dir='ltr'><strong>illa</strong></span> <span class='ocrx_word' id='word_1_14' title='bbox 2100 317 2160 375; x_wconf 94' lang='lat' dir='ltr'><strong>in</strong></span> <span class='ocrx_word' id='word_1_15' title='bbox 2186 315 2406 376; x_wconf 87' lang='lat' dir='ltr'><strong>malum</strong></span> 
     </span>
     <span class='ocr_line' id='line_1_4' title="bbox 317 404 1839 496; baseline -0.007 -22"><span class='ocrx_word' id='word_1_16' title='bbox 317 413 646 496; x_wconf 80' lang='lat' dir='ltr'>proclivitas</span> <span class='ocrx_word' id='word_1_17' title='bbox 682 430 746 470; x_wconf 86' lang='lat' dir='ltr'><strong>ac</strong></span> <span class='ocrx_word' id='word_1_18' title='bbox 781 407 1084 468; x_wconf 83' lang='lat' dir='ltr'><strong>difficultas</strong></span> <span class='ocrx_word' id='word_1_19' title='bbox 1120 407 1183 465; x_wconf 91' lang='lat' dir='ltr'><strong>in</strong></span> <span class='ocrx_word' id='word_1_20' title='bbox 1211 404 1434 466; x_wconf 89' lang='lat' dir='ltr'><strong>bonum</strong></span> <span class='ocrx_word' id='word_1_21' title='bbox 1467 407 1839 488; x_wconf 83' lang='lat' dir='ltr'><strong>proveniunt.</strong></span> 
     </span>
    </p>
   </div>
   <div class='ocr_carea' id='block_1_4' title="bbox 1155 621 1557 683">
    <p class='ocr_par' dir='ltr' id='par_1_4' title="bbox 1155 621 1557 683">
     <span class='ocr_line' id='line_1_5' title="bbox 1155 621 1557 683; baseline -0.007 -2"><span class='ocrx_word' id='word_1_22' title='bbox 1155 623 1393 683; x_wconf 89' lang='lat' dir='ltr'>CAPUT</span> <span class='ocrx_word' id='word_1_23' title='bbox 1435 621 1557 680; x_wconf 87' lang='lat' dir='ltr'><strong>VII.</strong></span> 
     </span>
    </p>
   </div>
   <div class='ocr_carea' id='block_1_5' title="bbox 643 774 2070 819">
    <p class='ocr_par' dir='ltr' id='par_1_5' title="bbox 643 774 2070 819">
     <span class='ocr_line' id='line_1_6' title="bbox 643 774 2070 819; baseline -0.004 0"><span class='ocrx_word' id='word_1_24' title='bbox 643 782 701 819; x_wconf 71' lang='grc' dir='ltr'><strong>ΙΝ</strong></span> <span class='ocrx_word' id='word_1_25' title='bbox 745 779 1059 818; x_wconf 69' lang='grc' dir='ltr'><strong>ΒΟΟΤΒΙΝΔΜ</strong></span> <span class='ocrx_word' id='word_1_26' title='bbox 1102 778 1389 817; x_wconf 76' lang='lat' dir='ltr'><strong>HACTENUS</strong></span> <span class='ocrx_word' id='word_1_27' title='bbox 1430 774 1779 816; x_wconf 75' lang='lat' dir='ltr'>VINDIGATAM</span> <span class='ocrx_word' id='word_1_28' title='bbox 1824 778 2070 816; x_wconf 80' lang='lat' dir='ltr'><strong>SGHOLIA.</strong></span> 
     </span>
    </p>
   </div>
   <div class='ocr_carea' id='block_1_6' title="bbox 270 969 2414 2283">
    <p class='ocr_par' dir='ltr' id='par_1_6' title="bbox 270 969 2403 1148">
     <span class='ocr_line' id='line_1_7' title="bbox 400 969 2403 1054; baseline -0.002 -19"><span class='ocrx_word' id='word_1_29' title='bbox 400 975 535 1036; x_wconf 88' lang='grc'><strong>181.</strong></span> <span class='ocrx_word' id='word_1_30' title='bbox 583 976 708 1033; x_wconf 89' lang='lat' dir='ltr'><strong>Duo</strong></span> <span class='ocrx_word' id='word_1_31' title='bbox 738 970 1100 1054; x_wconf 89' lang='lat' dir='ltr'><strong>potissimum</strong></span> <span class='ocrx_word' id='word_1_32' title='bbox 1137 981 1311 1044; x_wconf 88' lang='lat' dir='ltr'><strong>sunt,</strong></span> <span class='ocrx_word' id='word_1_33' title='bbox 1346 971 1490 1029; x_wconf 85' lang='lat' dir='ltr'><strong>circa</strong></span> <span class='ocrx_word' id='word_1_34' title='bbox 1525 990 1649 1051; x_wconf 86' lang='lat' dir='ltr'><strong>quae</strong></span> <span class='ocrx_word' id='word_1_35' title='bbox 1679 969 1960 1028; x_wconf 88' lang='lat' dir='ltr'><strong>nonnulla</strong></span> <span class='ocrx_word' id='word_1_36' title='bbox 1981 970 2225 1049; x_wconf 85' lang='lat' dir='ltr'><strong>adjicere</strong></span> <span class='ocrx_word' id='word_1_37' title='bbox 2263 993 2403 1032; x_wconf 90' lang='lat' dir='ltr'><strong>cen-</strong></span> 
     </span>
     <span class='ocr_line' id='line_1_8' title="bbox 270 1064 2077 1148; baseline -0.005 -15"><span class='ocrx_word' id='word_1_38' title='bbox 270 1089 274 1099; x_wconf 87' lang='lat'>·</span> <span class='ocrx_word' id='word_1_39' title='bbox 315 1073 568 1143; x_wconf 78' lang='lat' dir='ltr'><strong>suimUS,</strong></span> <span class='ocrx_word' id='word_1_40' title='bbox 604 1088 816 1148; x_wconf 84' lang='lat' dir='ltr'><strong>nempe</strong></span> <span class='ocrx_word' id='word_1_41' title='bbox 847 1067 1031 1125; x_wconf 88' lang='lat' dir='ltr'><strong>forma</strong></span> <span class='ocrx_word' id='word_1_42' title='bbox 1062 1076 1121 1124; x_wconf 91' lang='lat' dir='ltr'><strong>et</strong></span> <span class='ocrx_word' id='word_1_43' title='bbox 1151 1064 1470 1143; x_wconf 86' lang='lat' dir='ltr'><strong>subjectum</strong></span> <span class='ocrx_word' id='word_1_44' title='bbox 1496 1064 1666 1142; x_wconf 88' lang='lat' dir='ltr'><strong>hujus</strong></span> <span class='ocrx_word' id='word_1_45' title='bbox 1704 1065 2077 1124; x_wconf 75' lang='lat' dir='ltr'>sacramenti.</span> 
     </span>
    </p>

    <p class='ocr_par' dir='ltr' id='par_1_7' title="bbox 313 1158 2409 1794">
     <span class='ocr_line' id='line_1_9' title="bbox 399 1158 2400 1241; baseline -0.002 -18"><span class='ocrx_word' id='word_1_46' title='bbox 399 1166 535 1224; x_wconf 80' lang='lat'><strong>182.</strong></span> <span class='ocrx_word' id='word_1_47' title='bbox 583 1166 631 1221; x_wconf 92' lang='lat' dir='ltr'><strong>I.</strong></span> <span class='ocrx_word' id='word_1_48' title='bbox 678 1162 767 1221; x_wconf 91' lang='lat' dir='ltr'><strong>Ad</strong></span> <span class='ocrx_word' id='word_1_49' title='bbox 816 1161 1062 1235; x_wconf 71' lang='lat' dir='ltr'><strong>formam</strong></span> <span class='ocrx_word' id='word_1_50' title='bbox 1114 1159 1272 1240; x_wconf 88' lang='lat' dir='ltr'><strong>quod</strong></span> <span class='ocrx_word' id='word_1_51' title='bbox 1324 1160 1572 1232; x_wconf 82' lang='lat' dir='ltr'><strong>attinet,</strong></span> <span class='ocrx_word' id='word_1_52' title='bbox 1625 1158 2042 1240; x_wconf 88' lang='lat' dir='ltr'><strong>inquirendum</strong></span> <span class='ocrx_word' id='word_1_53' title='bbox 2101 1173 2400 1241; x_wconf 74' lang='lat' dir='ltr'><strong>superest,</strong></span> 
     </span>
     <span class='ocr_line' id='line_1_10' title="bbox 320 1253 2403 1334; baseline -0.002 -14"><span class='ocrx_word' id='word_1_54' title='bbox 320 1264 382 1320; x_wconf 79' lang='grc' dir='ltr'><strong>1ο</strong></span> <span class='ocrx_word' id='word_1_55' title='bbox 411 1279 556 1318; x_wconf 88' lang='lat' dir='ltr'><strong>num</strong></span> <span class='ocrx_word' id='word_1_56' title='bbox 585 1255 845 1318; x_wconf 83' lang='lat' dir='ltr'><strong>validum</strong></span> <span class='ocrx_word' id='word_1_57' title='bbox 875 1254 1094 1314; x_wconf 87' lang='lat' dir='ltr'><strong>censeri</strong></span> <span class='ocrx_word' id='word_1_58' title='bbox 1115 1254 1295 1334; x_wconf 89' lang='lat' dir='ltr'><strong>possit</strong></span> <span class='ocrx_word' id='word_1_59' title='bbox 1322 1255 1613 1334; x_wconf 85' lang='lat' dir='ltr'><strong>Baptisma</strong></span> <span class='ocrx_word' id='word_1_60' title='bbox 1638 1253 1734 1312; x_wconf 89' lang='lat' dir='ltr'><strong>vel</strong></span> <span class='ocrx_word' id='word_1_61' title='bbox 1758 1253 1864 1312; x_wconf 90' lang='lat' dir='ltr'><strong>sub</strong></span> <span class='ocrx_word' id='word_1_62' title='bbox 1892 1253 2012 1312; x_wconf 83' lang='lat' dir='ltr'><strong>sola</strong></span> <span class='ocrx_word' id='word_1_63' title='bbox 2040 1256 2403 1314; x_wconf 69' lang='lat' dir='ltr'><strong>sanctissimae</strong></span> 
     </span>
     <span class='ocr_line' id='line_1_11' title="bbox 315 1347 2408 1431; baseline -0.003 -16"><span class='ocrx_word' id='word_1_64' title='bbox 315 1352 610 1415; x_wconf 83' lang='lat' dir='ltr'><strong>Trinitatis</strong></span> <span class='ocrx_word' id='word_1_65' title='bbox 660 1350 1022 1410; x_wconf 86' lang='lat' dir='ltr'><strong>invocatione</strong></span> <span class='ocrx_word' id='word_1_66' title='bbox 1063 1347 1281 1428; x_wconf 88' lang='lat' dir='ltr'><strong>absque</strong></span> <span class='ocrx_word' id='word_1_67' title='bbox 1320 1347 1592 1406; x_wconf 89' lang='lat' dir='ltr'><strong>distincta</strong></span> <span class='ocrx_word' id='word_1_68' title='bbox 1630 1347 1989 1427; x_wconf 81' lang='lat' dir='ltr'><strong>singularum</strong></span> <span class='ocrx_word' id='word_1_69' title='bbox 2025 1370 2408 1431; x_wconf 89' lang='lat' dir='ltr'><strong>personarum</strong></span> 
     </span>
     <span class='ocr_line' id='line_1_12' title="bbox 313 1432 2402 1525; baseline -0.002 -16"><span class='ocrx_word' id='word_1_70' title='bbox 313 1450 612 1509; x_wconf 84' lang='lat' dir='ltr'><strong>mentione</strong></span> <span class='ocrx_word' id='word_1_71' title='bbox 645 1444 918 1505; x_wconf 91' lang='lat' dir='ltr'><strong>collatum</strong></span> <span class='ocrx_word' id='word_1_72' title='bbox 939 1488 956 1517; x_wconf 84' lang='lat'><strong>,</strong></span> <span class='ocrx_word' id='word_1_73' title='bbox 997 1442 1094 1504; x_wconf 79' lang='lat' dir='ltr'><strong>vel</strong></span> <span class='ocrx_word' id='word_1_74' title='bbox 1123 1432 1230 1500; x_wconf 89' lang='lat' dir='ltr'><strong>sub</strong></span> <span class='ocrx_word' id='word_1_75' title='bbox 1255 1442 1619 1503; x_wconf 89' lang='lat' dir='ltr'><strong>invocatione</strong></span> <span class='ocrx_word' id='word_1_76' title='bbox 1642 1443 1811 1500; x_wconf 91' lang='lat' dir='ltr'><strong>unius</strong></span> <span class='ocrx_word' id='word_1_77' title='bbox 1846 1454 2074 1502; x_wconf 90' lang='lat' dir='ltr'><strong>tantum</strong></span> <span class='ocrx_word' id='word_1_78' title='bbox 2104 1466 2402 1525; x_wconf 84' lang='lat' dir='ltr'><strong>personae,</strong></span> 
     </span>
     <span class='ocr_line' id='line_1_13' title="bbox 315 1536 2406 1618; baseline -0.004 -12"><span class='ocrx_word' id='word_1_79' title='bbox 315 1545 415 1607; x_wconf 70' lang='lat' dir='ltr'><strong>vel</strong></span> <span class='ocrx_word' id='word_1_80' title='bbox 464 1545 526 1602; x_wconf 93' lang='lat' dir='ltr'><strong>in</strong></span> <span class='ocrx_word' id='word_1_81' title='bbox 576 1540 815 1601; x_wconf 89' lang='lat' dir='ltr'><strong>nomine</strong></span> <span class='ocrx_word' id='word_1_82' title='bbox 854 1538 1029 1597; x_wconf 87' lang='lat' dir='ltr'><strong>solius</strong></span> <span class='ocrx_word' id='word_1_83' title='bbox 1061 1539 1198 1596; x_wconf 86' lang='lat' dir='ltr'><strong>Jesu</strong></span> <span class='ocrx_word' id='word_1_84' title='bbox 1238 1536 1469 1598; x_wconf 84' lang='lat' dir='ltr'><strong>Christi.</strong></span> <span class='ocrx_word' id='word_1_85' title='bbox 1504 1537 1573 1594; x_wconf 79' lang='lat'><strong>20</strong></span> <span class='ocrx_word' id='word_1_86' title='bbox 1621 1538 1775 1595; x_wconf 93' lang='lat' dir='ltr'><strong>Num</strong></span> <span class='ocrx_word' id='word_1_87' title='bbox 1809 1536 2016 1596; x_wconf 90' lang='lat' dir='ltr'><strong>saltem</strong></span> <span class='ocrx_word' id='word_1_88' title='bbox 2043 1538 2297 1618; x_wconf 85' lang='lat' dir='ltr'><strong>Apostoli</strong></span> <span class='ocrx_word' id='word_1_89' title='bbox 2324 1560 2406 1598; x_wconf 83' lang='lat' dir='ltr'><strong>ex</strong></span> 
     </span>
     <span class='ocr_line' id='line_1_14' title="bbox 320 1629 2409 1722; baseline -0.003 -24"><span class='ocrx_word' id='word_1_90' title='bbox 320 1638 572 1722; x_wconf 83' lang='lat' dir='ltr'><strong>quadam</strong></span> <span class='ocrx_word' id='word_1_91' title='bbox 603 1634 1030 1717; x_wconf 88' lang='lat' dir='ltr'><strong>dispensatione</strong></span> <span class='ocrx_word' id='word_1_92' title='bbox 1064 1629 1417 1692; x_wconf 87' lang='lat' dir='ltr'><strong>contulerint</strong></span> <span class='ocrx_word' id='word_1_93' title='bbox 1441 1631 1732 1712; x_wconf 90' lang='lat' dir='ltr'><strong>Baptisma</strong></span> <span class='ocrx_word' id='word_1_94' title='bbox 1755 1631 1817 1688; x_wconf 89' lang='lat' dir='ltr'><strong>in</strong></span> <span class='ocrx_word' id='word_1_95' title='bbox 1844 1630 1965 1690; x_wconf 91' lang='lat' dir='ltr'><strong>solo</strong></span> <span class='ocrx_word' id='word_1_96' title='bbox 1995 1633 2231 1692; x_wconf 88' lang='lat' dir='ltr'><strong>nomine</strong></span> <span class='ocrx_word' id='word_1_97' title='bbox 2267 1635 2409 1693; x_wconf 86' lang='lat' dir='ltr'><strong>Jesu</strong></span> 
     </span>
     <span class='ocr_line' id='line_1_15' title="bbox 317 1730 1374 1794; baseline -0.006 0"><span class='ocrx_word' id='word_1_98' title='bbox 317 1733 552 1794; x_wconf 88' lang='lat' dir='ltr'><strong>Christi.</strong></span> <span class='ocrx_word' id='word_1_99' title='bbox 1208 1736 1211 1739; x_wconf 81' lang='grc'>’</span> <span class='ocrx_word' id='word_1_100' title='bbox 1369 1730 1374 1734; x_wconf 63' lang='grc'>’</span> 
     </span>
    </p>

    <p class='ocr_par' dir='ltr' id='par_1_8' title="bbox 318 1819 2414 2283">
     <span class='ocr_line' id='line_1_16' title="bbox 399 1819 2413 1904; baseline -0.003 -17"><span class='ocrx_word' id='word_1_101' title='bbox 399 1827 537 1887; x_wconf 82' lang='lat'><strong>183.</strong></span> <span class='ocrx_word' id='word_1_102' title='bbox 584 1825 843 1885; x_wconf 87' lang='lat' dir='ltr'><strong>Primum</strong></span> <span class='ocrx_word' id='word_1_103' title='bbox 870 1822 1089 1904; x_wconf 88' lang='lat' dir='ltr'><strong>placuit</strong></span> <span class='ocrx_word' id='word_1_104' title='bbox 1124 1843 1245 1880; x_wconf 86' lang='lat' dir='ltr'><strong>non</strong></span> <span class='ocrx_word' id='word_1_105' title='bbox 1282 1819 1478 1902; x_wconf 87' lang='lat' dir='ltr'><strong>paucis</strong></span> <span class='ocrx_word' id='word_1_106' title='bbox 1507 1819 1891 1895; x_wconf 83' lang='lat' dir='ltr'><strong>scholasticis,</strong></span> <span class='ocrx_word' id='word_1_107' title='bbox 1933 1841 2076 1902; x_wconf 89' lang='lat' dir='ltr'><strong>quos</strong></span> <span class='ocrx_word' id='word_1_108' title='bbox 2108 1832 2413 1881; x_wconf 86' lang='lat' dir='ltr'><strong>enumerat</strong></span> 
     </span>
     <span class='ocr_line' id='line_1_17' title="bbox 322 1910 2414 1999; baseline -0.004 -17"><span class='ocrx_word' id='word_1_109' title='bbox 322 1923 554 1983; x_wconf 90' lang='lat' dir='ltr'><strong>Domin.</strong></span> <span class='ocrx_word' id='word_1_110' title='bbox 601 1922 738 1979; x_wconf 89' lang='lat' dir='ltr'><strong>Soto</strong></span> <span class='ocrx_word' id='word_1_111' title='bbox 779 1919 869 1999; x_wconf 87' lang='lat' dir='ltr'><strong>(l)</strong></span> <span class='ocrx_word' id='word_1_112' title='bbox 895 1962 912 1992; x_wconf 90' lang='lat'><strong>,</strong></span> <span class='ocrx_word' id='word_1_113' title='bbox 954 1917 1244 1999; x_wconf 84' lang='lat' dir='ltr'><strong>praecipue</strong></span> <span class='ocrx_word' id='word_1_114' title='bbox 1289 1936 1427 1976; x_wconf 88' lang='lat' dir='ltr'><strong>vero</strong></span> <span class='ocrx_word' id='word_1_115' title='bbox 1467 1917 1737 1993; x_wconf 75' lang='lat' dir='ltr'><strong>CaJetano</strong></span> <span class='ocrx_word' id='word_1_116' title='bbox 1791 1927 1850 1975; x_wconf 89' lang='lat' dir='ltr'><strong>et</strong></span> <span class='ocrx_word' id='word_1_117' title='bbox 1901 1910 2195 1974; x_wconf 86' lang='lat' dir='ltr'><strong>Hadriano</strong></span> <span class='ocrx_word' id='word_1_118' title='bbox 2234 1919 2306 1974; x_wconf 92' lang='lat' dir='ltr'><strong>VI</strong></span> <span class='ocrx_word' id='word_1_119' title='bbox 2350 1918 2414 1975; x_wconf 89' lang='lat' dir='ltr'><strong>in</strong></span> 
     </span>
     <span class='ocr_line' id='line_1_18' title="bbox 323 2010 2404 2092; baseline -0.002 -16"><span class='ocrx_word' id='word_1_120' title='bbox 323 2019 438 2077; x_wconf 91' lang='lat' dir='ltr'><strong>suis</strong></span> <span class='ocrx_word' id='word_1_121' title='bbox 485 2013 926 2083; x_wconf 88' lang='lat' dir='ltr'><strong>Commentariis</strong></span> <span class='ocrx_word' id='word_1_122' title='bbox 955 2057 970 2086; x_wconf 91' lang='lat'><strong>,</strong></span> <span class='ocrx_word' id='word_1_123' title='bbox 1015 2033 1158 2092; x_wconf 89' lang='lat' dir='ltr'><strong>quos</strong></span> <span class='ocrx_word' id='word_1_124' title='bbox 1200 2021 1335 2069; x_wconf 86' lang='lat' dir='ltr'><strong>ante</strong></span> <span class='ocrx_word' id='word_1_125' title='bbox 1387 2010 1794 2068; x_wconf 88' lang='lat' dir='ltr'><strong>Pontificatum</strong></span> <span class='ocrx_word' id='word_1_126' title='bbox 1831 2012 2248 2091; x_wconf 88' lang='lat' dir='ltr'><strong>conscripserat</strong></span> <span class='ocrx_word' id='word_1_127' title='bbox 2292 2011 2404 2091; x_wconf 75' lang='lat'><strong>(2).</strong></span> 
     </span>
     <span class='ocr_line' id='line_1_19' title="bbox 327 2105 2410 2186; baseline -0.003 -15"><span class='ocrx_word' id='word_1_128' title='bbox 327 2114 410 2171; x_wconf 85' lang='lat' dir='ltr'><strong>Ex</strong></span> <span class='ocrx_word' id='word_1_129' title='bbox 457 2108 822 2170; x_wconf 80' lang='lat' dir='ltr'><strong>heterodoxis</strong></span> <span class='ocrx_word' id='word_1_130' title='bbox 858 2107 1010 2164; x_wconf 91' lang='lat' dir='ltr'><strong>hanc</strong></span> <span class='ocrx_word' id='word_1_131' title='bbox 1051 2106 1402 2164; x_wconf 89' lang='lat' dir='ltr'><strong>sententiam</strong></span> <span class='ocrx_word' id='word_1_132' title='bbox 1444 2105 1743 2186; x_wconf 83' lang='lat' dir='ltr'><strong>amplexus</strong></span> <span class='ocrx_word' id='word_1_133' title='bbox 1787 2116 1873 2164; x_wconf 88' lang='lat' dir='ltr'><strong>est</strong></span> <span class='ocrx_word' id='word_1_134' title='bbox 1912 2108 2079 2164; x_wconf 85' lang='lat' dir='ltr'><strong>Joan.</strong></span> <span class='ocrx_word' id='word_1_135' title='bbox 2122 2106 2410 2164; x_wconf 87' lang='lat' dir='ltr'><strong>Gerardus</strong></span> 
     </span>
     <span class='ocr_line' id='line_1_20' title="bbox 318 2199 2411 2283; baseline -0 -19"><span class='ocrx_word' id='word_1_136' title='bbox 318 2205 545 2264; x_wconf 87' lang='lat' dir='ltr'><strong>Vossius</strong></span> <span class='ocrx_word' id='word_1_137' title='bbox 586 2203 714 2283; x_wconf 84' lang='grc'>(3).</span> <span class='ocrx_word' id='word_1_138' title='bbox 776 2203 987 2266; x_wconf 83' lang='lat' dir='ltr'><strong>Verum</strong></span> <span class='ocrx_word' id='word_1_139' title='bbox 1032 2201 1095 2258; x_wconf 88' lang='lat' dir='ltr'><strong>in</strong></span> <span class='ocrx_word' id='word_1_140' title='bbox 1139 2200 1303 2281; x_wconf 81' lang='lat' dir='ltr'><strong>praxi</strong></span> <span class='ocrx_word' id='word_1_141' title='bbox 1348 2199 1510 2258; x_wconf 86' lang='lat' dir='ltr'><strong>nulla</strong></span> <span class='ocrx_word' id='word_1_142' title='bbox 1549 2201 1773 2259; x_wconf 89' lang='lat' dir='ltr'><strong>ratione</strong></span> <span class='ocrx_word' id='word_1_143' title='bbox 1817 2199 2209 2258; x_wconf 88' lang='lat' dir='ltr'><strong>recedendum</strong></span> <span class='ocrx_word' id='word_1_144' title='bbox 2257 2211 2343 2259; x_wconf 87' lang='lat' dir='ltr'><strong>est</strong></span> <span class='ocrx_word' id='word_1_145' title='bbox 2376 2223 2411 2263; x_wconf 84' lang='lat' dir='ltr'><strong>a</strong></span> 
     </span>
    </p>
   </div>
   <div class='ocr_carea' id='block_1_7' title="bbox 307 2371 2406 2536">
    <p class='ocr_par' dir='ltr' id='par_1_9' title="bbox 307 2371 2406 2536">
     <span class='ocr_line' id='line_1_21' title="bbox 307 2371 2406 2463; baseline -0.004 -20"><span class='ocrx_word' id='word_1_146' title='bbox 307 2395 523 2463; x_wconf 80' lang='lat' dir='ltr'><strong>justitia.</strong></span> <span class='ocrx_word' id='word_1_147' title='bbox 554 2392 627 2439; x_wconf 81' lang='lat' dir='ltr'><strong>Et</strong></span> <span class='ocrx_word' id='word_1_148' title='bbox 658 2391 761 2438; x_wconf 83' lang='lat' dir='ltr'><strong>ideo</strong></span> <span class='ocrx_word' id='word_1_149' title='bbox 786 2371 873 2438; x_wconf 52' lang='lat' dir='ltr'><strong>isti</strong></span> <span class='ocrx_word' id='word_1_150' title='bbox 897 2388 1105 2453; x_wconf 75' lang='lat' dir='ltr'><strong>desectus</strong></span> <span class='ocrx_word' id='word_1_151' title='bbox 1123 2404 1221 2436; x_wconf 78' lang='lat' dir='ltr'><strong>non</strong></span> <span class='ocrx_word' id='word_1_152' title='bbox 1239 2387 1324 2436; x_wconf 80' lang='lat' dir='ltr'><strong>tol-</strong></span> <span class='ocrx_word' id='word_1_153' title='bbox 1404 2389 1555 2436; x_wconf 80' lang='lat' dir='ltr'><strong>ritum</strong></span> <span class='ocrx_word' id='word_1_154' title='bbox 1591 2387 1644 2436; x_wconf 84' lang='lat' dir='ltr'><strong>S.</strong></span> <span class='ocrx_word' id='word_1_155' title='bbox 1666 2425 1680 2448; x_wconf 90' lang='lat'><strong><em>‚</em></strong></span> <span class='ocrx_word' id='word_1_156' title='bbox 1716 2387 1812 2453; x_wconf 82' lang='lat' dir='ltr'><strong>fide</strong></span> <span class='ocrx_word' id='word_1_157' title='bbox 1855 2397 2013 2437; x_wconf 76' lang='lat' dir='ltr'><strong>autem</strong></span> <span class='ocrx_word' id='word_1_158' title='bbox 2052 2405 2138 2437; x_wconf 77' lang='lat' dir='ltr'><strong>nec</strong></span> <span class='ocrx_word' id='word_1_159' title='bbox 2170 2389 2369 2437; x_wconf 73' lang='lat' dir='ltr'><strong>Patrem</strong></span> <span class='ocrx_word' id='word_1_160' title='bbox 2389 2424 2406 2449; x_wconf 87' lang='lat'><strong>,</strong></span> 
     </span>
     <span class='ocr_line' id='line_1_22' title="bbox 322 2469 2404 2536; baseline -0.004 -11"><span class='ocrx_word' id='word_1_161' title='bbox 322 2473 479 2525; x_wconf 52' lang='lat' dir='ltr'><strong>&#39;lentur</strong></span> <span class='ocrx_word' id='word_1_162' title='bbox 498 2476 601 2522; x_wconf 73' lang='lat' dir='ltr'><strong>nisi</strong></span> <span class='ocrx_word' id='word_1_163' title='bbox 631 2474 685 2520; x_wconf 81' lang='lat' dir='ltr'><strong>in</strong></span> <span class='ocrx_word' id='word_1_164' title='bbox 707 2471 878 2520; x_wconf 75' lang='lat' dir='ltr'><strong>ultima</strong></span> <span class='ocrx_word' id='word_1_165' title='bbox 910 2472 1206 2536; x_wconf 76' lang='lat' dir='ltr'><strong>reparatione</strong></span> <span class='ocrx_word' id='word_1_166' title='bbox 1234 2486 1325 2516; x_wconf 75' lang='lat' dir='ltr'><strong>na·</strong></span> <span class='ocrx_word' id='word_1_167' title='bbox 1406 2486 1492 2518; x_wconf 69' lang='lat' dir='ltr'><strong>nec</strong></span> <span class='ocrx_word' id='word_1_168' title='bbox 1516 2469 1736 2530; x_wconf 79' lang='lat' dir='ltr'><strong>Filium,</strong></span> <span class='ocrx_word' id='word_1_169' title='bbox 1767 2486 1851 2518; x_wconf 80' lang='lat' dir='ltr'><strong>nec</strong></span> <span class='ocrx_word' id='word_1_170' title='bbox 1866 2469 2105 2535; x_wconf 68' lang='lat' dir='ltr'><strong>Spiritum·</strong></span> <span class='ocrx_word' id='word_1_171' title='bbox 2121 2469 2172 2518; x_wconf 91' lang='lat' dir='ltr'><strong>S.</strong></span> <span class='ocrx_word' id='word_1_172' title='bbox 2187 2469 2404 2533; x_wconf 71' lang='lat' dir='ltr'><strong>abaeqes,</strong></span> 
     </span>
    </p>
   </div>
   <div class='ocr_carea' id='block_1_8' title="bbox 308 2550 1329 3673">
    <p class='ocr_par' dir='ltr' id='par_1_10' title="bbox 320 2550 1325 2780">
     <span class='ocr_line' id='line_1_23' title="bbox 320 2550 1323 2622; baseline -0.007 -15"><span class='ocrx_word' id='word_1_173' title='bbox 320 2567 439 2607; x_wconf 75' lang='lat' dir='ltr'><strong>turoe</strong></span> <span class='ocrx_word' id='word_1_174' title='bbox 453 2592 468 2618; x_wconf 89' lang='lat'>‚</span> <span class='ocrx_word' id='word_1_175' title='bbox 510 2572 602 2622; x_wconf 83' lang='lat' dir='ltr'><strong>per</strong></span> <span class='ocrx_word' id='word_1_176' title='bbox 641 2554 1026 2602; x_wconf 73' lang='lat' dir='ltr'><strong>resurrectionem</strong></span> <span class='ocrx_word' id='word_1_177' title='bbox 1052 2550 1323 2617; x_wconf 65' lang='lat' dir='ltr'><strong>gloriosam.</strong></span> 
     </span>
     <span class='ocr_line' id='line_1_24' title="bbox 322 2632 1325 2699; baseline -0.009 -10"><span class='ocrx_word' id='word_1_178' title='bbox 322 2641 412 2691; x_wconf 80' lang='lat' dir='ltr'><strong>Sed</strong></span> <span class='ocrx_word' id='word_1_179' title='bbox 449 2641 536 2689; x_wconf 80' lang='lat' dir='ltr'><strong>cfr.</strong></span> <span class='ocrx_word' id='word_1_180' title='bbox 574 2645 698 2687; x_wconf 88' lang='lat' dir='ltr'><strong>totus</strong></span> <span class='ocrx_word' id='word_1_181' title='bbox 739 2647 825 2686; x_wconf 84' lang='lat' dir='ltr'><strong>art.</strong></span> <span class='ocrx_word' id='word_1_182' title='bbox 865 2639 942 2684; x_wconf 87' lang='lat' dir='ltr'><strong>cit.</strong></span> <span class='ocrx_word' id='word_1_183' title='bbox 990 2644 1034 2683; x_wconf 87' lang='lat' dir='ltr'><strong>et</strong></span> <span class='ocrx_word' id='word_1_184' title='bbox 1075 2652 1172 2699; x_wconf 86' lang='lat' dir='ltr'><strong>seq.</strong></span> <span class='ocrx_word' id='word_1_185' title='bbox 1219 2632 1325 2681; x_wconf 92' lang='lat' dir='ltr'><strong>Vid.</strong></span> 
     </span>
     <span class='ocr_line' id='line_1_25' title="bbox 322 2715 1276 2780; baseline -0.006 -11"><span class='ocrx_word' id='word_1_186' title='bbox 322 2724 461 2770; x_wconf 81' lang='lat' dir='ltr'><strong>etiam</strong></span> <span class='ocrx_word' id='word_1_187' title='bbox 496 2719 709 2767; x_wconf 85' lang='lat' dir='ltr'><strong>Bellarm.</strong></span> <span class='ocrx_word' id='word_1_188' title='bbox 738 2715 809 2764; x_wconf 88' lang='lat' dir='ltr'><strong>De</strong></span> <span class='ocrx_word' id='word_1_189' title='bbox 841 2715 996 2780; x_wconf 81' lang='lat' dir='ltr'><strong>Bapt.</strong></span> <span class='ocrx_word' id='word_1_190' title='bbox 1044 2732 1145 2779; x_wconf 91' lang='lat' dir='ltr'><strong>cap.</strong></span> <span class='ocrx_word' id='word_1_191' title='bbox 1169 2729 1276 2763; x_wconf 81' lang='lat' dir='ltr'><strong>xm.</strong></span> 
     </span>
    </p>

    <p class='ocr_par' dir='ltr' id='par_1_11' title="bbox 317 2793 1324 2932">
     <span class='ocr_line' id='line_1_26' title="bbox 393 2793 1324 2865; baseline -0.004 -18"><span class='ocrx_word' id='word_1_192' title='bbox 393 2800 454 2865; x_wconf 85' lang='grc'><strong>(1)</strong></span> <span class='ocrx_word' id='word_1_193' title='bbox 490 2797 558 2847; x_wconf 79' lang='lat' dir='ltr'><strong>In</strong></span> <span class='ocrx_word' id='word_1_194' title='bbox 585 2814 631 2845; x_wconf 77' lang='grc' dir='ltr'><strong>ιν</strong></span> <span class='ocrx_word' id='word_1_195' title='bbox 657 2797 742 2846; x_wconf 74' lang='lat' dir='ltr'><strong>lib.</strong></span> <span class='ocrx_word' id='word_1_196' title='bbox 773 2793 903 2847; x_wconf 73' lang='lat' dir='ltr'><strong>Sem.</strong></span> <span class='ocrx_word' id='word_1_197' title='bbox 933 2796 1040 2843; x_wconf 86' lang='lat' dir='ltr'><strong>dist.</strong></span> <span class='ocrx_word' id='word_1_198' title='bbox 1073 2794 1134 2855; x_wconf 87' lang='lat'><strong>3,</strong></span> <span class='ocrx_word' id='word_1_199' title='bbox 1165 2800 1324 2860; x_wconf 83' lang='lat' dir='ltr'><strong>quaest.</strong></span> 
     </span>
     <span class='ocr_line' id='line_1_27' title="bbox 317 2877 605 2932; baseline -0.017 0"><span class='ocrx_word' id='word_1_200' title='bbox 317 2899 408 2932; x_wconf 36' lang='lat' dir='ltr'><strong>tun.</strong></span> <span class='ocrx_word' id='word_1_201' title='bbox 435 2889 524 2930; x_wconf 87' lang='lat' dir='ltr'><strong>art.</strong></span> <span class='ocrx_word' id='word_1_202' title='bbox 553 2877 605 2928; x_wconf 88' lang='grc'><strong>6.</strong></span> 
     </span>
    </p>

    <p class='ocr_par' dir='ltr' id='par_1_12' title="bbox 310 2959 1329 3093">
     <span class='ocr_line' id='line_1_28' title="bbox 391 2959 1329 3026; baseline -0.007 -16"><span class='ocrx_word' id='word_1_203' title='bbox 391 2963 456 3026; x_wconf 65' lang='lat'>(02)</span> <span class='ocrx_word' id='word_1_204' title='bbox 493 2959 560 3008; x_wconf 75' lang='lat' dir='ltr'><strong>In</strong></span> <span class='ocrx_word' id='word_1_205' title='bbox 588 2977 636 3010; x_wconf 80' lang='lat' dir='ltr'><strong>lv</strong></span> <span class='ocrx_word' id='word_1_206' title='bbox 663 2959 795 3009; x_wconf 80' lang='lat' dir='ltr'><strong>Sent.</strong></span> <span class='ocrx_word' id='word_1_207' title='bbox 828 2976 875 3024; x_wconf 87' lang='lat' dir='ltr'><strong>q.</strong></span> <span class='ocrx_word' id='word_1_208' title='bbox 922 2974 969 3018; x_wconf 91' lang='lat'><strong>1,</strong></span> <span class='ocrx_word' id='word_1_209' title='bbox 1014 2975 1059 3006; x_wconf 89' lang='lat' dir='ltr'><strong>a.</strong></span> <span class='ocrx_word' id='word_1_210' title='bbox 1100 2972 1128 3004; x_wconf 82' lang='lat'><em>2</em></span> <span class='ocrx_word' id='word_1_211' title='bbox 1152 2992 1166 3013; x_wconf 89' lang='lat'><strong>,</strong></span> <span class='ocrx_word' id='word_1_212' title='bbox 1207 2972 1329 3022; x_wconf 82' lang='lat' dir='ltr'><strong>quae-</strong></span> 
     </span>
     <span class='ocr_line' id='line_1_29' title="bbox 310 3047 576 3093; baseline -0.015 0"><span class='ocrx_word' id='word_1_213' title='bbox 310 3047 489 3093; x_wconf 59' lang='lat' dir='ltr'><strong>mione.</strong></span> <span class='ocrx_word' id='word_1_214' title='bbox 525 3058 576 3090; x_wconf 86' lang='lat'><strong>2.</strong></span> 
     </span>
    </p>

    <p class='ocr_par' dir='ltr' id='par_1_13' title="bbox 308 3118 1325 3673">
     <span class='ocr_line' id='line_1_30' title="bbox 394 3118 1324 3187; baseline -0.008 -14"><span class='ocrx_word' id='word_1_215' title='bbox 394 3123 462 3187; x_wconf 88' lang='lat'><strong>(3)</strong></span> <span class='ocrx_word' id='word_1_216' title='bbox 499 3122 625 3186; x_wconf 88' lang='lat' dir='ltr'><strong>Disp.</strong></span> <span class='ocrx_word' id='word_1_217' title='bbox 651 3138 686 3168; x_wconf 82' lang='lat'><strong>11</strong></span> <span class='ocrx_word' id='word_1_218' title='bbox 702 3158 715 3180; x_wconf 88' lang='lat'>‚</span> <span class='ocrx_word' id='word_1_219' title='bbox 749 3118 820 3167; x_wconf 86' lang='lat' dir='ltr'><strong>De</strong></span> <span class='ocrx_word' id='word_1_220' title='bbox 835 3119 1085 3184; x_wconf 75' lang='lat' dir='ltr'><strong>Baptisma</strong></span> <span class='ocrx_word' id='word_1_221' title='bbox 1102 3156 1116 3177; x_wconf 82' lang='lat'><strong>,</strong></span> <span class='ocrx_word' id='word_1_222' title='bbox 1139 3119 1254 3167; x_wconf 84' lang='lat' dir='ltr'><strong>thesi</strong></span> <span class='ocrx_word' id='word_1_223' title='bbox 1277 3137 1324 3178; x_wconf 86' lang='lat' dir='ltr'><strong>v,</strong></span> 
     </span>
     <span class='ocr_line' id='line_1_31' title="bbox 332 3200 1325 3267; baseline -0.007 -14"><span class='ocrx_word' id='word_1_224' title='bbox 332 3206 412 3253; x_wconf 82' lang='lat' dir='ltr'><strong>ubi</strong></span> <span class='ocrx_word' id='word_1_225' title='bbox 441 3205 531 3251; x_wconf 84' lang='lat' dir='ltr'><strong>hoc</strong></span> <span class='ocrx_word' id='word_1_226' title='bbox 558 3211 878 3267; x_wconf 85' lang='lat' dir='ltr'><strong>argumentum</strong></span> <span class='ocrx_word' id='word_1_227' title='bbox 894 3200 983 3248; x_wconf 88' lang='lat' dir='ltr'><strong>late</strong></span> <span class='ocrx_word' id='word_1_228' title='bbox 1010 3202 1325 3265; x_wconf 84' lang='lat' dir='ltr'><strong>prosequitur,</strong></span> 
     </span>
     <span class='ocr_line' id='line_1_32' title="bbox 329 3282 1325 3347; baseline -0.007 -12"><span class='ocrx_word' id='word_1_229' title='bbox 329 3303 382 3336; x_wconf 82' lang='lat' dir='ltr'><strong>ac</strong></span> <span class='ocrx_word' id='word_1_230' title='bbox 412 3285 566 3333; x_wconf 86' lang='lat' dir='ltr'><strong>Patres</strong></span> <span class='ocrx_word' id='word_1_231' title='bbox 603 3283 826 3342; x_wconf 83' lang='lat' dir='ltr'><strong>adducit,</strong></span> <span class='ocrx_word' id='word_1_232' title='bbox 859 3284 939 3347; x_wconf 89' lang='lat' dir='ltr'><strong>qni</strong></span> <span class='ocrx_word' id='word_1_233' title='bbox 965 3282 1052 3330; x_wconf 85' lang='lat' dir='ltr'><strong>sibi</strong></span> <span class='ocrx_word' id='word_1_234' title='bbox 1077 3282 1225 3330; x_wconf 78' lang='lat' dir='ltr'><strong>favere</strong></span> <span class='ocrx_word' id='word_1_235' title='bbox 1256 3284 1325 3329; x_wconf 89' lang='lat' dir='ltr'><strong>vi-</strong></span> 
     </span>
     <span class='ocr_line' id='line_1_33' title="bbox 329 3362 1321 3429; baseline -0.005 -13"><span class='ocrx_word' id='word_1_236' title='bbox 329 3367 514 3424; x_wconf 78' lang='lat' dir='ltr'><strong>dentur,</strong></span> <span class='ocrx_word' id='word_1_237' title='bbox 534 3365 779 3429; x_wconf 79' lang='lat' dir='ltr'><strong>praesertim</strong></span> <span class='ocrx_word' id='word_1_238' title='bbox 799 3380 905 3412; x_wconf 90' lang='lat' dir='ltr'><strong>vero</strong></span> <span class='ocrx_word' id='word_1_239' title='bbox 925 3362 977 3413; x_wconf 91' lang='lat' dir='ltr'><strong>S.</strong></span> <span class='ocrx_word' id='word_1_240' title='bbox 999 3363 1294 3411; x_wconf 85' lang='lat' dir='ltr'><strong>Ambrosium</strong></span> <span class='ocrx_word' id='word_1_241' title='bbox 1307 3401 1321 3424; x_wconf 89' lang='lat'>‚</span> 
     </span>
     <span class='ocr_line' id='line_1_34' title="bbox 331 3443 1318 3514; baseline -0.003 -17"><span class='ocrx_word' id='word_1_242' title='bbox 331 3446 402 3497; x_wconf 82' lang='lat' dir='ltr'><strong>De</strong></span> <span class='ocrx_word' id='word_1_243' title='bbox 425 3444 622 3514; x_wconf 73' lang='lat' dir='ltr'><strong>Spiritu</strong></span> <span class='ocrx_word' id='word_1_244' title='bbox 636 3444 691 3495; x_wconf 90' lang='lat' dir='ltr'><strong>S.</strong></span> <span class='ocrx_word' id='word_1_245' title='bbox 711 3444 792 3493; x_wconf 85' lang='lat' dir='ltr'><strong>lib.</strong></span> <span class='ocrx_word' id='word_1_246' title='bbox 820 3462 835 3492; x_wconf 85' lang='lat'><strong>1</strong></span> <span class='ocrx_word' id='word_1_247' title='bbox 855 3480 868 3502; x_wconf 92' lang='lat'><strong>‚</strong></span> <span class='ocrx_word' id='word_1_248' title='bbox 900 3461 999 3509; x_wconf 87' lang='lat' dir='ltr'><strong>cap.</strong></span> <span class='ocrx_word' id='word_1_249' title='bbox 1025 3460 1079 3492; x_wconf 86' lang='lat'><strong>111</strong></span> <span class='ocrx_word' id='word_1_250' title='bbox 1096 3482 1110 3504; x_wconf 93' lang='lat'>‚</span> <span class='ocrx_word' id='word_1_251' title='bbox 1139 3462 1190 3493; x_wconf 91' lang='lat' dir='ltr'><strong>n.</strong></span> <span class='ocrx_word' id='word_1_252' title='bbox 1222 3443 1318 3508; x_wconf 70' lang='lat'><strong>42:</strong></span> 
     </span>
     <span class='ocr_line' id='line_1_35' title="bbox 326 3525 1318 3591; baseline -0.004 -14"><span class='ocrx_word' id='word_1_253' title='bbox 326 3528 386 3577; x_wconf 82' lang='lat' dir='ltr'><strong>Si</strong></span> <span class='ocrx_word' id='word_1_254' title='bbox 414 3543 568 3577; x_wconf 72' lang='lat' dir='ltr'><strong>unam</strong></span> <span class='ocrx_word' id='word_1_255' title='bbox 598 3528 657 3575; x_wconf 70' lang='lat' dir='ltr'><strong>in</strong></span> <span class='ocrx_word' id='word_1_256' title='bbox 692 3541 903 3574; x_wconf 72' lang='lat' dir='ltr'><strong>sermone</strong></span> <span class='ocrx_word' id='word_1_257' title='bbox 927 3525 1287 3591; x_wconf 72' lang='lat' dir='ltr'><strong>comprehendas</strong></span> <span class='ocrx_word' id='word_1_258' title='bbox 1305 3564 1318 3586; x_wconf 93' lang='lat'><strong>,</strong></span> 
     </span>
     <span class='ocr_line' id='line_1_36' title="bbox 308 3604 1319 3673; baseline -0.004 -13"><span class='ocrx_word' id='word_1_259' title='bbox 308 3618 409 3660; x_wconf 67' lang='lat' dir='ltr'><strong>«aut</strong></span> <span class='ocrx_word' id='word_1_260' title='bbox 441 3609 669 3672; x_wconf 64' lang='lat' dir='ltr'><strong>Patrem,</strong></span> <span class='ocrx_word' id='word_1_261' title='bbox 714 3615 800 3657; x_wconf 83' lang='lat' dir='ltr'><strong>aut</strong></span> <span class='ocrx_word' id='word_1_262' title='bbox 835 3604 1051 3668; x_wconf 80' lang='lat' dir='ltr'><strong>Filium,</strong></span> <span class='ocrx_word' id='word_1_263' title='bbox 1095 3615 1182 3656; x_wconf 80' lang='lat' dir='ltr'><strong>aut</strong></span> <span class='ocrx_word' id='word_1_264' title='bbox 1209 3608 1319 3673; x_wconf 79' lang='lat' dir='ltr'><strong>Spi-</strong></span> 
     </span>
    </p>
   </div>
   <div class='ocr_carea' id='block_1_9' title="bbox 1397 2550 2405 2617">
    <p class='ocr_par' dir='ltr' id='par_1_14' title="bbox 1397 2550 2405 2617">
     <span class='ocr_line' id='line_1_37' title="bbox 1397 2550 2405 2617; baseline 0.005 -20"><span class='ocrx_word' id='word_1_265' title='bbox 1397 2550 1596 2617; x_wconf 72' lang='lat' dir='ltr'><strong>plenum</strong></span> <span class='ocrx_word' id='word_1_266' title='bbox 1623 2559 1700 2599; x_wconf 66' lang='lat' dir='ltr'><strong>‘est</strong></span> <span class='ocrx_word' id='word_1_267' title='bbox 1719 2552 1839 2615; x_wconf 79' lang='lat' dir='ltr'><strong>fidei</strong></span> <span class='ocrx_word' id='word_1_268' title='bbox 1880 2551 2267 2608; x_wconf 71' lang='lat' dir='ltr'><strong>Sacramentum,</strong></span> <span class='ocrx_word' id='word_1_269' title='bbox 2313 2563 2405 2602; x_wconf 85' lang='lat' dir='ltr'><strong>etc.</strong></span> 
     </span>
    </p>
   </div>
   <div class='ocr_carea' id='block_1_10' title="bbox 1400 2631 2406 3677">
    <p class='ocr_par' dir='ltr' id='par_1_15' title="bbox 1400 2631 2406 3677">
     <span class='ocr_line' id='line_1_38' title="bbox 1406 2631 2406 2697; baseline 0.002 -17"><span class='ocrx_word' id='word_1_270' title='bbox 1406 2631 1507 2696; x_wconf 77' lang='lat' dir='ltr'><strong>Quo</strong></span> <span class='ocrx_word' id='word_1_271' title='bbox 1549 2633 1649 2681; x_wconf 92' lang='lat' dir='ltr'><strong>loco</strong></span> <span class='ocrx_word' id='word_1_272' title='bbox 1695 2635 1919 2697; x_wconf 82' lang='lat' dir='ltr'><strong>praecipue</strong></span> <span class='ocrx_word' id='word_1_273' title='bbox 1935 2669 1949 2691; x_wconf 92' lang='lat'><strong>,</strong></span> <span class='ocrx_word' id='word_1_274' title='bbox 1998 2633 2262 2681; x_wconf 74' lang='lat' dir='ltr'><strong>advertente</strong></span> <span class='ocrx_word' id='word_1_275' title='bbox 2299 2633 2406 2682; x_wconf 91' lang='lat' dir='ltr'><strong>Bel-</strong></span> 
     </span>
     <span class='ocr_line' id='line_1_39' title="bbox 1406 2713 2405 2775; baseline 0.002 -15"><span class='ocrx_word' id='word_1_276' title='bbox 1406 2714 1598 2761; x_wconf 85' lang='lat' dir='ltr'><strong>larmino</strong></span> <span class='ocrx_word' id='word_1_277' title='bbox 1615 2749 1632 2775; x_wconf 84' lang='lat'><strong>,</strong></span> <span class='ocrx_word' id='word_1_278' title='bbox 1667 2716 1778 2761; x_wconf 90' lang='lat' dir='ltr'><strong>moti</strong></span> <span class='ocrx_word' id='word_1_279' title='bbox 1809 2724 1915 2762; x_wconf 88' lang='lat' dir='ltr'><strong>sunt</strong></span> <span class='ocrx_word' id='word_1_280' title='bbox 1943 2713 2062 2762; x_wconf 88' lang='lat' dir='ltr'><strong>Ven.</strong></span> <span class='ocrx_word' id='word_1_281' title='bbox 2087 2714 2209 2762; x_wconf 87' lang='lat' dir='ltr'><strong>Beda</strong></span> <span class='ocrx_word' id='word_1_282' title='bbox 2232 2752 2245 2774; x_wconf 90' lang='lat'><strong>,</strong></span> <span class='ocrx_word' id='word_1_283' title='bbox 2274 2714 2405 2762; x_wconf 89' lang='lat' dir='ltr'><strong>Nico·</strong></span> 
     </span>
     <span class='ocr_line' id='line_1_40' title="bbox 1406 2794 2405 2861; baseline 0.001 -18"><span class='ocrx_word' id='word_1_284' title='bbox 1406 2795 1504 2843; x_wconf 81' lang='lat' dir='ltr'><strong>laus</strong></span> <span class='ocrx_word' id='word_1_285' title='bbox 1532 2795 1584 2856; x_wconf 87' lang='lat' dir='ltr'><strong>I,</strong></span> <span class='ocrx_word' id='word_1_286' title='bbox 1614 2796 1772 2843; x_wconf 86' lang='lat' dir='ltr'><strong>Petrus</strong></span> <span class='ocrx_word' id='word_1_287' title='bbox 1792 2794 2080 2844; x_wconf 87' lang='lat' dir='ltr'><strong>Lombardus</strong></span> <span class='ocrx_word' id='word_1_288' title='bbox 2108 2806 2245 2861; x_wconf 88' lang='lat' dir='ltr'><strong>atque</strong></span> <span class='ocrx_word' id='word_1_289' title='bbox 2277 2796 2405 2844; x_wconf 89' lang='lat' dir='ltr'><strong>scho-</strong></span> 
     </span>
     <span class='ocr_line' id='line_1_41' title="bbox 1405 2875 2406 2941; baseline 0.002 -18"><span class='ocrx_word' id='word_1_290' title='bbox 1405 2876 1661 2925; x_wconf 74' lang='lat' dir='ltr'><strong>lasticorum</strong></span> <span class='ocrx_word' id='word_1_291' title='bbox 1721 2875 1883 2941; x_wconf 84' lang='lat' dir='ltr'><strong>vulgus</strong></span> <span class='ocrx_word' id='word_1_292' title='bbox 1942 2878 2003 2925; x_wconf 87' lang='lat' dir='ltr'><strong>ad</strong></span> <span class='ocrx_word' id='word_1_293' title='bbox 2065 2877 2406 2925; x_wconf 83' lang='lat' dir='ltr'><strong>admittendum</strong></span> 
     </span>
     <span class='ocr_line' id='line_1_42' title="bbox 1408 2958 2403 3024; baseline 0 -19"><span class='ocrx_word' id='word_1_294' title='bbox 1408 2958 1606 3006; x_wconf 85' lang='lat' dir='ltr'><strong>valorem</strong></span> <span class='ocrx_word' id='word_1_295' title='bbox 1658 2959 1877 3024; x_wconf 88' lang='lat' dir='ltr'><strong>Baptismi</strong></span> <span class='ocrx_word' id='word_1_296' title='bbox 1924 2962 1973 3006; x_wconf 87' lang='lat' dir='ltr'><strong>in</strong></span> <span class='ocrx_word' id='word_1_297' title='bbox 2020 2961 2208 3006; x_wconf 87' lang='lat' dir='ltr'><strong>nomine</strong></span> <span class='ocrx_word' id='word_1_298' title='bbox 2262 2958 2403 3006; x_wconf 87' lang='lat' dir='ltr'><strong>solius</strong></span> 
     </span>
     <span class='ocr_line' id='line_1_43' title="bbox 1406 3038 2402 3103; baseline 0 -16"><span class='ocrx_word' id='word_1_299' title='bbox 1406 3038 1606 3099; x_wconf 82' lang='lat' dir='ltr'><strong>Christi,</strong></span> <span class='ocrx_word' id='word_1_300' title='bbox 1631 3050 1714 3088; x_wconf 87' lang='lat' dir='ltr'><strong>aut</strong></span> <span class='ocrx_word' id='word_1_301' title='bbox 1734 3041 1918 3088; x_wconf 87' lang='lat' dir='ltr'><strong>alterius</strong></span> <span class='ocrx_word' id='word_1_302' title='bbox 1947 3044 2083 3089; x_wconf 86' lang='lat' dir='ltr'><strong>etiam</strong></span> <span class='ocrx_word' id='word_1_303' title='bbox 2101 3040 2263 3088; x_wconf 82' lang='lat' dir='ltr'><strong>divinae</strong></span> <span class='ocrx_word' id='word_1_304' title='bbox 2295 3056 2402 3103; x_wconf 87' lang='lat' dir='ltr'><strong>per-</strong></span> 
     </span>
     <span class='ocr_line' id='line_1_44' title="bbox 1406 3121 2397 3184; baseline 0.001 -16"><span class='ocrx_word' id='word_1_305' title='bbox 1406 3138 1526 3168; x_wconf 84' lang='lat' dir='ltr'><strong>sonae</strong></span> <span class='ocrx_word' id='word_1_306' title='bbox 1545 3121 1706 3169; x_wconf 80' lang='lat' dir='ltr'><strong>collati.</strong></span> <span class='ocrx_word' id='word_1_307' title='bbox 1723 3121 1895 3170; x_wconf 89' lang='lat' dir='ltr'><strong>Verum</strong></span> <span class='ocrx_word' id='word_1_308' title='bbox 1916 3122 2106 3170; x_wconf 86' lang='lat' dir='ltr'><strong>editores</strong></span> <span class='ocrx_word' id='word_1_309' title='bbox 2124 3121 2269 3169; x_wconf 88' lang='lat' dir='ltr'><strong>Maur.</strong></span> <span class='ocrx_word' id='word_1_310' title='bbox 2290 3136 2397 3184; x_wconf 90' lang='lat' dir='ltr'><strong>opp.</strong></span> 
     </span>
     <span class='ocr_line' id='line_1_45' title="bbox 1406 3200 2399 3265; baseline -0.001 -16"><span class='ocrx_word' id='word_1_311' title='bbox 1406 3200 1456 3250; x_wconf 91' lang='lat' dir='ltr'><strong>S.</strong></span> <span class='ocrx_word' id='word_1_312' title='bbox 1471 3201 1696 3250; x_wconf 81' lang='lat' dir='ltr'><strong>Ambrosii</strong></span> <span class='ocrx_word' id='word_1_313' title='bbox 1713 3204 1768 3251; x_wconf 87' lang='lat' dir='ltr'><strong>ad</strong></span> <span class='ocrx_word' id='word_1_314' title='bbox 1784 3206 1862 3252; x_wconf 85' lang='lat' dir='ltr'><strong>cit.</strong></span> <span class='ocrx_word' id='word_1_315' title='bbox 1882 3205 1971 3252; x_wconf 92' lang='lat' dir='ltr'><strong>loc.</strong></span> <span class='ocrx_word' id='word_1_316' title='bbox 1993 3203 2243 3261; x_wconf 86' lang='lat' dir='ltr'><strong>observant,</strong></span> <span class='ocrx_word' id='word_1_317' title='bbox 2265 3202 2399 3265; x_wconf 87' lang='lat' dir='ltr'><strong>longe</strong></span> 
     </span>
     <span class='ocr_line' id='line_1_46' title="bbox 1406 3283 2398 3334; baseline 0.001 -4"><span class='ocrx_word' id='word_1_318' title='bbox 1406 3283 1542 3331; x_wconf 88' lang='lat' dir='ltr'><strong>aliam</strong></span> <span class='ocrx_word' id='word_1_319' title='bbox 1567 3285 1702 3332; x_wconf 88' lang='lat' dir='ltr'><strong>fuisse</strong></span> <span class='ocrx_word' id='word_1_320' title='bbox 1725 3295 1925 3333; x_wconf 86' lang='lat' dir='ltr'><strong>mentem</strong></span> <span class='ocrx_word' id='word_1_321' title='bbox 1948 3285 1999 3334; x_wconf 91' lang='lat' dir='ltr'><strong>S.</strong></span> <span class='ocrx_word' id='word_1_322' title='bbox 2016 3285 2221 3332; x_wconf 79' lang='lat' dir='ltr'><strong>Doctoris</strong></span> <span class='ocrx_word' id='word_1_323' title='bbox 2247 3285 2296 3330; x_wconf 88' lang='lat' dir='ltr'><strong>in</strong></span> <span class='ocrx_word' id='word_1_324' title='bbox 2314 3284 2398 3331; x_wconf 86' lang='lat' dir='ltr'><strong>ad-</strong></span> 
     </span>
     <span class='ocr_line' id='line_1_47' title="bbox 1406 3363 2398 3432; baseline 0.003 -21"><span class='ocrx_word' id='word_1_325' title='bbox 1406 3363 1552 3412; x_wconf 88' lang='lat' dir='ltr'><strong>ductis</strong></span> <span class='ocrx_word' id='word_1_326' title='bbox 1586 3366 1754 3413; x_wconf 88' lang='lat' dir='ltr'><strong>verbis.</strong></span> <span class='ocrx_word' id='word_1_327' title='bbox 1797 3366 2004 3432; x_wconf 85' lang='lat' dir='ltr'><strong>Nempe,</strong></span> <span class='ocrx_word' id='word_1_328' title='bbox 2037 3382 2141 3414; x_wconf 83' lang='lat' dir='ltr'><strong>cum</strong></span> <span class='ocrx_word' id='word_1_329' title='bbox 2181 3367 2230 3412; x_wconf 91' lang='lat' dir='ltr'><strong>in</strong></span> <span class='ocrx_word' id='word_1_330' title='bbox 2273 3364 2398 3414; x_wconf 84' lang='lat' dir='ltr'><strong>Actis</strong></span> 
     </span>
     <span class='ocr_line' id='line_1_48' title="bbox 1404 3445 2397 3513; baseline 0.001 -18"><span class='ocrx_word' id='word_1_331' title='bbox 1404 3447 1655 3511; x_wconf 86' lang='lat' dir='ltr'><strong>apostolicis</strong></span> <span class='ocrx_word' id='word_1_332' title='bbox 1682 3449 1873 3497; x_wconf 84' lang='lat' dir='ltr'><strong>traditur</strong></span> <span class='ocrx_word' id='word_1_333' title='bbox 1889 3446 2123 3513; x_wconf 79' lang='lat' dir='ltr'><strong>Apostolos</strong></span> <span class='ocrx_word' id='word_1_334' title='bbox 2146 3445 2397 3510; x_wconf 78' lang='lat' dir='ltr'><strong>baptizasse</strong></span> 
     </span>
     <span class='ocr_line' id='line_1_49' title="bbox 1402 3527 2396 3590; baseline 0.002 -15"><span class='ocrx_word' id='word_1_335' title='bbox 1402 3531 1452 3576; x_wconf 85' lang='lat' dir='ltr'><strong>in</strong></span> <span class='ocrx_word' id='word_1_336' title='bbox 1479 3533 1667 3578; x_wconf 90' lang='lat' dir='ltr'><strong>nomine</strong></span> <span class='ocrx_word' id='word_1_337' title='bbox 1686 3530 1793 3579; x_wconf 87' lang='lat' dir='ltr'><strong>Jesu</strong></span> <span class='ocrx_word' id='word_1_338' title='bbox 1812 3567 1826 3590; x_wconf 91' lang='lat'><strong>,</strong></span> <span class='ocrx_word' id='word_1_339' title='bbox 1858 3529 2114 3587; x_wconf 84' lang='lat' dir='ltr'><strong>contendit,</strong></span> <span class='ocrx_word' id='word_1_340' title='bbox 2145 3528 2253 3576; x_wconf 82' lang='lat' dir='ltr'><strong>ali-as</strong></span> <span class='ocrx_word' id='word_1_341' title='bbox 2281 3527 2396 3577; x_wconf 85' lang='lat' dir='ltr'><strong>duas</strong></span> 
     </span>
     <span class='ocr_line' id='line_1_50' title="bbox 1400 3609 2395 3677; baseline 0.001 -18"><span class='ocrx_word' id='word_1_342' title='bbox 1400 3627 1610 3674; x_wconf 87' lang='lat' dir='ltr'><strong>personas</strong></span> <span class='ocrx_word' id='word_1_343' title='bbox 1625 3613 1820 3661; x_wconf 89' lang='lat' dir='ltr'><strong>inclusas</strong></span> <span class='ocrx_word' id='word_1_344' title='bbox 1835 3612 2070 3670; x_wconf 88' lang='lat' dir='ltr'><strong>contineri,</strong></span> <span class='ocrx_word' id='word_1_345' title='bbox 2082 3610 2163 3659; x_wconf 88' lang='lat' dir='ltr'><strong>nbi</strong></span> <span class='ocrx_word' id='word_1_346' title='bbox 2180 3609 2395 3677; x_wconf 73' lang='lat' dir='ltr'><strong>quaelibet</strong></span> 
     </span>
    </p>
   </div>
  </div>
 </body>
</html>
