2502 4186
290 181 408 246 318
937 203 1255 242 ratramnus
1299 205 1368 242 nn
1401 203 1803 242 nocnamsris.

290 346 466 410 seculi
509 346 587 405 IX
624 343 811 420 obiit,
853 354 1104 406 testatur
1136 390 1152 419 ,
1195 343 1354 426 quod
1382 349 1612 424 panis,
1653 349 1766 424 qui
1795 349 1862 404 in
1914 346 2143 425 Corpus
2188 350 2418 410 Christi

289 451 705 512 consecratur,
752 440 974 520 absque
1007 443 1303 520 fermento
1340 442 1530 500 ullius
1568 441 1822 500 alterins
1867 443 2209 518 infectionis
2251 447 2418 506 debet

288 559 404 598 esse
439 537 885 599 mundissimus
929 536 1042 615 (l).
1085 537 1226 609 Quae
1274 558 1396 594 non
1446 546 1693 617 possunt
1734 534 1983 615 intelligi
2027 538 2139 596 nisi
2184 540 2257 599 de
2294 541 2417 600 solo

289 655 442 716 pane
473 654 696 713 azymo·
739 633 926 714 Atque
966 643 1033 691 ut
1067 642 1256 692 cetera
1292 642 1678 691 monumenta
1714 631 1984 691 omittam
2009 676 2024 704 .,
2074 654 2203 712 quae
2243 636 2415 695 recoli

289 739 537 811 possunt
554 726 711 810 apud
732 728 856 786 citt.
884 738 1178 802 anatome,
1208 727 1270 788 in
1297 727 1467 787 Missa
1493 726 1860 787 ambrosiana
1882 772 1896 801 .,
1926 749 2104 808 quam
2131 728 2420 789 pamelius

287 846 423 885 cum
452 823 649 886 codice
685 825 818 884 Mss.
862 823 1120 883 melioris
1160 835 1315 883 notae
1352 821 1602 881 contulit
1643 833 1703 881 et
1738 822 2036 900 vulgavit,
2075 823 2172 882 hie
2211 825 2418 884 titulus

288 920 500 1001 legitur
536 943 550 983 t
599 922 839 981 oblatio
865 925 1054 999 panis
1090 923 1296 999 azymi
1335 940 1477 977 cnm
1503 929 1734 998 patena
1766 920 2056 996 facienda
2086 918 2194 1001 (2).
2236 922 2422 997 Hujus

290 1017 477 1077 Missae
510 1027 808 1076 auctorem
840 1015 1194 1077 Walafridus
1237 1015 1445 1075 Strabo
1486 1014 1744 1094 agnoscit
1777 1014 1833 1072 S.
1871 1013 2238 1074 Ambrosium
2291 1016 2419 1096 (3)3

290 1122 352 1171 at
383 1133 512 1172 eam
538 1113 596 1171 S.
629 1110 938 1174 Ambrosio
975 1132 1099 1172 esse
1132 1112 1522 1192 antiquiorem
1552 1121 1613 1171 et
1650 1108 1725 1169 ab
1768 1108 2077 1190 apostolica
2111 1111 2426 1171 traditione

288 1206 700 1289 repetendam,
728 1207 983 1269 ostendit
1019 1207 1103 1267 Cl.
1134 1206 1508 1268 Mazzuohelli
1543 1206 1851 1289 praefectus
1884 1203 2254 1269 bibliothecae
2287 1210 2422 1268 Am·

217 1308 231 1329 ⁸
288 1302 575 1366 brosianae
613 1302 727 1383 (4).

290 1497 373 1547 lib.
393 1514 546 1562 1‚cap.
568 1494 648 1560 4ο,
677 1494 836 1545 scribit
861 1492 958 1542 =In
971 1493 1318 1558 qninquaqesi-

290 1598 370 1630 ma
378 1578 524 1631 solere
538 1579 721 1647 apponi
735 1594 790 1627 ea
805 1611 821 1638 ,
841 1593 948 1641 quoe
962 1578 1020 1624 in
1027 1575 1319 1640 ferramento

290 1661 615 1711 characterato
634 1659 689 1707 de
705 1659 1042 1728 conspersione
1054 1658 1238 1723 farinae
1256 1666 1322 1714 te-

251 1755 255 1759 ’
291 1745 544 1793 naissimoe
562 1743 723 1807 fiunt,
767 1751 812 1790 et
847 1741 907 1789 ab
933 1740 1211 1789 hominihus
1243 1756 1320 1788 ro-

293 1843 451 1875 manoe
484 1825 664 1890 linynoe
682 1863 695 1885 ,
732 1823 915 1872 nebulae
934 1861 947 1883 ‚
974 1840 1004 1871 a
1028 1821 1322 1870 nostratibus

293 1907 598 1975 appellantur
613 1906 961 1965 oblatoe.Porro‚
983 1906 1066 1953 has
1080 1905 1256 1952 oblatas
1271 1906 1322 1951 in

292 2009 430 2039 usum
448 1989 672 2038 Sacrificii
692 1988 922 2036 adhibitas
936 2005 1051 2045 esse,
1074 1996 1249 2034 constat
1268 2003 1321 2033 ex

279 2073 484 2140 ‘epistola
511 2087 573 2120 ιιι
602 2070 877 2137 Eginhardi,
895 2087 989 2136 qua
1012 2068 1321 2118 vicedomino

295 2158 493 2223 aliisque
511 2153 727 2204 fidelibus
750 2155 989 2219 praecipit,
1023 2160 1077 2199 ut
1108 2149 1323 2215 euloqias

288 2238 571 2305 praeparari
594 2236 783 2302 saciant
815 2234 1080 2284 secundum
1126 2250 1324 2281 consue-

292 2322 513 2369 tudinem
532 2358 544 2379 ,
564 2321 689 2367 sicut
702 2317 816 2366 solet
830 2317 967 2365 homo
996 2316 1060 2365 ad
1086 2333 1208 2382 opus
1224 2313 1323 2365 ,Do-

295 2403 614 2468 minifacere.
646 2401 772 2450 Vixit
795 2400 1087 2466 Eginhardus
1122 2399 1209 2447 sub
1234 2398 1323 2447 Ca-

297 2486 395 2534 rolo
425 2486 494 2533 M.
519 2487 713 2551 ejusque
746 2484 843 2531 filio
875 2483 1108 2530 Ludovico
1129 2482 1234 2545 Pio3
1272 2499 1324 2530 ea

298 2569 488 2634 proinde
505 2577 636 2616 aetate
662 2567 822 2614 hostiae
846 2567 978 2619 intra,
1001 2565 1176 2613 ferrum
1214 2564 1324 2612 cha-

298 2660 575 2701 ractetatum
609 2659 655 2697 et
678 2649 856 2714 absque
880 2649 1108 2699 fermento
1135 2647 1326 2699 fiebant.

301 2731 418 2782 Item
443 2734 494 2781 in
519 2731 605 2781 lib.
631 2747 659 2780 2
678 2731 736 2781 de
757 2729 988 2781 miraculis
1011 2729 1062 2778 S.
1094 2729 1325 2779 Wandre-

301 2814 429 2882 gesili
448 2813 642 2860 Abbatis
661 2850 674 2870 ‚
703 2830 805 2878 cap.
824 2813 938 2874 ult„
960 2812 1145 2878 legitur,
1163 2828 1328 2878 quam-

302 2896 410 2944 dam
436 2895 831 2943 sanctimonialem
851 2912 931 2942 seu
961 2895 1173 2942 devotam
1190 2894 1326 2941 femi-

303 2996 412 3026 nam
433 3015 446 3036 ‚
464 2993 569 3043 quae
593 2979 769 3025 meritis
789 2977 996 3041 ejusdem
1014 2976 1170 3025 Sancti
1194 2992 1319 3023 anno

301 3057 397 3126 891
421 3069 578 3108 sanata
605 3059 782 3115 fuerat,
819 3057 1020 3108 Oblatas
1034 3075 1188 3124 ,qaas
1202 3056 1329 3107 obla-

303 3151 416 3190 tura
444 3141 662 3190 Domino
694 3143 752 3190 in
778 3143 1048 3190 crastinum
1070 3149 1202 3201 erat,
1227 3139 1330 3203 for-

304 3239 491 3282 masse,·
531 3234 632 3273 tum
673 3226 912 3272 accessisse
953 3225 1012 3272 ad
1056 3225 1209 3288 ignem
1226 3259 1238 3280 ‚
1285 3231 1331 3270 et

307 3304 552 3361 Ferrum,
585 3320 677 3368 quo
698 3305 1069 3370 comprimendas
1101 3321 1160 3355 ac
1192 3303 1329 3350 deco-

307 3387 508 3453 quenda?
529 3395 668 3434 crant
693 3385 860 3435 oblatoe
887 3425 900 3447 ‚
933 3388 1190 3451 arripuisse.
1214 3385 1331 3433 Item

308 3470 478 3519 Sancta
515 3469 810 3534 Radegundis
831 3472 983 3534 regina
1001 3470 1155 3517 seculo
1179 3487 1222 3516 vt
1242 3507 1254 3527 ‚
1283 3483 1334 3521 ut

309 3554 453 3601 refert
473 3552 729 3601 Venantius
753 3551 1059 3611 Fortunatus,
1087 3554 1182 3617 jam
1218 3553 1332 3601 facta

311 3635 690 3696 sanctimonialis,
704 3632 890 3683 morsS.
902 3632 1139 3682 Germani
1155 3635 1208 3681 in
1217 3651 1332 3700 qua-

311 3716 581 3782 draqcsima
604 3719 904 3783 frumentum
926 3734 1014 3767 sna
1033 3734 1351 3771 maniscom-,

1402 1491 1607 1542 molebat
1625 1531 1638 1553 ‚
1662 1501 1707 1542 et
1732 1493 1908 1544 exinde
1926 1493 2189 1544 oblationes
2212 1495 2317 1543 suis
2333 1511 2436 1543 ma·-

1401 1576 1550 1624 nibus
1572 1576 1765 1641 faciens
1787 1613 1807 1646 ⁹.
1834 1575 1952 1624 Iocis
1973 1576 2333 1627 venerabil-ibus
2353 1580 2433 1626 in-

1401 1667 1647 1706 cessanter
1661 1650 2003 1725 dispensabat.
2025 1659 2077 1707 Id
2096 1662 2247 1724 ipsum
2265 1658 2436 1725 legitur

1402 1741 1461 1789 de
1476 1751 1687 1789 matrona
1701 1759 1892 1790 romana
1907 1743 1955 1789 in
1970 1743 2063 1789 vita
2076 1740 2342 1805 S.Gregorii
2359 1741 2428 1789 M.

1403 1823 1752 1873 Cfr.Mabillon.
1768 1825 1857 1872 loc.
1870 1826 1950 1872 cit.
1967 1824 2034 1872 Ex
2049 1825 2120 1871 his
2129 1824 2321 1889 aliisque
2331 1825 2438 1888 plu-

1404 1908 1534 1954 rimis
1552 1905 1870 1968 documentis,
1895 1923 1995 1972 quae
2018 1925 2071 1955 ex
2091 1924 2239 1966 sec.v‚
2257 1924 2322 1966 vt,
2348 1923 2430 1963 vn,

1405 2000 1493 2039 etc.
1511 1991 1671 2038 referri
1696 2002 1882 2055 possent
1900 2027 1912 2049 ‚
1938 1994 2142 2056 arguitur
2161 1991 2441 2055 stupiditatis

1404 2083 1449 2124 et
1465 2072 2004 2139 inscitiaechscheider,
2021 2075 2122 2138 qui,
2143 2071 2169 2138 §
2194 2089 2209 2119 ι
2224 2071 2288 2139 76
2301 2109 2314 2132 ,
2335 2090 2435 2120 ma-

1405 2172 1494 2221 gna
1515 2157 1763 2204 securitate
1778 2156 1979 2205 seribere
1994 2173 2091 2204 non
2108 2155 2362 2211 dubitavit,
2390 2156 2442 2202 in

1405 2248 1511 2286 nota
1537 2238 1599 2301 (d)
1622 2255 1635 2285 ε
1663 2237 1766 2285 Pro
1792 2240 1983 2302 azymis
2000 2276 2013 2299 ‚
2028 2255 2058 2286 a
2078 2236 2268 2285 Christo
2287 2236 2429 2284 adhi-

1403 2320 1518 2370 bitis
1537 2356 1551 2382 ‚
1584 2318 1807 2368 Ecclesia
1822 2322 2070 2385 antiquior
2087 2321 2176 2368 din
2192 2337 2323 2385 pane
2338 2318 2431 2384 ser-

1406 2410 1612 2450 mentato
1628 2438 1645 2464 ,
1681 2401 1852 2450 seculo.
1883 2420 1966 2450 vm
1992 2388 2043 2450 ret
2071 2420 2115 2451 1x
2144 2410 2304 2450 autem
2330 2400 2428 2449 Ec-

1405 2483 1550 2534 clesia
1560 2483 1875 2533 occidentalis
1879 2486 2099 2550 primum
2118 2501 2217 2531 non
2224 2484 2430 2547 sermen-

1406 2576 1501 2616 tato
1542 2584 1632 2615 usa-
1671 2584 1769 2614 esse
1808 2567 2027 2622 videtur,
2075 2582 2223 2630 neque
2269 2574 2430 2611 tamen

1407 2657 1679 2702 constanter
1699 2655 1810 2696 ante
1824 2646 2034 2697 seculum
2052 2664 2122 2704 xi,
2139 2663 2230 2710 quo
2239 2683 2250 2705 ,
2268 2661 2430 2709 qraeca

1406 2729 1992 2797 11aidemEcclesiapanis.r
1996 2729 2277 2794 fermentati
2288 2743 2431 2774 nsum

1407 2816 1667 2870 retinente,
1680 2811 1969 2878 placentulas
1994 2812 2098 2859 istae
2118 2808 2430 2869 orbiculares,

1408 2896 1571 2944 hostioe
1582 2895 1745 2943 oblatoe
1761 2892 2430 2959 dictae,coeperuntnsurpari.

1410 2978 1626 3027 Attamen
1642 2978 1939 3025 Mabillonius
1961 2977 2133 3041 profert
2149 2977 2432 3022 numismata

1411 3079 1518 3110 cusa
1548 3061 1635 3108 sub
1680 3059 1950 3107 Chariberto
1988 3059 2110 3123 Rege
2148 3057 2433 3105 Francorum

1411 3161 1534 3192 anno
1551 3160 1649 3190 nm
1668 3180 1680 3203 ‚
1702 3158 1805 3208 quae
1824 3158 1916 3206 prae
1943 3159 1990 3189 se
2012 3141 2167 3188 ferunt
2185 3140 2434 3202 imaginem

1412 3225 1563 3272 calicis
1578 3234 1623 3271 et
1640 3223 1850 3272 hostiolae
1873 3220 2085 3271 rotundae
2103 3259 2115 3281 ‚
2144 3221 2306 3286 quales
2327 3236 2436 3267 nos-

1412 3316 1492 3354 trae
1517 3316 1635 3354 sunt.
1665 3304 1765 3353 Cfr.
1787 3322 1885 3370 cap.
1913 3303 1946 3353 8
1968 3342 1981 3364 ‚
2018 3321 2118 3368 pag.
2145 3319 2208 3369 7⁰
2228 3312 2272 3351 et
2297 3316 2382 3368 71.

1482 3390 1552 3449 (l)
1585 3388 1733 3453 Epist.
1763 3404 1868 3436 tux
1888 3425 1900 3447 ‚
1934 3387 2047 3436 edit.
2069 3385 2364 3434 Chesnianae.

1483 3470 1547 3531 (2)
1585 3469 1721 3535 Apud
1748 3469 1926 3518 Mabill.
1949 3488 2027 3535 op.
2068 3471 2151 3517 eit.
2181 3483 2286 3531 pag.
2315 3461 2399 3530 59.

1483 3551 1551 3617 (3)
1601 3552 1707 3600 Lib.
1760 3551 1840 3600 De
1893 3551 2034 3599 rebus
2070 3548 2402 3598 ecclesiasticis
2419 3583 2437 3609 ‚

1416 3652 1518 3700 cap.
1553 3651 1638 3683 22.

1487 3718 1554 3782 (4)
1602 3716 1703 3766 cfr.
1760 3715 2115 3765 Osservazioni
2153 3715 2344 3761 intorno
2392 3709 2443 3759 al
