2502 4186
903 216 1228 255 TRAGTATUS
1270 218 1341 254 DE
1382 218 1774 258 EUGHARISTIA.

279 198 501 290 326

281 365 393 422 Res
418 358 578 420 enim
609 356 909 417 reducitur
935 357 1012 418 ad
1049 359 1437 439 quaestionem
1466 359 1727 419 criticam
1750 404 1766 435 ,
1808 359 1958 420 circa
1989 383 2165 444 quam
2200 359 2417 425 eruditi

280 457 392 518 viri
406 455 468 512 in
484 453 672 514 varias
688 452 1445 532 senten-tiassabierunt.Alii
1461 455 1642 529 enim,
1667 455 1823 516 inter
1842 477 1986 538 quos
2004 459 2281 520 Baronius
2299 461 2416 539 (l),

282 569 488 611 vocem
525 547 688 607 illam
717 547 1185 636 interpretantur
1213 549 1286 609 de
1317 549 1558 630 eulogiis
1578 595 1596 626 7
1639 550 1761 610 sive
1797 550 1870 610 de
1898 573 2052 634 pane
2078 547 2420 629 benedict0‚

282 645 383 730 qui
403 645 623 706 coelesti
653 667 806 727 pane
829 667 952 704 non
980 646 1209 706 refectis
1233 644 1695 708 distribuebatur
1713 659 1846 730 post
1870 649 2105 708 Missam
2133 649 2260 730 (2);
2288 651 2383 733 alii
2402 697 2419 728 ‚

280 752 351 800 ut
389 740 742 812 Schelstrate
762 740 853 822 (3)
881 761 946 800 ac
967 740 1312 802 Benedictus
1334 743 1463 802 XIV
1491 742 1583 822 (4)
1613 788 1629 819 7
1668 764 1800 803 eam
1839 756 2148 827 exponunt
2182 745 2423 828 quidem

285 836 361 898 de
396 836 785 914 Eucharistia,
833 838 915 897 ita
961 843 1166 899 tamen
1203 844 1270 897 ut
1304 841 1680 918 fer-mentum
1717 838 2042 915 diceretur,
2097 863 2220 900 non
2266 842 2427 923 quod

287 954 360 994 cx
394 941 549 1015 pane
585 933 939 994 fermentato
973 934 1234 994 confecta
1267 933 1443 993 fuerit
1463 979 1479 1010 ‚
1523 934 1626 995 sed
1659 936 1795 1017 quia
1830 936 2092 996 Ecclesiis
2119 983 2135 1012 7
2176 935 2249 995 ad
2283 958 2429 1019 quas

289 1028 638 1089 mittebatur
655 1074 674 1107 ,
707 1029 986 1091 fermenti
1015 1031 1137 1091 vim
1166 1039 1513 1113 praestaret,
1541 1029 1740 1112 eisque
1767 1031 1924 1090 inter
1950 1046 2012 1091 se
2032 1033 2266 1092 unionis
2297 1033 2424 1094 vin-

286 1126 486 1184 culum
513 1136 695 1202 esset,
714 1126 864 1185 sicut
892 1125 1254 1187 fermentum
1272 1146 1475 1186 massae
1505 1171 1521 1201 ‚
1554 1126 1646 1185 cui
1664 1127 2092 1189 commiscetur.
2119 1129 2180 1187 B.
2204 1131 2241 1189 J
2245 1128 2430 1211 oseph

293 1221 641 1281 Thomasius
673 1221 999 1282 Cardinalis
1021 1266 1036 1296 a
1065 1238 1138 1281 ex
1165 1222 1562 1283 vetustissimo
1598 1221 1794 1283 codice
1829 1221 2282 1284 membranaceo
2310 1246 2432 1284 mo-

289 1317 530 1378 nasterii
567 1319 624 1377 S.
655 1317 809 1378 Galli
849 1319 915 1377 in
951 1316 1218 1400 partibus
1252 1317 1692 1395 Helvetiorum,
1729 1318 1792 1377 in
1830 1340 1947 1400 quo
1985 1318 2131 1378 ordo
2174 1319 2432 1379 Ecclesiae

293 1415 571 1474 Romanae
609 1414 676 1473 in
714 1414 903 1496 prisca
953 1435 1054 1473 sua
1093 1414 1358 1500 *puritate
1407 1414 1744 1473 continetur
1769 1459 1784 1490 ,
1838 1414 2043 1476 datam
2087 1415 2433 1497 interpreta-

293 1510 518 1575 tionem
536 1510 615 1570 ita
630 1510 1025 1586 confirmavit,
1041 1521 1110 1570 ut
1125 1531 1365 1569 omnem
1381 1530 1534 1592 pene
1550 1508 1982 1571 dubitationem
2001 1510 2305 1570 sustulerit
2322 1510 2433 1590 (5).

349 1606 516 1668 346.
563 1606 653 1667 Ad
699 1607 817 1681 7¹1¹,
861 1608 1024 1666 Dist.
1070 1604 1354 1665 Prohibet
1401 1604 1729 1665 Concilium
1774 1605 2122 1665 Trullanum
2179 1607 2442 1689 accipere

301 1721 503 1783 azyma
531 1723 561 1761 a
588 1704 623 1762 J
630 1701 809 1761 udaeis
833 1701 910 1761 ad
937 1700 1403 1774 comedendum,
1441 1722 1634 1768 conc.;
1669 1702 1747 1760 ad.
1771 1700 2195 1761 conficiendam
2222 1702 2440 1761 Eucha-

297 1798 556 1875 ristiam,
593 1820 724 1879 neq.
766 1801 886 1858 Nec
923 1798 1084 1857 enim
1118 1797 1181 1855 in
1209 1795 1464 1856 adducto
1500 1817 1725 1856 canone
1760 1809 1954 1856 sermo
1999 1807 2088 1856 est
2127 1796 2202 1856 de
2233 1797 2440 1857 eucha-

299 2005 445 2052 nione
464 2042 477 2065 ‚
506 2006 720 2053 manime
737 2002 823 2051 illa
846 2002 926 2051 die
948 2040 961 2064 ,
982 2018 1082 2050 non
1091 2002 1324 2068 judicent
1407 2001 1611 2050 faveant.
1637 2001 1712 2050 Cl.
1735 2000 1963 2052 Binterim
1983 2039 1999 2064 ,
2027 2003 2297 2067 Proecipua
2334 2000 2385 2048 E
2386 2018 2445 2049 c·-

300 2094 564 2153 sepamtos.
607 2085 751 2151 Quod
782 2102 877 2151 per
914 2084 1180 2151 parochias
1213 2083 1329 2147 fieri
1399 2083 1563 2132 clesioe
1612 2080 1800 2134 Christ.
1847 2084 2022 2134 cathol.
2087 2091 2401 2132 monumenta
2420 2121 2437 2141 ,

304 2170 470 2221 debere
488 2187 589 2218 non
606 2178 725 2236 puto
742 2187 764 2230 ;
793 2170 911 2233 quia
928 2184 1026 2216 non
1051 2166 1186 2231 lonqe
1207 2182 1329 2232 por·
1407 2177 1523 2216 tom.
1539 2183 1585 2215 xv
1605 2203 1619 2227 ‚
1636 2177 1756 2232 part.
1773 2184 1855 2228 ιιι,
1877 2169 2023 2217 schol.
2043 2183 2093 2228 α,
2111 2185 2214 2233 cap.
2235 2184 2282 2226 2,
2302 2165 2328 2234 ξ
2348 2165 2408 2230 14
2427 2203 2444 2228 ,

308 2253 460 2301 tanda
491 2262 608 2300 sunt
634 2249 955 2299 Sacramenta
997 2255 1115 2313 (nec
1136 2266 1224 2297 nos
1236 2265 1332 2316 per

306 2336 572 2384 coemeteria
613 2335 802 2383 diversa
830 2335 1103 2382 constitutis
1126 2333 1330 2398 presby-

307 2401 423 2467 teris
438 2419 787 2481 destinamus),
819 2426 863 2464 et
885 2416 1154 2482 presbyteri
1170 2431 1333 2463 eorum

308 2501 716 2566 conficiendorum
731 2501 824 2566 jus
857 2498 1065 2546 habeant
1089 2506 1230 2562 atque
1273 2496 1335 2544 li-

307 2586 535 2632 centiam.
565 2582 743 2631 Mirum
772 2592 858 2646 est‚
892 2591 1123 2647 quantum
1149 2581 1332 2628 labora-

308 2656 461 2715 verint
488 2669 574 2714 viri
603 2666 771 2714 eruditi
801 2664 861 2713 ad
895 2664 994 2712 haec
1028 2673 1333 2712 monumenta

313 2748 609 2798 illustranda.
869 2794 872 2797 .

381 2832 457 2895 (1.)
515 2829 587 2879 Ad
617 2843 794 2879 annum
830 2831 949 2880 313.

380 2914 457 2977 (2).
482 2913 590 2962 Non
610 2916 762 2961 minor
786 2912 884 2962 sere
911 2915 1056 2979 viguit
1079 2917 1201 2963 inter
1227 2931 1335 2962 eru-

312 2998 432 3046 ditos
471 2998 742 3062 disceptatio
784 2998 904 3044 circa
945 2996 1177 3061 eulogias,
1223 3011 1338 3061 quas

315 3065 400 3128 alii
445 3080 785 3129 contenderunt
814 3097 910 3127 esse
948 3095 1116 3143 panem
1143 3078 1338 3127 benedi-

314 3164 442 3211 ctum
460 3163 692 3211 diversum
716 3181 740 3209 a
758 3178 877 3226 pane
901 3161 1204 3210 eucharistico
1225 3175 1239 3223 3
1258 3160 1339 3208 alii

317 3255 471 3294 autem
486 3251 490 3255 '
506 3262 581 3293 eas
599 3257 705 3294 vere
727 3242 1063 3293 Eucharistiam
1082 3259 1179 3292 esse
1206 3254 1342 3290 autu-

292 3330 526 3390 'maruan
556 3325 756 3375 Videtur
776 3328 910 3391 longe
938 3324 1231 3392 probabilius
1254 3343 1338 3373 eu-

313 3410 540 3473 legiarum
569 3413 761 3457 nomine
783 3410 1018 3457 interdum
1053 3422 1217 3474 panem
1256 3426 1339 3456 eu—

319 3493 639 3550 charisticum,
659 3492 898 3540 interdum
914 3503 1067 3539 aulem
1093 3500 1139 3538 et
1154 3491 1341 3539 fortasse

317 3577 607 3641 frequentius
630 3591 797 3639 panem
825 3573 1339 3646 tantumffbencdictum'

316 3659 631 3722 significatum
689 3674 804 3707 esse.
854 3656 959 3705 Non
1004 3657 1172 3704 desunt
1218 3666 1340 3704 certe

316 3750 620 3789 monumenta
636 3777 649 3801 ,
678 3741 993 3807 quaeutrique
1011 3737 1336 3803 significationi
1367 3748 1370 3751 ’

1412 2267 1518 2314 pag.
1553 2249 1645 2300 531
1671 2261 1715 2298 ct
1745 2268 1879 2317 seqq.
1904 2251 1960 2298 in
1983 2267 2108 2299 nova
2121 2249 2446 2316 explicatione

1416 2349 1527 2380 can.
1570 2350 1646 2381 xiv
1677 2332 1822 2380 Cone.
1855 2332 2060 2382 Laudic.
2092 2333 2149 2381 de
2189 2333 2285 2380 solo
2326 2348 2445 2398 pane

1414 2415 1665 2463 benedicto
1676 2416 1876 2480 eulogias
1893 2416 2216 2482 intelligendas
2232 2431 2329 2463 esse
2354 2413 2444 2462 ad-

1425 2499 1580 2545 struit.

1486 2579 1555 2643 (3)
1596 2578 1676 2627 De
1709 2577 1973 2644 disciplina
2009 2576 2203 2627 Arcam.
2237 2595 2341 2642 cap.
2377 2593 2405 2642 7
2429 2613 2444 2637 ‚

1417 2671 1508 2711 art.
1543 2659 1606 2722 5,
1638 2679 1739 2726 pag.
1781 2660 1893 2726 139.

1462 2739 1846 2808 (4)DeSacrifi'c.
1860 2743 2058 2804 Μίδεω,
2071 2741 2152 2789 lib.
2165 2757 2217 2801 ιι,
2235 2758 2340 2806 cap.
2361 2755 2442 2803 20,

1418 2824 1444 2892 §
1483 2823 1542 2874 15
1574 2836 1617 2874 et
1643 2842 1778 2892 seqq.

1488 2907 1554 2974 (ὅ)
1592 2907 1689 2956 Cfr.
1715 2911 1890 2973 integer
1909 2908 1987 2964 hic
2012 2906 2124 2955 ordo
2148 2943 2161 2967 ‚
2182 2923 2322 2972 quem
2345 2908 2441 2971 pri-

1418 3008 1523 3038 mus
1549 2991 1751 3054 vulgavit
1769 2990 1820 3038 B.
1841 2990 1979 3039 Gard.
2002 2989 2296 3047 Thomasius‚
2317 2988 2442 3053 apud

1420 3072 1738 3140 Ciampinum‚
1763 3091 1840 3139 op.
1873 3076 1950 3122 cit.
1975 3090 2078 3138 cap.
2111 3069 2171 3131 5,
2205 3090 2311 3137 pag.
2349 3069 2441 3119 113

1421 3166 1461 3204 et
1485 3174 1615 3225 seqq.
1652 3159 1733 3223 qui
1776 3161 1993 3222 praeterea
2022 3157 2134 3203 alias
2149 3154 2440 3202 eruditorum

1421 3242 1667 3288 sententias
1698 3238 1971 3304 singillatim
1999 3237 2132 3285 affert
2164 3246 2210 3285 et
2241 3236 2442 3284 discutit.

1421 3321 1648 3370 Posterior
1677 3323 1775 3370 haec
1806 3323 2033 3369 sententia
2054 3356 2069 3381 ,
2107 3322 2156 3367 in
2186 3337 2325 3385 quam
2344 3320 2443 3384 jam

1421 3406 1681 3454 concedunt
1699 3405 1948 3452 doctissimi
1977 3404 2062 3451 viri
2086 3438 2099 3464 ‚
2131 3401 2320 3466 Pagins,
2341 3400 2444 3448 Ma-

1419 3489 1639 3536 billonius
1661 3488 1830 3553 aliique
1848 3503 1942 3533 non
1961 3488 2125 3550 pauci,
2153 3483 2445 3531 Verisimilior

1421 3554 1555 3620 nobis
1595 3571 1797 3619 videtur.
1829 3568 1929 3617 Cfr.
1981 3567 2185 3616 eruditus
2216 3564 2444 3613 Rohertus

1424 3654 1529 3703 Sala
1547 3656 1596 3702 in
1619 3664 1782 3702 annot.
1821 3653 1878 3701 ad
1912 3650 2054 3700 Card.
2083 3649 2243 3708 Bona,
2276 3647 2362 3696 lib.
2392 3663 2440 3709 1,

1422 3754 1527 3801 cap.
1567 3736 1651 3784 23.
