2502 4186
295 257 422 334 {190
914 278 1229 326 ‘ruminus
1271 278 1341 321 nu
1382 258 1773 326 ntr'cnmtsrm.

299 436 672 499 ducationem
694 433 1028 501 cruentam,
1061 427 1552 510 capharnaiticam
1580 472 1595 501 ,
1630 429 1764 509 quia
1794 420 2052 489 animam
2088 436 2272 492 nutrit
2300 461 2314 506 ς
2347 451 2409 494 ac

302 533 478 594 etiam
506 520 612 609 pro
650 547 718 585 eo
754 523 912 606 quod
949 534 1035 583 est
1061 525 1489 594 invisibiliter,
1527 523 1660 603 quia
1700 543 1833 580 cum
1863 522 1977 582 fide
2015 537 2075 582 et
2104 526 2411 588 devotione

302 625 452 686 sumi
500 621 695 682 debet.
742 621 810 680 7ο
864 617 1065 679 Seoulo
1117 618 1200 677 XI
1261 618 1357 677 alii
1409 629 1698 697 negarunt
1740 617 1897 677 idem
1945 620 2006 677 in
2065 620 2415 684 Eucharistia

300 719 499 779 adesse
534 715 749 776 Christi
776 715 997 798 Corpus
1024 760 1040 788 ,
1088 713 1248 796 quod
1283 725 1488 772 natum
1525 724 1618 771 est
1649 732 1718 772 ex
1750 714 1811 772 B.
1858 715 2010 794 Virg.
2043 760 2060 789 ‚
2101 736 2334 795 passum
2357 732 2416 779 et

301 813 675 885 crucifixumt,
711 804 836 870 aliis
875 822 1070 870 autem
1099 809 1259 869 idem
1299 807 1742 868 affirmantibus
1783 811 1915 868 Jam
1949 831 2086 869 vero
2113 810 2416 873 dissidium

225 920 227 922 ’
300 928 424 968 non
464 918 590 968 erat
624 906 697 967 de
742 902 1102 981 substantia,
1154 905 1259 965 sed
1295 906 1364 963 de
1406 914 1566 963 statu
1600 914 1652 961 et
1691 905 2103 983 affectionibus
2149 907 2416 988 Corporis

298 1003 539 1065 Christi.
576 1004 642 1062 8⁰
662 1005 915 1062 Demum
951 1000 1251 1062 interdum
1297 999 1569 1059 nonnulli
1620 1001 1813 1058 Patres
1849 1000 1957 1058 tria
1997 998 2417 1080 distinguentes

298 1094 365 1161 in
402 1099 795 1176 Eucharistia‚
837 1099 1090 1181 speciem
1141 1090 1357 1178 nempe
1397 1108 1701 1155 externam
1744 1089 2010 1153 sensibus
2057 1095 2414 1174 subjectam,

301 1195 690 1256 substantiam
723 1195 882 1253 intus
936 1192 1220 1252 latentem
1250 1204 1310 1251 et
1343 1191 1465 1251 solo
1503 1191 1638 1250 fidei
1669 1191 1935 1249 contuitu
1972 1192 2379 1272 aspectabilem
2400 1238 2415 1267 .,

302 1303 477 1372 atque
513 1291 821 1370 mysticam
851 1287 1166 1371 quamdam
1193 1285 1553 1358 sacramenti
1597 1288 2108 1366 significationem3
2140 1287 2292 1363 haze,
2330 1290 2415 1346 in-

303 1400 482 1468 quam
505 1430 521 1459 .,
550 1385 977 1464 distinguentes
1003 1429 1019 1458 ,
1045 1393 1262 1462 negant
1294 1394 1524 1464 partem
1563 1381 1728 1441 illam
1758 1394 2062 1441 externam
2086 1399 2188 1441 seu
2219 1383 2419 1443 visibi-

299 1481 418 1540 lem
446 1495 569 1540 esse
605 1481 827 1562 Corpus
849 1524 864 1554 ‚
891 1476 1051 1561 quod
1081 1478 1345 1537 Christus
1382 1477 1551 1536 nobis
1576 1475 1872 1550 edendum
1896 1476 2092 1551 dedit;
2125 1477 2420 1536 internam

292 1585 579 1659 ”praeterea
611 1575 970 1635 Sacramenti
991 1586 1289 1649 naturam,
1308 1572 1576 1632 fidelibus
1602 1574 1739 1631 satis
1766 1585 1966 1631 notam
1985 1618 1999 1646 ,
2026 1574 2259 1631 nonnisi
2283 1573 2420 1634 levi-

303 1685 391 1733 ter
427 1683 487 1732 et
530 1672 694 1752 quasi
727 1669 918 1731 obiter
963 1671 1292 1749 attingunt,
1334 1680 1400 1727 ut
1438 1669 1708 1748 mysticas
1750 1678 1807 1727 et
1840 1668 2169 1748 allegoricas
2199 1668 2420 1747 signifi-

298 1769 551 1829 cationes
597 1778 1006 1826 consectentur
1053 1766 1163 1846 (1)
1208 1766 1345 1824 Haec
1386 1765 1432 1823 si
1465 1783 1584 1845 prae
1622 1763 1800 1822 oeulis
1842 1763 2209 1838 habeantur‚
2249 1762 2414 1822 facile

299 1865 409 1925 erit
436 1885 544 1947 per
565 1875 769 1923 eorum
795 1862 1244 1944 applicationem
1276 1860 1572 1939 disiicer'e5
1599 1880 1724 1941 quae
1748 1859 1822 1918 ab
1850 1859 2194 1921 adversariis
2217 1870 2418 1918 contra
2472 1843 2474 1845 ⁵

300 1960 653 2021 catholicum
684 1959 894 2038 dogma
921 1959 1319 2039 proferuntur.
1365 1959 1587 2037 Itaque.

379 2057 481 2116 74.
531 2055 660 2134 Obj.
707 2055 917 2137 prima.
974 2054 1035 2111 10
1102 2055 1298 2112 Patres
1343 2050 1640 2133 apostolici
1708 2050 1857 2108 nihil
1907 2057 2108 2130 aperte
2150 2049 2226 2107 de
2279 2047 2420 2107 reali

302 2152 516 2212 Christi
573 2150 880 2232 praesentia
929 2148 1156 2230 scriptis
1205 2147 1619 2219 tradiderunt3
1681 2146 1749 2203 20
1792 2145 2049 2226 alioquin
2089 2143 2422 2226 philosophi

301 2248 521 2308 ethnici
554 2246 800 2330 perinde
838 2265 903 2304 ac
938 2254 1127 2304 cetera
1177 2242 1448 2322 dogmata
1488 2242 1567 2300 sic
1608 2252 1668 2299 et
1697 2239 1889 2314 istud,
1922 2241 2040 2299 imo
2086 2239 2244 2298 istud
2268 2261 2421 2321 prae—

298 2345 466 2424 cipue
499 2343 941 2423 impugnassent
968 2386 983 2413 .,
1042 2351 1142 2399 aut
1185 2337 1525 2397 Christianis
1570 2335 1780 2394 saltem
1827 2334 2203 2414 objecissent3
2265 2333 2421 2416 quod

300 2450 499 2498 tamen
534 2438 779 2496 minime
822 2437 1241 2518 praestiterunt.
1283 2436 1481 2492 Patres
1514 2452 1655 2491 vero
1687 2432 2035 2513 posteriores
2073 2431 2154 2488 ita
2192 2428 2266 2487 de
2303 2430 2419 2487 Eu-

292 2534 569 2593 vcharistia
591 2532 915 2614 loquuntur
933 2578 948 2605 ‚
985 2543 1052 2589 ut
1075 2529 1380 2592 evidenter
1417 2538 1789 2609 supponant,
1820 2525 1980 2584 illam
2009 2523 2242 2583 nonnisi
2272 2545 2421 2602 mys-

301 2632 412 2689 tice
451 2650 551 2688 seu
592 2629 784 2710 typice
811 2639 870 2686 et
904 2625 1218 2707 symbolice
1244 2624 1435 2685 vocari
1463 2625 1683 2703 Corpus
1709 2633 1768 2680 et
1806 2621 2160 2698 Sanguinem
2186 2619 2417 2677 Christi.

301 2725 533 2782 Etenim
564 2723 628 2782 30
653 2725 708 2782 S.
751 2724 1024 2796 Irenaeu8‚
1060 2726 1278 2779 Contra
1311 2719 1514 2776 haeres.
1568 2715 1672 2774 lib.
1708 2717 1816 2788 IV,
1853 2711 2050 2773 scribit
2088 2737 2101 2771 :
2163 2710 2420 2773 Carnem

286 2815 569 2878 'nostram
619 2819 711 2876 ali
754 2817 1005 2896 Corpore
1035 2827 1091 2875 et
1132 2815 1441 2894 Sanquine
1487 2811 1715 2871 Christi
1752 2810 1872 2889 (2),
1913 2821 1971 2868 et
2017 2809 2081 2867 40
2128 2809 2423 2868 Eucharis-

302 2914 446 2972 tiam
481 2915 720 2972 duabus
760 2914 940 2971 rebus
979 2917 1288 2970 consistere
1318 2953 1334 2985 ‚
1374 2919 1609 2966 terrena
1647 2905 1837 2987 (pane
1884 2905 2098 2964 scilicet
2134 2916 2193 2964 et
2234 2905 2418 2981 vino)

299 3020 358 3067 -et
385 3011 601 3068 ooelesti
625 3008 650 3089 (
672 3007 734 3067 id
771 3019 860 3067 est
888 3018 975 3066 est
1003 3005 1228 3067 coelesti
1260 3003 1479 3083 gratia)
1505 3000 1612 3082 (3).
1649 3001 1714 3059 50
1746 3002 2021 3081 Origenes
2058 3021 2197 3061 vero
2219 3045 2234 3074 .‚
2266 3021 2418 3081 prae-

302 3114 573 3186 terquam
621 3102 780 3186 quod
828 3113 996 3165 vocat
1043 3100 1258 3160 Christi
1298 3098 1518 3179 Corpus
1556 3099 1619 3155 in
1663 3096 2018 3156 Eucharistia
2056 3101 2322 3176 typicum
2361 3105 2420 3153 et

299 3201 698 3278 ‘symbolicum
722 3198 817 3279 (4)
841 3243 856 3272 7
902 3199 966 3256 60
1018 3207 1193 3276 neg-'at
1244 3214 1460 3276 panem
1511 3192 1966 3251 Eucharisticum
2009 3191 2413 3251 comedentem

370 3456 452 3528 (l)
485 3458 636 3525 Hujus
669 3456 835 3522 agendi
876 3457 1066 3504 redonis
1109 3454 1318 3518 exempla
1470 3453 1538 3517 (4)
1574 3453 1709 3501 Tom.
1733 3468 1810 3513 xi,
1830 3449 1898 3499 In
1915 3447 2088 3498 Matth.
2116 3452 2167 3496 in
2190 3465 2296 3513 cap.
2331 3448 2409 3511 15,

306 3543 600 3610 potissimum
625 3539 863 3605 praebent,
894 3547 948 3586 ut
977 3537 1174 3586 inferius
1196 3536 1317 3586 vide·
1402 3535 1510 3583 edit.
1529 3535 1681 3583 Maur.
1699 3552 1746 3599 p.
1771 3533 1882 3582 500.
1916 3528 2006 3580 Koa)
2034 3535 2179 3579 ταῦτα
2201 3527 2280 3592 μὲν
2311 3529 2409 3596 περὶ

304 3626 464 3681 bimus
482 3660 495 3681 ‚
530 3621 752 3687 Origenes
776 3630 821 3668 et
850 3619 897 3668 S.
916 3619 1215 3684 August-inus.
1401 3622 1479 3666 τοῢ
1515 3621 1705 3665 rovreto?
1755 3613 1832 3664 nui
1875 3617 2154 3678 συμβολικοῦ
2179 3611 2409 3675 φύματος.

377 3706 447 3770 (2)
479 3705 593 3770 Cap.
628 3700 687 3752 18
708 3739 722 3763 ,
748 3721 800 3752 n.
830 3700 860 3750 5
878 3738 891 3762 ,
914 3703 1030 3751 edit.
1048 3700 1183 3750 Mass.
1404 3698 1455 3746 E
1458 3707 1476 3745 t
1502 3698 1603 3746 hoec
1635 3698 1826 3764 quidem
1845 3697 1902 3746 de
1924 3698 2079 3763 typico
2095 3703 2140 3744 et
2159 3695 2410 3761 symbolioo

373 3786 442 3850 (3)
495 3785 614 3834 Ibid.
1286 3794 1290 3813 ²
1406 3796 1612 3846 corpore.
1715 3796 1717 3798 ·
