2502 4186
267 201 388 262 460
887 217 1206 258 umarus
1247 219 1316 255 nn
1359 218 1747 258 ronnrrnnru.

269 362 461 424 tendis
475 358 724 443 peccatis
747 403 764 435 ‚
785 357 1090 420 evidenter
1103 359 1167 419 id
1191 359 1384 442 ipsum
1406 358 1674 419 adstruit.
1696 356 1959 419 Ridicula
1980 360 2156 442 plane
2178 363 2379 424 fuisset

269 457 392 517 haec
426 454 820 516 controversia
842 498 859 530 ,
891 454 939 513 si
974 465 1170 514 actum
1190 465 1426 513 tantum
1452 465 1603 515 esset
1624 454 1697 514 de
1714 465 2003 536 potestate
2031 457 2386 519 declarandi

269 561 502 633 peccata
538 570 662 610 esse
687 549 928 609 remissa
952 548 1049 610 vel
1074 571 1199 608 non
1230 550 1485 610 remissa.

1079 739 1576 782 DIFFICULTATES.

350 869 493 929 231.
537 866 667 947 Obj.
717 868 781 926 10
821 868 952 927 Vox
990 868 1291 926 dimittere
1330 877 1432 926 aut
1474 871 1769 926 remittere
1802 866 2101 927 interdum
2143 867 2386 928 denotat

270 985 497 1024 meram
533 963 753 1046 peccati
780 961 1024 1022 relaxati
1056 961 1507 1026 declarationem
1525 1007 1542 1039 ,
1565 972 1632 1020 ut
1661 973 1822 1044 patet
1847 984 1919 1022 ex
1943 964 2078 1023 Luc.
2105 965 2207 1023 VII
2225 1011 2240 1040 ,
2271 965 2350 1024 48
2367 1010 2385 1041 ,

270 1059 417 1119 dum
448 1059 708 1118 Christus
734 1057 883 1117 dixit
913 1056 1143 1118 mulieri
1170 1058 1477 1139 peccatrici
1507 1080 1520 1116 ε
1554 1058 1979 1118 Remittuntur
2008 1060 2385 1139 tibipeeeata

271 1164 418 1227 tua,
467 1175 597 1235 quae
626 1157 752 1232 jam
794 1153 1033 1212 remissa
1077 1151 1464 1234 perhibentur
1510 1174 1570 1213 v.
1618 1152 1694 1211 47
1741 1174 1846 1234 per
1884 1153 2143 1232 ejusdem
2173 1153 2385 1214 Christi

270 1247 449 1308 verba
482 1269 496 1307 :
527 1250 954 1308 Remittuntur
974 1251 1033 1305 ei
1034 1258 1279 1326 peccata
1307 1249 1500 1306 multa
1513 1290 1535 1319 ,
1566 1251 1857 1326 quoniam
1871 1249 2083 1306 dilexit
2105 1254 2384 1310 multum.

270 1343 339 1400 20
390 1344 455 1402 In
496 1342 606 1402 hac
648 1364 824 1425 porro
865 1342 1284 1422 significatione
1319 1342 1587 1425 usurpari
1629 1342 1783 1402 hanc
1829 1365 2031 1402 vocem
2058 1365 2089 1402 a
2115 1343 2385 1421 Christe,

271 1439 443 1498 Joan.
474 1441 604 1516 XX,
622 1449 850 1498 constat
869 1459 939 1498 ex
970 1459 1110 1500 voce
1137 1443 1391 1499 retinere
1405 1463 1425 1506 ,·
1455 1438 1598 1498 dum
1625 1439 1783 1498 enim
1800 1438 2130 1499 Sacerdotes
2154 1451 2386 1522 peccata

270 1535 531 1595 retinent
548 1581 565 1610 ,
594 1534 692 1597 vel
712 1535 892 1596 etiam
913 1537 1109 1615 liqmzt
1126 1545 1457 1617 peccatores
1474 1580 1490 1610 7
1516 1533 1862 1594 declarantis
1894 1533 2146 1594 officium
2171 1546 2383 1615 agunt3

271 1651 407 1710 ergo
451 1632 627 1691 etiam
667 1629 808 1690 dum
841 1641 1079 1712 peccata
1119 1635 1467 1702 remittunt,
1504 1640 1605 1689 aut
1643 1630 1885 1688 solvunt
1904 1640 2259 1711 peccatoreS,
2299 1629 2388 1688 of·

269 1726 468 1784 ficium
503 1725 724 1807 pariter
751 1724 1100 1784 declarantis
1129 1723 1445 1806 complent.
1477 1722 1541 1782 30
1573 1724 1741 1797 Quod
1779 1724 1875 1785 vel
1917 1746 1987 1785 ex
2022 1725 2147 1807 ipso
2178 1723 2386 1802 judicis

270 1820 617 1894 ministeriO,
637 1819 795 1901 quod
807 1819 1087 1880 Catholici
1110 1818 1514 1879 Sacerdotibus
1528 1818 1820 1894 tribuunt,
1846 1831 2047 1902 aperte
2069 1819 2388 1899 colligitur3

271 1914 666 1973 ministerium
714 1915 873 1974 enim
919 1914 1189 1992 judicum
1233 1925 1320 1973 est
1372 1915 1798 1996 pronunciandi
1846 1937 1944 1975 seu
2001 1915 2334 1976 declarandi
2367 1964 2384 1993 .,

271 2021 473 2069 utrum
496 2019 792 2068 accusatus
815 2055 830 2085 .,
867 2030 1000 2069 reus
1030 2031 1106 2067 an
1132 2009 1332 2068 insons
1347 2013 1516 2086 juxta
1538 2009 1725 2090 legem
1749 2011 1843 2069 sit.
1881 2011 2182 2071 Affirmare
2207 2033 2389 2093 prop-

272 2115 432 2165 terea
468 2104 807 2165 Sacerdotes
849 2126 973 2165 esse
1003 2108 1027 2182 j
1037 2104 1227 2164 udices
1249 2149 1266 2179 ,
1296 2115 1356 2164 et
1383 2105 1736 2166 contendere
1776 2105 2012 2165 illorum
2041 2107 2295 2166 officium
2324 2108 2387 2166 in

274 2199 386 2260 alio
417 2202 728 2261 consistere
756 2212 967 2283 praeter
1004 2222 1183 2282 quam
1219 2201 1281 2258 in
1315 2200 1475 2260 nuda
1508 2199 1895 2261 declaratione
1915 2249 1930 2278 a
1973 2214 2059 2262 est
2104 2201 2213 2260 sibi
2248 2224 2389 2261 con-

232 2311 234 2313 ’
273 2296 564 2356 tradicere
594 2295 808 2376 (1).40
839 2297 963 2354 Hoc
986 2294 1168 2374 magis
1203 2294 1394 2366 adhuc
1419 2306 1692 2378 apertum
1719 2297 1788 2355 fit
1815 2317 1885 2356 ex
1915 2318 1983 2357 eo
2003 2342 2019 2371 7
2046 2295 2203 2378 quod
2230 2296 2390 2356 Chri-

275 2401 425 2466 stus,
449 2413 582 2450 cum
599 2391 762 2451 dedit
782 2389 1116 2450 facultatem
1133 2390 1422 2472 Apostolis
1447 2390 1786 2451 remittendi
1802 2403 1902 2451 aut
1926 2391 2222 2451 retinendi
2245 2413 2389 2474 pec-

274 2497 402 2546 cata
424 2532 440 2561 7
468 2509 590 2546 non
622 2486 959 2570 apposuerit
983 2484 1416 2546 distinctionem
1454 2486 1609 2546 inter
1633 2498 1867 2570 peccata
1899 2499 1958 2546 et
1994 2498 2256 2569 peccata,
2286 2487 2389 2547 sed

274 2580 464 2641 solum
486 2582 642 2642 inter
664 2602 940 2664 personas
963 2592 1022 2640 et
1043 2602 1320 2663 personas
1340 2625 1356 2656 ,
1384 2580 1630 2642 dicendo
1664 2605 1678 2641 z
1718 2584 1988 2663 Quorum
2012 2583 2346 2642 remiseritis
2367 2629 2383 2657 5

281 2678 557 2757 Quorum
597 2677 953 2736 retinueritis
988 2688 1258 2757 peccata,
1296 2676 1357 2734 id
1390 2688 1514 2752 est,
1556 2676 1823 2736 distinxit
1858 2677 2014 2735 inter
2043 2682 2395 2756 poenitentes

276 2783 337 2831 et
371 2793 493 2831 non
520 2777 911 2852 poenitentem·
955 2783 1266 2854 propterea
1300 2772 1676 2831 Sacerdotum
1713 2793 1926 2830 munus
1950 2782 2039 2831 est
2060 2771 2389 2848 declarare,

277 2869 520 2949 quinam
569 2868 689 2926 sint
733 2868 855 2927 veri
913 2868 1268 2948 poenitentes
1289 2910 1312 2940 ,
1359 2878 1459 2925 aut
1513 2868 1754 2948 quinam
1801 2866 1943 2925 tales
1989 2867 2232 2926 minime
2278 2869 2395 2926 sint

277 2960 553 3022 censendi
596 2963 704 3042 (2).
752 2962 818 3019 50
861 2963 1010 3021 Sane
1043 2983 1163 3021 non
1191 2961 1503 3021 defuerunt
1538 2960 1898 3037 scholastici,
1931 2962 2030 3043 qui
2057 2961 2391 3036 docuerint,

276 3059 463 3117 Deum
500 3057 689 3116 solum
725 3069 958 3137 peccata
987 3056 1317 3116 condonare
1364 3078 1568 3138 posse7
1605 3056 1941 3115 Sacerdotes
1979 3078 2117 3117 vero
2150 3079 2256 3139 per
2286 3056 2393 3115 ab·-

277 3152 625 3214 solutionem
664 3166 899 3214 tantum
941 3154 1234 3214 declarare
1269 3152 1500 3234 publice
1547 3153 1640 3216 vel
1671 3155 1945 3236 privatim
1967 3200 1983 3229 ,
2015 3176 2121 3236 pro
2169 3156 2393 3214 ratione

279 3247 428 3307 datae
471 3247 887 3325 absolutioniS‚
937 3250 1327 3331 poenitentem
1374 3271 1496 3308 esse
1527 3271 1559 3308 a
1597 3253 1718 3309 Deo
1753 3251 2134 3329 justificatum
2185 3262 2243 3310 et
2285 3252 2393 3309 Sa-

280 3354 716 3403 cramentorum
747 3344 1011 3405 Ecclesiae
1045 3365 1318 3426 capacem
1348 3343 1458 3425 (3).
1498 3345 1663 3424 Ergo,

349 3534 418 3602 (l)
455 3535 521 3585 Ita
547 3508 718 3585 l'aulus
748 3535 966 3602 Sarpius,
987 3535 1123 3586 Hist.
1143 3537 1293 3587 Cone.
1454 3538 1520 3601 (2)
1557 3536 1679 3586 Ibid.

289 3617 339 3666 T
337 3617 437 3667 rid.
472 3618 557 3667 lib.
586 3635 651 3679 iv,
689 3619 737 3667 n'.
767 3634 859 3685 29,
891 3635 999 3667 cum
1022 3634 1106 3667 suo
1137 3619 1298 3685 postil-
1448 3621 1521 3685 (3)
1551 3621 1686 3686 Apud
1702 3619 1963 3676 Morinum,
1984 3620 2071 3669 loc.
2102 3622 2180 3668 cit.
2204 3634 2305 3683 cap,
2340 3634 2389 3678 2,

280 3697 422 3749 latore
446 3697 747 3766 Courayerio,
779 3702 830 3749 in
851 3700 978 3750 hunc
1003 3701 1094 3750 loc.
1382 3721 1434 3752 n.
1463 3702 1512 3751 8.
