2502 4186
299 216 377 275 74
581 287 583 291 A
973 236 1294 276 raAcrA'rus
1339 237 1408 274 »Β
1449 238 1740 278 mansino,

298 378 788 461 rebaptizantium
810 421 826 452 ‚
851 379 951 458 qui
975 377 1142 436 ali-ter
1167 400 1227 437 se
1253 379 1533 438 extricare
1566 402 1688 438 non
1726 392 1999 461 poterant
2021 385 2096 444 ab
2123 387 2405 464 ejusmodi

301 473 670 546 difficultate,
704 493 894 538 eone.,·
919 493 990 531 ex
1013 475 1302 533 senten-tia
1331 474 1608 546 Ecclesiae,
1633 477 1816 533 Suhd.
1845 477 1924 535 Ex
1954 484 2406 562 praesumptione

299 570 423 630 voti
453 567 736 649 Baptismi
757 612 772 641 7
802 588 981 649 quem
1005 569 1264 651 recipere
1288 591 1408 628 non
1433 570 1758 650 potuissent
1782 569 1998 652 absque
2026 593 2125 632 sua
2146 574 2405 655 ipsorum

297 663 466 744 culpa
488 707 504 737 7
541 683 728 730 cone.,·
761 661 1022 725 absolute
1044 709 1059 733 .,
1092 686 1219 744 neq.
1247 667 1418 724 Error
1447 686 1679 746 semper
1703 677 1790 725 est
1815 666 2054 726 timidus
2072 713 2087 742 7
2116 690 2223 728 nec
2253 670 2407 730 valet

297 778 500 817 omnes
529 759 961 819 consecutiones
989 760 1256 841 persequi
1289 761 1400 840 (1).

382 853 521 923 164.ἱ
571 853 659 913 Ad
690 854 809 928 7¹1¹,
851 856 1012 914 Dist.
1055 857 1098 914 A
1140 854 1635 937 rebaptizantibus
1666 900 1682 929 a
1728 867 1786 914 et
1833 857 2070 938 quidem
2108 861 2405 941 supposita

295 949 638 1009 necessitate
667 950 949 1031 Baptismi
969 996 983 1023 .,
1015 960 1234 1017 trans.;
1269 951 1342 1009 ab
1375 951 1643 1011 universa
1681 950 1924 1010 Ecclesia
1955 999 1969 1027 7
2004 977 2134 1034 neq.
2174 957 2404 1015 Etenim

219 1081 225 1087 -
295 1065 405 1104 nec
449 1044 544 1102 isti
597 1042 1027 1126 rebaptizantes
1074 1067 1306 1128 semper
1359 1045 1466 1104 sibi
1514 1057 1845 1106 constantes
1901 1047 2170 1124 fuerunt3
2232 1051 2406 1110 modo

295 1138 455 1200 enim
491 1150 557 1197 ut
587 1140 986 1199 firmissimum
1017 1141 1225 1221 dogma
1260 1163 1424 1200 suam
1453 1143 1683 1222 praxim
1709 1143 2158 1224 propugnabant
2177 1191 2192 1220 ,
2230 1146 2405 1205 modo

294 1245 362 1294 ut
399 1256 526 1294 rem
586 1235 1020 1316 discipli-narem
1065 1249 1124 1295 et
1170 1237 1433 1296 liberam.
1485 1238 1551 1295 In
1601 1238 1803 1318 quavis
1849 1250 2048 1298 tamen
2097 1240 2405 1320 hypothesi

295 1351 526 1412 semper
563 1331 694 1389 fassi
724 1342 860 1388 sunt
885 1332 1287 1392 necessitatem
1320 1331 1559 1411 alicujus
1596 1334 1910 1414 Baptismi‚
1952 1335 2090 1394 hinc
2123 1337 2408 1416 urgebant

300 1426 707 1485 necessitatem
741 1425 1140 1508 rebaptizandi
1172 1426 1246 1486 ab
1287 1427 1571 1487 haereticis
1601 1429 1834 1488 tinctos

382 1522 517 1581 165.
565 1521 654 1582 Ad
682 1522 817 1596 ¹8¹1¹7
865 1522 1019 1603 Neq.
1056 1523 1134 1581 Ut
1171 1535 1397 1583 constat
1422 1545 1491 1583 ex
1522 1523 1688 1582 dictis
1725 1525 1785 1582 in
1821 1525 2282 1607 probationibus,
2320 1527 2408 1587 Ad
2479 1558 2486 1562 ·

295 1616 470 1691 allata
521 1639 661 1679 vcro
701 1618 1050 1677 documenta
1103 1620 1476 1701 reponimus7
1524 1619 1653 1677 illos
1706 1621 2095 1681 missionarios
2137 1623 2407 1705 deceptos

300 1714 477 1774 fuisse
526 1725 628 1774 aut
666 1736 740 1773 ex
788 1714 1235 1797 particularibus
1282 1715 1704 1794 nonnullorum
1739 1717 2048 1795 abusibus7
2114 1741 2257 1801 quos
2299 1724 2407 1780 toti

295 1810 558 1891 ipsorum
610 1809 870 1870 Ecclesiae
919 1809 1295 1886 tribuerunt3
1350 1822 1449 1870 aut
1483 1834 1555 1872 ex
1598 1811 1911 1873 indiscreta
1951 1826 2163 1896 atque.
2216 1827 2281 1873 ut
2329 1818 2409 1876 sic

295 1904 503 1985 loquar
522 1951 537 1977 7
568 1905 835 1964 anomala
869 1907 1258 1987 quarumdam
1286 1907 1638 1966 feminarum
1662 1908 1878 1990 pietate
1899 1955 1914 1983 7
1950 1921 2150 1968 contra
2177 1912 2408 1970 firmam

296 2000 530 2058 illarum
565 2002 947 2060 Ecclesiarum
979 2001 1158 2061 fidem
1197 2002 1271 2062 de
1309 2001 1572 2062 absoluta
1612 2005 1888 2085 Baptis‘mi
1919 2005 2302 2078 necessitate3
2343 2017 2409 2063 ut

296 2116 369 2154 ex
396 2096 720 2156 innumeris
761 2119 943 2179 prope
974 2097 1229 2178 antiquis
1274 2098 1757 2180 patriarchalibus
1794 2099 2304 2158 constitutionibus
2363 2110 2421 2158 et

299 2192 1061 2253 canonum..collectionibus
1097 2194 1313 2255 evincit
1354 2194 1749 2253 chaudotius
1778 2240 1794 2270 ‚
1848 2216 1980 2252 cum
2032 2193 2242 2275 quibus
2276 2216 2419 2275 per-

297 2287 524 2345 misceri
557 2310 678 2345 non
715 2289 935 2347 debent
968 2310 1135 2348 novae
1177 2290 1445 2370 quaedam
1482 2300 1540 2348 et
1582 2290 1822 2370 privatae
1862 2288 2249 2348 collectiones,
2297 2288 2420 2348 Oh-

298 2393 494 2440 servat
522 2393 799 2464 praeterea
824 2383 917 2443 hic
945 2384 1204 2443 eruditus
1242 2396 1442 2444 auctor
1459 2431 1474 2458 ‚
1504 2385 1771 2444 omnium
1798 2383 2189 2444 Orientalium
2216 2383 2420 2442 ortho-

371 2639 451 2708 (1)'
475 2643 611 2692 Hanc
642 2644 854 2694 eamdem
882 2645 1203 2694 difficultatem
1232 2646 1319 2693 sibi
1394 2643 1700 2710 Amphiloeh.
1752 2660 1856 2691 can.
1909 2659 1926 2690 1
1945 2680 1957 2702 ‚
2013 2653 2167 2706 censet
2206 2643 2416 2708 quidem,

302 2722 477 2791 objecit
507 2725 802 2773 Fir-milianus
827 2719 880 2773 'in
914 2725 1136 2790 Epistola
1155 2763 1169 2788 ‚
1215 2743 1321 2793 quae
1402 2728 1668 2774 oeconomiae
1702 2727 1844 2790 gratia
1880 2724 2102 2772 catharos
2125 2763 2137 2785 ‚
2166 2724 2419 2772 Encratitas

300 2809 422 2855 inter
435 2805 730 2872 Cyprianicas
744 2808 852 2855 edit.
870 2806 1021 2855 Maur.
1037 2814 1104 2855 est
1119 2826 1166 2855 n.
1186 2825 1319 2868 mxxv,
1402 2818 1446 2856 et
1473 2806 1884 2873 Hydroparastatas
1910 2824 2042 2871 posse
2085 2807 2262 2871 absque
2292 2823 2418 2855 novo

300 2906 403 2954 pag.
452 2886 575 2953 149,
612 2906 666 2937 ac
713 2889 891 2937 diversa
935 2906 1121 2954 prorsus
1151 2892 1324 2938 ratione
1405 2890 1638 2955 Baptismo
1681 2891 1732 2936 in
1772 2888 2024 2937 Ecclesiam
2071 2888 2284 2947 admitti,
2331 2888 2412 2935 sed

299 2971 359 3020 ab
392 2990 443 3020 ea
463 3007 476 3030 ‚
512 2989 653 3038 quam
683 2972 896 3020 adhibuit
931 2971 981 3019 S.
1015 2970 1273 3037 Cyprianus
1295 3009 1310 3034 ‚
1396 2975 1623 3021 rationem
1651 2974 1750 3036 ejus
1775 2973 1839 3018 rei
1876 2972 1997 3018 hanc
2031 2970 2219 3018 adducit
2247 2987 2260 3017 ε
2287 2967 2410 3017 Διότι

305 3071 405 3102 eam
426 3054 578 3102 solvit.
607 3053 778 3102 Scribit
801 3057 924 3103 enim
950 3054 1122 3103 :Side
1142 3054 1312 3103 soeculo
1397 3056 1425 3109 η’
1461 3051 1540 3117 μὲν
1584 3049 1701 3119 οἷρχῆ
1748 3058 1826 3101 τοῦ
1873 3056 2102 3118 χωρισμοῧ
2143 3048 2222 3099 διαὶ
2271 3048 2411 3112 σχίσ-

303 3144 606 3183 eatcesserunt
641 3136 655 3198 (
673 3137 874 3184 haeretici
906 3139 1005 3186 sine
1040 3154 1160 3185 novo
1191 3137 1312 3202 Bap-
1396 3158 1545 3199 ματος
1585 3133 1787 3195 γέγονεν.
1831 3139 2094 3200 Propterea
2129 3133 2255 3198 quod
2268 3134 2418 3197 prin·

303 3219 547 3265 tismatein
576 3218 776 3266 Ecclesia
807 3214 1041 3283 recepti),
1077 3222 1133 3266 in
1151 3236 1314 3267 eorum
1401 3220 1586 3283 cipiam
1666 3218 1855 3282 quidem
1939 3216 2260 3282 separationis
2324 3231 2416 3278 per

303 3315 504 3347 numero
534 3299 795 3359 habentur,
843 3302 932 3364 qai
954 3299 1087 3366 apud
1119 3318 1206 3348 nos
1234 3317 1315 3348 ca·
1402 3299 1609 3347 schisma
1628 3301 1813 3365 factum
1837 3301 2013 3365 fuerat.
2048 3298 2185 3345 Porro
2213 3296 2411 3343 suoloco

310 3381 536 3429 techizati
574 3382 770 3444 quidem
803 3391 917 3429 sunt
941 3419 953 3439 ‚
1007 3383 1090 3430 sed
1125 3385 1272 3448 prius
1298 3418 1314 3443 ,
1405 3385 1690 3431 ostendimus
1710 3421 1721 3443 ,
1768 3383 2140 3448 anabaptizantes
2172 3379 2417 3436 discrimen

305 3481 448 3529 quam
485 3464 880 3531 baptizarentur,
914 3464 1193 3513 obierunt...
1217 3464 1321 3531 Qui
1408 3468 1641 3530 agnovisse
1683 3469 1803 3514 inter
1831 3468 1996 3513 tinctos
2021 3463 2086 3510 ab
2107 3461 2329 3509 haereticis
2363 3475 2417 3506 ac

305 3555 465 3594 autem
494 3546 651 3595 adhue
691 3549 745 3595 in
779 3546 931 3597 seculo
975 3556 1266 3613 permanent
1303 3585 1315 3607 ‚
1407 3551 1573 3596 tinctos
1599 3567 1624 3596 a
1653 3550 1972 3597 schismaticis.
1999 3545 2097 3593 cfr.
2132 3559 2240 3608 quae
2278 3544 2420 3606 scrip-

312 3626 623 3693 baptizentur
695 3628 929 3679 Ecclesiae
999 3631 1316 3696 Baptismo...
1410 3634 1554 3678 simus
1577 3634 1627 3679 in
1656 3640 1790 3679 tract.
1819 3629 1900 3678 De
1925 3627 2217 3676 Sacram..in
2230 3640 2417 3688 yenere,

308 3707 361 3757 S.
413 3710 606 3760 Basilius
640 3749 654 3773 ‚
718 3709 872 3778 Epist.
930 3728 1154 3762 ctxxxvnr
1182 3751 1196 3773 ,
1256 3712 1323 3760 ad
1410 3731 1462 3762 n.
1502 3725 1610 3762 121.
1689 3698 1693 3704 ’
