2502 4186
563 236 686 274 CAP.
733 236 774 274 1.
811 236 879 272 mi
921 232 1196 273 vamum
1237 232 1572 288 sAcnmcu,
1618 235 1740 274 mc,
2087 220 2206 281 289

103 376 234 458 quia
259 397 289 434 a
322 375 595 436 Matthaeo
625 387 685 436 et
711 378 902 436 Marco
929 397 1148 436 nomen
1170 375 1366 436 hahet.
1406 375 1674 452 Accedit,
1709 378 1910 459 plures
1943 380 2203 462 liturgias

93 471 404 551 ,inscriptas
434 492 555 530 esse
586 473 826 531 nomine
862 470 1272 553 Apostolorum
1293 515 1309 544 ,
1349 481 1415 529 ut
1439 471 1628 544 Petri,
1667 473 1866 533 Jacobi
1888 520 1904 550 .,
1937 487 2047 537 etc.
2074 499 2200 536 non

101 564 257 646 quod
280 566 376 624 isti
409 565 667 645 liturgias
703 565 1177 647 conscripserint,
1210 563 1312 624 sed
1336 565 1470 644 quia
1500 565 1562 622 in
1587 565 1676 625 his
1706 566 1991 652 descripta
2027 582 2200 647 sunt,

102 681 231 741 quae
262 660 521 742 Apostoli
554 661 840 723 servanda
871 662 934 720 in
965 658 1235 719 Sacrificii
1275 657 1569 720 oblatione
1607 661 1735 723 viva
1777 684 1912 726 voce
1946 666 2210 727 tradide-

100 766 239 813 runt
265 755 375 837 (1).

875 877 1279 932 PROPOSITIO
1322 878 1419 931 III.

220 1006 608 1085 Sacrificium
646 1008 849 1068 Missoe
886 1017 971 1066 est
1016 999 1199 1065 etiam
1241 1010 1744 1089 propitiatorium
1769 1031 1889 1090 pro
1931 1016 2082 1070 vivis

865 1112 1043 1185 atque
1084 1103 1404 1182 defunctis.

178 1276 320 1336 278.
357 1278 440 1336 De
457 1276 569 1336 fide
583 1277 800 1359 pariter
815 1297 938 1336 esse
954 1275 1106 1335 hanc
1132 1277 1589 1358 propositionem
1609 1323 1625 1354 ‚
1650 1290 1878 1339 constat
1896 1302 1967 1340 ex
1983 1302 2111 1343 can.
2130 1286 2212 1345 III

98 1372 277 1429 Conc.
313 1371 678 1447 Tridentini,
705 1359 889 1453 'quem
934 1372 1197 1453 superius
1238 1370 1526 1431 dedimus,
1580 1374 1659 1431 Ut
1703 1374 1943 1435 faciliori
1982 1379 2211 1440 ratione

98 1465 444 1525 catholicum
467 1466 576 1525 hoc
591 1466 801 1546 dogma
821 1466 1184 1526 vindicemus
1204 1512 1220 1542 7
1249 1478 1487 1547 praestat
1507 1469 1795 1529 nonnulla
1824 1474 2207 1552 praemittere.

178 1563 318 1621 279.
340 1565 417 1621 Ac
434 1562 625 1643 primo
648 1562 887 1643 quidem
913 1573 1209 1636 notamUS‚
1235 1562 1402 1624 aliter
1425 1565 1898 1645 propitiatorium
1923 1568 2096 1629 fuisse
2113 1572 2211 1630 Sa-

101 1656 376 1715 crificium
402 1659 584 1715 crucis
605 1702 620 1731 a
643 1657 810 1716 aliter
835 1677 975 1719 vero
994 1657 1463 1738 propitiatorium
1481 1679 1603 1717 esse
1619 1660 1972 1719 Sacrificium
1990 1664 2212 1741 Missae3

96 1773 234 1810 nam
252 1751 602 1810 Sacrificium
615 1751 763 1809 illud
778 1756 1162 1810 meritorium
1175 1750 1286 1810 fuit
1300 1751 1720 1834 redemptionis
1737 1776 1835 1813 seu
1858 1758 2214 1819 remissionis

95 1857 464 1927 peccatorum
488 1890 503 1917 .,
530 1847 846 1925 gratiarum
887 1846 1152 1905 omnium
1176 1891 1191 1921 ,
1229 1867 1356 1928 quae
1394 1846 1562 1906 nobis
1601 1849 2019 1926 conferuntur,
2051 1864 2111 1912 et
2150 1855 2216 1915 in
2285 1869 2288 1874 '

96 1961 164 2000 eo
192 1941 466 2000 meritum
496 1962 671 2001 omne
707 1941 921 2001 Christi
952 1943 1186 2001 Domini
1212 1955 1684 2003 consummatum
1718 1945 1863 2019 fuit3
1895 1947 2054 2007 istud
2074 1971 2214 2010 vero

95 2036 357 2095 Christus
386 2037 570 2095 voluit
608 2058 730 2096 esse
761 2040 921 2095 velut
962 2025 1441 2096 instramentum
1460 2081 1482 2108 ,
1514 2049 1581 2096 ut
1618 2038 1880 2120 loquitur
1917 2043 2213 2124 Vasquez,

95 2154 211 2210 quo
239 2138 523 2191 meritum
557 2136 859 2211 passionis
893 2155 1018 2191 szeoe
1060 2134 1231 2190 nohis
1272 2134 1727 2211 applicaretur,
1759 2125 1849 2193 uti¹
1882 2136 2212 2218 applicatur

96 2247 203 2307 per
238 2229 608 2285 Sacramenta
647 2226 872 2308 aliaque
907 2227 1107 2285 salutis
1155 2238 1370 2288 nostrae
1422 2227 1721 2305 subsidia,
1759 2235 1930 2308 juxta
1969 2235 2215 2295 modum

99 2332 298 2379 tamen
323 2322 772 2402 uniuscujusque
800 2322 1102 2403 proprium
1125 2321 1230 2401 (2).

180 2416 323 2474 280.
353 2416 420 2473 2⁰
445 2416 785 2475 Notandum
805 2461 821 2491 ‚
848 2438 967 2475 non
999 2438 1122 2476 esse
1153 2417 1628 2497 propitiatorium
1659 2420 2001 2479 sacrificium
2026 2424 2212 2484 Missae

101 2510 211 2567 nisi
239 2512 492 2569 mediate
509 2555 525 2583 ‚
554 2522 839 2591 quatenus
873 2511 1050 2570 habet
1073 2517 1193 2570 vim
1221 2515 1598 2591 impetrandi
1610 2519 1828 2594 qratz'ae
1852 2519 2170 2577 auxilium
2196 2565 2214 2596 ‚

99 2626 214 2683 quo
246 2616 301 2663 et
337 2628 376 2663 a
415 2608 775 2665 mortalibus
828 2617 884 2665 et
918 2630 957 2665 a
996 2609 1339 2665 venialibus
1372 2613 1636 2686 peccatis
1656 2612 2005 2688 justificari
2049 2625 2104 2670 et
2145 2600 2218 2674 in

84 2702 525 2778 justificatione
551 2722 662 2758 sua
695 2703 862 2760 homo
893 2724 1141 2761 cresce-re
1157 2707 1351 2782 possit
1364 2746 1383 2775 ,
1420 2714 1486 2760 ut
1509 2703 1666 2762 idem
1691 2716 1892 2764 auctor
1918 2705 2181 2788 loquitur
2198 2754 2214 2785 7

104 2814 205 2851 seu
239 2817 350 2872 per
389 2801 867 2874 impetrationem
909 2797 1030 2877 (3);
1086 2820 1207 2856 non
1242 2809 1439 2856 autem
1478 2800 1862 2871 immediate,
1898 2812 1965 2859 ut
2011 2804 2213 2864 Sacra-

104 2900 305 2947 menta
336 2891 616 2971 Baptismi
644 2903 703 2950 et
728 2893 1111 2952 Poenitentiae.
1157 2891 1318 2951 Idem
1343 2892 1434 2951 dic
1458 2892 1530 2951 de
1555 2892 1724 2952 bonis
1758 2895 2212 2980 temporalibus,

107 3003 233 3062 quae
255 3005 371 3060 per
397 2989 877 3063 impetrationem
908 2988 1125 3047 virtute
1167 2987 1337 3065 hujus
1378 2988 1643 3047 Sacrificii
1682 2988 2043 3049 obtinentur.

190 3077 331 3135 281.
377 3077 442 3135 30
471 3080 1072 3141 Animadvertendum
1111 3094 1387 3164 praeterea
1417 3128 1431 3156 ,
1474 3082 1608 3141 licet
1645 3096 1799 3143 certa
1833 3084 1991 3166 apud
2026 3086 2216 3147 Theo-

109 3170 265 3251 logos
305 3193 506 3231 omnes
551 3173 818 3262 doctrina*
849 3177 958 3251 sit,
1013 3199 1120 3260 per
1154 3178 1264 3236 hoc
1306 3178 1657 3237 Sacrificium
1699 3180 1967 3260 proxime
2008 3193 2068 3241 et
2113 3184 2218 3245 im-

179 3375 247 3440 (1)
282 3374 380 3426 Cfr.
410 3375 719 3437 Muratorius,
752 3377 981 3442 Liturqia
1013 3378 1111 3427 Ro·
1194 3380 1275 3447 id,
1305 3382 1436 3446 quod
1465 3380 1674 3446 Apostoli
1712 3385 1815 3433 viva
1850 3403 1962 3436 voce
2001 3388 2060 3437 ad
2100 3394 2216 3440 sacri
2310 3437 2318 3444 .

110 3476 256 3508 mana
282 3497 294 3519 ‚
328 3460 437 3506 diss.
474 3461 548 3506 cit.
589 3475 690 3523 cap.
721 3475 737 3506 1
762 3495 774 3516 ‚
814 3459 894 3506 De
931 3462 1115 3526 oriqine
1196 3466 1397 3528 mysterii
1425 3483 1561 3512 usum
1612 3467 1890 3515 servandum
1932 3485 2028 3518 esse
2068 3472 2215 3521 tradi-

114 3558 259 3589 sacroe
289 3541 533 3605 liturqioe,
570 3541 652 3588 ubi
679 3542 877 3589 ostendit
897 3543 1116 3592 adversus
1198 3546 1390 3594 derunt.

113 3621 178 3670 Le
215 3623 343 3671 Brun
364 3662 376 3683 ,
419 3641 567 3671 sacras
604 3623 805 3688 liturgias
841 3625 973 3688 longe
1014 3635 1117 3674 ante
1265 3629 1332 3691 (2)
1369 3630 1640 3693 In111part.
1667 3629 1785 3693 disp.
1818 3646 2006 3692 ccxnx,
2041 3649 2143 3698 cap.
2166 3651 2221 3700 2,

114 3705 251 3752 secul.
269 3724 295 3752 v
314 3707 451 3754 fuisse
470 3707 629 3755 litteris
643 3708 926 3771 consignatas
945 3742 957 3766 ‚
982 3709 1112 3772 juxta
1263 3711 1339 3777 (3)
1372 3713 1494 3762 Ibid.
1522 3713 1639 3778 disp.
1674 3730 1892 3776 ccxxvm,
1918 3733 2014 3780 cap.
2045 3735 2072 3765 2
2097 3731 2141 3769 et
2170 3723 2224 3774 3.

172 3780 254 3844 T.
298 3787 399 3846 VI.
1676 3819 1684 3825 ·
1866 3795 1869 3798 ’
1910 3797 1984 3854 19
