2502 4186
570 248 690 284 CAP.
740 247 802 283 11.
849 248 917 282 DE
959 246 1414 284 CONFIRMA'HOMS
1455 243 1728 283 mms'rno.
2081 223 2193 281 119

216 386 312 444 61.
362 383 446 442 Ad
471 384 550 442 5¹¹¹
568 429 583 458 ,
611 383 822 443 Eadem
845 395 965 443 esto
990 382 1276 442 distinctio
1300 408 1315 456 ς
1347 380 1627 462 siquidem
1649 389 1708 439 et
1729 381 1785 437 S.
1812 380 1980 440 Joan.
2006 378 2189 460 Chry-

135 488 415 536 sostomus
445 477 505 535 id
530 498 711 535 unum
747 477 1051 555 significat,
1079 495 1245 556 posse
1276 474 1487 533 scilicet
1512 473 1840 532 facultatem
1863 517 1878 545 .,
1906 492 2029 553 quae
2061 493 2190 552 pro-

132 571 258 650 pria
281 571 536 651 Episcopi
566 570 640 628 sit
660 614 677 644 ‚
709 567 1112 628 communicari
1140 566 1584 626 extraordinaria
1612 566 1831 625 ratione
1856 565 1990 647 ipsis
2016 567 2189 625 etiam-

132 663 478 742 Presbyteris
497 707 512 736 ,
558 664 604 720 si
633 662 1049 720 ordinationem
1075 660 1338 739 excipias,

213 758 307 814 62.
351 755 437 814 Ad
481 757 592 827 61¹¹,
637 757 790 814 Dist.
839 756 1076 814 Ratione
1128 754 1378 812 materiae
1400 798 1416 826 7
1466 763 1530 811 ut
1576 751 1752 832 aliqui
1799 752 2190 828 contendunt,

131 871 288 910 cono.
310 874 330 915 ;
355 849 574 907 ratione
603 849 859 908 efficaciae
889 859 947 907 et
973 847 1197 910 virtutis
1216 891 1232 919 ‚
1259 846 1352 906 vel
1378 868 1505 926 neq.
1536 844 1628 904 vel
1657 845 1842 903 Suhd.
1878 866 2005 925 quae
2025 850 2189 921 juxta

126 942 339 1005 Bedam
361 948 490 1020 jure
514 943 881 1002 ecclesiastico
913 940 1178 1021 adempta
1213 951 1299 998 est
1325 938 1673 1018 presbyteris
1700 982 1714 1011 ,
1739 948 1924 997 trans.
1947 962 1972 1009 ‚-
1996 957 2154 996 secus
2172 983 2187 1012 .,

125 1058 253 1116 neq.
289 1039 436 1095 Reor
469 1059 673 1118 porro,
705 1055 904 1097 verum
931 1051 1163 1092 sensum
1202 1033 1372 1110 hujus
1406 1031 1787 1090 obscurissimi
1810 1041 2001 1090 textus
2040 1051 2186 1104 esse,

126 1131 482 1204 unctionem,
513 1152 638 1212 quas¹
660 1149 814 1188 nunc
838 1138 1125 1188 reservata
1154 1138 1241 1185 est
1260 1131 1389 1203 jure
1417 1125 1703 1184 ordinario
1723 1124 1853 1184 solis
1879 1124 2191 1207 Episcopis,

128 1226 393 1284 eamdem
444 1225 675 1283 omnino
717 1243 838 1282 esse
888 1242 951 1279 ac
1005 1219 1347 1293 secundam,
1392 1241 1566 1300 quam
1604 1218 1742 1277 olim
1777 1217 1985 1299 passim
2026 1219 2191 1276 Pres-

122 1317 309 1398 byteri
337 1340 406 1377 ex
427 1316 847 1398 dispensatione
873 1314 1243 1375 conferebant
1264 1312 1655 1372 confirmando
1677 1311 2027 1393 baptizatos3
2060 1332 2191 1391 quae

122 1412 363 1470 facultas
403 1421 600 1492 postea
635 1410 983 1490 Presbyteris
1019 1408 1092 1467 ob
1123 1407 1539 1466 nonnullorum
1576 1406 1957 1486 arrogantiam
1999 1403 2189 1463 ablata

122 1517 239 1580 est,
281 1527 343 1564 ac
384 1514 670 1563 reservata
715 1503 819 1562 soli
856 1504 1154 1585 Episcopo.
1196 1502 1344 1561 Hinc
1383 1493 1502 1560 non
1533 1501 1785 1579 cogimur
1822 1520 1952 1557 cum
1987 1497 2192 1557 abbate

120 1600 178 1657 S.
209 1599 482 1678 Cigirani‚
508 1609 785 1678 tanquam
823 1608 1157 1677 corruptum
1190 1595 1489 1653 traducere
1522 1593 1685 1651 illum
1720 1602 1945 1651 textum
1972 1635 1988 1664 7
2011 1583 2189 1671 'prout

116 1693 238 1772 ipse
279 1691 572 1750 contendit
600 1690 814 1771 absque
842 1690 1102 1749 codicum
1131 1689 1466 1749 auctoritate
1490 1732 1507 1762 ,
1539 1698 1604 1745 ut
1635 1686 1749 1745 suis
1777 1684 2186 1767 praeconceptis

116 1785 480 1867 opinionibus
506 1784 821 1864 indulgeat.
2076 1769 2079 1771 μ

194 1879 291 1938 63.
341 1879 427 1939 Ad
451 1879 535 1938 7¹¹²
553 1923 568 1952 ‚
604 1881 758 1942 Dist.
789 1880 1136 1959 Supponunt
1162 1876 1610 1936 constitutiones
1630 1872 1976 1956 Apostolicae
1999 1873 2188 1932 inesse

113 1973 452 2054 Presbytero
482 1974 813 2034 facultatem
847 1973 1260 2047 confirmandi,
1296 1994 1428 2032 cum
1462 1971 1655 2031 debita
1686 1970 1758 2029 ab
1790 1970 2066 2052 Episcopo
2094 1967 2187 2027 de-

50 2129 53 2132 ,
114 2067 461 2148 pendentia,
501 2067 687 2141 conc.‚·
717 2090 821 2149 per
851 2090 943 2143 se,
987 2090 1114 2147 neq.
1158 2068 1264 2148 (1)

198 2161 293 2218 64.
338 2161 423 2219 Ad
452 2163 568 2235 8¹1¹,
597 2164 750 2221 Dist.
782 2164 851 2220 Et
877 2162 993 2220 haec
1021 2156 1244 2242 aliaque
1278 2160 1556 2239 ejusmodi
1588 2158 1835 2219 Concilia
1871 2168 2187 2237 agnoscunt

115 2255 177 2312 in
214 2253 560 2333 Presbyteris
598 2254 747 2312 hanc
770 2255 1101 2314 facultatem
1130 2277 1200 2312 ex
1226 2255 1484 2335 Episcopi
1508 2253 1863 2332 delegatione
1897 2252 2032 2332 ipsis
2068 2250 2186 2308 fac-

114 2357 234 2404 tam
250 2391 266 2422 ,
294 2357 466 2428 prout
488 2346 706 2406 ferebat
722 2349 1023 2428 antiquum
1045 2352 1138 2425 jus
1146 2351 1311 2424 juxta
1338 2347 1486 2404 dicta
1507 2390 1524 2420 7
1550 2367 1740 2411 conc.‚·
1761 2345 1869 2403 sibi
1891 2342 2190 2424 propriam

114 2451 288 2522 atque
323 2441 699 2517 ordinariam,
729 2464 852 2521 neq.
880 2444 1026 2500 Sane
1055 2464 1173 2500 non
1204 2440 1360 2499 aliud
1394 2441 1668 2500 evincunt
1708 2438 1971 2496 adductae
2000 2448 2191 2495 aucto-

115 2535 311 2593 ritates
334 2581 348 2608 ,
392 2536 437 2594 si
471 2535 621 2594 bene
656 2536 1124 2617 perpendantur,
1168 2534 1485 2616 praesertim
1518 2554 1656 2594 vero
1691 2531 1951 2611 Synodus
1989 2530 2191 2616 Hispa.-

118 2626 291 2687 lensis
313 2673 328 2704 ,
361 2640 534 2709 prout
559 2634 678 2707 ejus
707 2628 881 2690 verba
909 2640 1106 2710 aperte
1145 2628 1460 2688 ostendunt
1491 2628 1600 2708 (2).

187 2846 388 2908 (l),Cs1·.
430 2846 682 2902 Cotelerius
703 2885 715 2908 ‚
767 2851 817 2895 in
865 2849 1020 2897 adnot.
1066 2850 1113 2896 in
1209 2845 1310 2894 Ubi
1343 2853 1489 2901 *notm-
1509 2859 1604 2891 που
1618 2844 1737 2908 jure
1758 2841 1922 2889 divino
1943 2875 1960 2902 ,
1992 2856 2092 2888 non
2116 2857 2194 2888 ve-

120 2927 247 2974 hunc
270 2927 439 2975 locum.
1200 2928 1293 2973 teri
1335 2923 1558 2973 Ecclesioe
1593 2924 1813 2970 instituto
1834 2955 1850 2982 ,
1881 2920 1963 2968 sed
2004 2919 2198 2968 novellis

188 3007 251 3068 (2)
270 3006 462 3070 Quidam
489 3024 645 3056 recens
673 3018 828 3057 auctor
858 3009 956 3057 haec
973 3008 1116 3057 Cone.
1200 3016 1243 3054 et
1286 3005 1617 3054 ecclesiasticis
1662 3001 1840 3066 requlis
1896 3000 1995 3049 haec
2056 3002 2204 3047 vetita·

121 3087 397 3151 Hispalensis
431 3104 467 3134 11
483 3088 620 3136 verba
639 3124 652 3145 ‚
681 3088 892 3137 Novellis
922 3097 963 3136 et
979 3088 1119 3136 eccle·
1199 3088 1301 3135 dici
1326 3123 1340 3146 ,
1391 3086 1669 3134 Innocentii
1698 3082 1877 3130 scilicet
1907 3099 1924 3129 1
1971 3081 2148 3128 decreto
2184 3115 2200 3140 ,

121 3169 327 3216 siasticis
365 3167 540 3232 requlis
570 3203 587 3229 ‚
623 3173 825 3233 exposuit
856 3171 913 3217 de
951 3169 1127 3234 leqibus
1206 3170 1344 3234 cujus
1378 3168 1518 3216 verba
1553 3167 1682 3214 citat.
1723 3164 1887 3227 Neque
1921 3161 2006 3210 hoo
2054 3160 2202 3209 solum

121 3248 252 3296 Novi
274 3247 694 3312 Testamenti.Quae
710 3250 894 3315 quidem
912 3252 1129 3314 expositio
1206 3251 1264 3297 in
1282 3247 1480 3314 publica
1511 3245 1703 3296 Boeticoe
1738 3243 1911 3309 synodo
1934 3279 1951 3303 ,
1987 3243 2070 3290 cui
2102 3239 2202 3288 Isi·

122 3329 255 3394 plane
272 3330 474 3377 inaudita
492 3330 748 3378 adversatur
764 3333 847 3378 toti
865 3333 1094 3380 contextui
1114 3353 1127 3378 2
1209 3330 1352 3377 dorus
1367 3326 1675 3394 Hispalensis
1693 3322 1982 3389 metropolita
1988 3317 2203 3387 proefuit,

123 3419 176 3458 ut
191 3428 269 3475 per
288 3427 333 3458 se
353 3420 542 3468 constat,
562 3413 675 3475 quin
694 3410 818 3458 aliud
834 3411 1117 3476 adjiciamuS.
1201 3412 1510 3459 constitutum
1532 3446 1545 3468 ,
1578 3407 1662 3455 sed
1697 3408 1839 3454 etiam
1871 3403 2108 3469 privatim
2144 3398 2204 3446 ab

125 3489 284 3557 Itaque
309 3493 442 3557 longe
464 3491 626 3538 melius
651 3490 794 3538 Lucas
823 3490 1084 3539 Holstenius
1105 3528 1119 3552 ‚
1201 3492 1358 3540 eodem
1379 3490 1568 3541 Isidoro
1588 3488 1786 3536 relatum
1814 3487 1871 3533 in
1890 3484 1974 3532 lib.
2003 3499 2066 3531 vn
2083 3479 2134 3527 E
2136 3487 2203 3543 ty-

126 3569 208 3621 De
233 3574 415 3620 minist.
463 3572 601 3636 Conf.
643 3572 816 3619 dissert.
843 3588 860 3617 1
878 3606 890 3629 ,
921 3588 1024 3635 cap.
1059 3569 1121 3633 4,
1204 3572 1372 3637 moloq.
1398 3588 1517 3638 >cap.
1553 3587 1609 3618 12
1626 3607 1639 3631 ‚
1664 3568 1853 3618 totidem
1875 3580 1997 3631 pene
2030 3561 2205 3612 verbis.

130 3669 235 3718 pag.
285 3670 361 3716 12,
402 3656 585 3704 recitato
630 3671 734 3702 can.
773 3670 836 3702 vn
857 3689 870 3713 ‚
912 3653 1064 3701 su'bdit
1109 3671 1121 3700 :
1206 3655 1420 3704 Ceterum
1450 3669 1675 3702 canonem
1711 3667 1769 3720 xx
1805 3647 2012 3712 superius
2041 3644 2234 3694 recita-»v
