2502 4186
2114 210 2194 269 29

651 235 771 273 CAP.
813 232 900 272 111.
946 234 1017 272 DE
1060 230 1325 270 fflmsl'no
1363 228 1639 267 BAP'rlsm.

113 387 301 437 essent
326 375 472 434 circa
493 373 902 456 poenitentiam
922 392 986 430 ac
998 371 1144 437 circa
1170 369 1459 450 Baptisma
1480 413 1496 442 .,
1523 387 1711 434 conc.;
1742 367 1908 427 sibae
1930 369 2194 430 instructi

112 493 231 530 non
269 481 439 544 sunt,
479 491 604 549 neq.
649 470 715 526 In
754 468 842 526 his
879 476 996 523 tota
1030 462 1175 520 ratio
1214 463 1349 520 facti
1376 473 1459 521 est
1500 460 1765 522 voluntas
1799 462 2076 521 facientis,
2110 465 2196 523 Ex

111 587 282 625 sensu
318 586 490 646 porro
527 563 784 622 Ecclesiae
823 556 1173 619 traditionali
1224 566 1485 625 constat,
1534 578 1567 613 a
1612 555 1765 613 laicis
1806 556 2197 616 administrari

112 681 277 739 posse
317 659 605 738 Baptisma
640 665 882 734 urgente
928 651 1300 723 necessitate,
1341 671 1488 706 non·
1514 659 1725 707 autern¹
1760 651 2198 737 Sacramentum

112 753 489 834 poenitentiae.
523 750 786 823 Accedit,
828 744 1142 806 infantibus
1184 765 1304 801 non
1336 739 1502 801 aliter
1536 744 1784 823 prospici
1819 767 1986 825 posse
2021 767 2198 827 quam

111 869 216 928 per
257 846 645 926 Baptismum3
704 841 935 924 aliquod
975 848 1280 920 propterea
1324 836 1632 896 intercedit
1691 836 1998 898 discrimen
2044 842 2198 900 inter

112 941 407 1020 utriusque
435 940 787 997 Sacramenti
815 933 1231 994 necessitatem.

105 1085 109 1088 Α
192 1035 289 1092 69.
339 1034 428 1092 Ad
460 1034 565 1106 5¹1²,
593 1030 948 1090 Interdicunt
977 1028 1426 1086 Constitutiones
1468 1028 1792 1105 apostolicae
1837 1027 1990 1087 laicis
2028 1051 2199 1088 usum

110 1127 624 1186 administrationis
650 1123 926 1203 Baptismi
965 1120 1235 1179 solemnis
1272 1131 1330 1178 et
1371 1119 1618 1201 publici,
1655 1142 1848 1188 conc.,·
1889 1124 2100 1204 privati
2134 1125 2198 1182 in

111 1223 463 1281 necessitatis
498 1241 626 1278 casu
645 1262 660 1290 ,
699 1230 828 1296 neq.
862 1215 926 1274 Id
953 1225 1113 1295 patet
1137 1236 1207 1273 ex
1232 1215 1503 1273 orationis
1541 1217 1689 1276 serie
1714 1261 1731 1292 ,
1775 1218 1835 1277 in
1877 1239 1990 1299 qua
2014 1218 2199 1297 agitur

114 1315 185 1374 de
216 1317 427 1374 muniis
455 1310 900 1371 sacerdotalibus
932 1309 1590 1389 (1).·
1683 1393 1688 1397 ⁴

190 1411 287 1470 70.
333 1409 416 1469 Ad
451 1407 555 1481 6¹1¹,
584 1409 742 1465 Dist.
766 1405 941 1463 Laicis
961 1425 1080 1461 non
1115 1402 1437 1461 christianis
1462 1403 1523 1461 in
1550 1404 1809 1484 ipsorum
1846 1404 2152 1486 hypothesi
2179 1450 2197 1483 2

109 1517 294 1564 trans.
340 1501 434 1563 vel
475 1523 658 1567 conc.;
696 1499 961 1558 fidelibus
976 1541 999 1570 ,
1033 1519 1160 1577 neq.
1203 1496 1645 1578 Rebaptizantes
1680 1501 1766 1558 uti
1803 1500 2203 1560 haereticorum

109 1599 186 1656 sic
213 1597 384 1656 etiam
412 1618 443 1654 a
472 1596 693 1653 fortiori
721 1593 1044 1652 infidelium
1073 1592 1365 1672 Baptisma
1402 1592 1739 1670 rejiciebant
1766 1594 1873 1673 (2).
1922 1630 1924 1632 -

188 1691 286 1750 71.
334 1689 422 1749 Ad
440 1690 546 1764 7¹¹¹,
576 1692 731 1749 Dist.
760 1686 1066 1767 Arguendo
1098 1685 1170 1744 ab
1194 1685 1448 1745 absurdo
1467 1731 1482 1759 ,
1510 1698 1576 1745 ut
1601 1687 1811 1746 dicitur
1831 1733 1846 1762 ,
1891 1699 1950 1747 et
1983 1688 2057 1748 ad
2091 1689 2203 1749 ho-

109 1785 327 1843 minem
355 1829 371 1858 .,
419 1805 608 1849 conc.;
657 1804 728 1842 ex
776 1781 1010 1864 propria
1055 1781 1375 1854 sententia,
1438 1802 1566 1860 neq.
1619 1782 1941 1842 Contendit
1984 1784 2197 1843 scilicet

110 1881 165 1938 S.
195 1882 406 1937 Doctor
435 1901 555 1937 non
599 1899 719 1936 esse
746 1874 1120 1957 deponendos
1147 1874 1219 1933 ab
1246 1875 1577 1956 episcopatu
1600 1878 1952 1957 poenitentes
1974 1924 1989 1953 .,
2027 1889 2203 1960 prout

110 1973 385 2033 volebant
411 1973 745 2032 Luciferiani
765 2018 780 2047 7
814 1971 1016 2044 eadem
1039 1971 1261 2029 ratione
1278 2015 1294 2043 ,
1324 1992 1570 2051 quasnon
1599 1970 1975 2054 deponuntur
1999 1995 2031 2033 a
2053 1977 2204 2056 Bap-

36 2107 40 2115 .
113 2068 283 2127 tismo
323 2069 433 2127 rite
458 2078 720 2148 suscepto
749 2067 1100 2149 poenitentes
1127 2064 1254 2123 laici
1281 2064 1389 2146 (3).

115 2227 268 2279 bitum
313 2232 451 2279 fuisse
493 2232 550 2280 ab
587 2231 843 2280 Alexandro
883 2231 1112 2295 Episcopo

115 2311 426 2360 Alexandrino
455 2309 723 2377 perhibeant
739 2311 964 2376 ejusmodi
987 2312 1114 2358 lava-

116 2411 244 2442 crum
266 2430 278 2454 ,
305 2396 443 2442 secuti
485 2396 570 2458 ipsi
598 2403 705 2440 sunt
729 2395 779 2440 in
814 2393 899 2440 hac
928 2392 1114 2438 historia

114 2475 349 2523 referenda
364 2477 631 2522 sententiam
642 2476 691 2520 in
704 2476 873 2522 oriente
887 2482 1116 2536 receptam

115 2555 173 2604 de
200 2556 350 2604 valore
389 2556 529 2621 hujus
562 2556 831 2602 sacramenti
873 2571 952 2617 per
979 2554 1115 2601 laicos

118 2638 282 2685 collati.
313 2637 363 2685 Id
383 2639 534 2701 ipsum
562 2636 737 2684 dicatur
752 2636 808 2683 de
827 2636 943 2682 facto
962 2671 975 2695 ‚
991 2634 1115 2699 quod

119 2718 254 2766 refert
279 2718 419 2766 Joan.
449 2717 663 2766 Moschus
689 2754 702 2776 ‚
748 2716 925 2764 Hebraei
951 2731 1116 2779 nempe

123 2815 258 2847 arena
285 2800 516 2864 superfusa
535 2817 560 2846 a
576 2798 703 2846 laicis
722 2798 937 2862 baptizati
962 2813 975 2858 3
993 2797 1115 2862 quod

123 2877 345 2942 baptisma
377 2898 428 2928 ea
458 2890 635 2928 tantum
651 2881 707 2928 dc
733 2897 864 2928 causa
884 2877 1117 2943 improba·-

128 2967 223 3006 tum
241 2969 333 3018 est,
351 2962 472 3024 quod
488 2979 583 3009 non
600 2961 762 3010 idonea
779 2963 966 3009 materia
980 2961 1118 3008 fuerit

126 3039 280 3086 datum
299 3074 311 3096 ,
330 3057 423 3087 non
444 3050 597 3090 autem
617 3060 669 3090 ex
688 3043 867 3090 defectu
884 3044 1080 3089 ministri
1101 3076 1114 3100 ‚

127 3119 183 3168 de
210 3138 302 3186 quo
327 3138 464 3168 nemo
489 3122 744 3182 dubitavit,
780 3134 832 3171 ut
865 3122 1118 3187 legentibus

126 3218 228 3265 cap.
288 3199 380 3267 176
424 3201 569 3249 prat-2·
611 3203 881 3268 spiritualis
930 3204 1116 3269 patebit.

127 3282 267 3330 Miror
292 3293 526 3347 propterea
539 3282 638 3332 haec
654 3285 818 3350 fugisse
837 3286 1118 3351 diligentiam

128 3363 425 3411 Tillemontii.

195 3446 259 3508 (Ι)
296 3444 372 3492 Sic
392 3446 514 3492 enim
538 3444 700 3508 legitur
717 3479 730 3502 ‚
762 3444 922 3494 Const.
947 3446 1117 3513 Apost.

128 3525 214 3574 lib.
245 3531 322 3586 511,
355 3543 458 3590 cap.
498 3541 553 3571 ιο
590 3542 603 3572 :
635 3524 728 3572 Sed
748 3541 834 3572 nec
849 3525 986 3574 laicis
1008 3544 1120 3592 per—

127 3608 363 3654 mittimus
440 3605 694 3671 quamlibet
762 3605 1123 3655 sacerdotalium

127 3687 431 3750 functionum
453 3702 685 3754 usurpare
701 3724 715 3750 ‚
737 3694 793 3736 ut
805 3687 1119 3752 sacrificium,

1194 2228 1266 2276 vel
1289 2227 1540 2295 Baptisma
1559 2268 1573 2293 ,
1615 2231 1690 2279 vel
1715 2234 2067 2298 impositionem
2098 2250 2204 2283 ma·

1194 2325 1304 2369 nus,
1317 2310 1389 2356 vel
1395 2311 1763 2359 benedictionem
1777 2322 1876 2360 tum
1881 2331 2087 2378 parvam
2102 2323 2204 2362 tum

1195 2405 1436 2452 maynam.
1465 2391 1566 2438 Nec
1588 2394 1717 2439 enim
1734 2394 1985 2456 quisquam
2002 2396 2206 2443 assumit

1196 2470 1295 2516 sibi
1318 2469 1566 2530 honorem,
1590 2473 1672 2519 sed
1696 2475 1784 2537 qui
1811 2486 2006 2522 vocatur
2029 2493 2059 2523 a
2084 2474 2203 2526 Deo,

1197 2550 1327 2599 Nam
1336 2569 1427 2616 per
1438 2554 1785 2618 impositionem
1803 2572 2037 2604 manuum
2049 2556 2202 2622 Epis-

1196 2634 1303 2697 copi
1331 2633 1473 2679 datur
1510 2633 1609 2682 Ιιωο
1636 2635 1866 2698 diqnieas.
1907 2637 2012 2703 Qui
2047 2646 2206 2686 autem-

1197 2730 1301 2761 eam
1333 2730 1430 2760 non
1464 2714 1604 2762 habet
1627 2714 1723 2762 sihi
1759 2719 2058 2766 cotnmissam
2078 2756 2092 2777 ‚
2124 2720 2207 2767 sed

1199 2794 1298 2842 sibi
1329 2793 1462 2842 illam
1494 2797 1688 2860 rapuit,
1733 2796 1874 2846 Oziae
1912 2797 2205 2864 supplicium

1198 2876 1467 2925 sustinebit.
1479 2876 1649 2925 Eadem
1666 2877 1757 2927 fere
1774 2880 1984 2944 leguntur
1997 2881 2082 2929 lib.
2102 2891 2202 2942 vm,

1200 2974 1297 3022 cap.
1315 2956 1397 3021 46,
1421 2975 1507 3006 nec
1525 2974 1619 3005 non
1641 2959 1725 3008 lib.
1743 2977 1778 3007 11
1798 2997 1811 3019 ,
1844 2978 1947 3025 cap.
1971 2977 2045 3028 ¹7·
2075 2961 2204 3012 Cete-

1200 3056 1305 3086 rum
1335 3039 1392 3088 de
1414 3042 1676 3087 necessitate
1693 3043 1743 3087 in
1760 3051 1852 3088 toto
1872 3042 1957 3089 hoc
1980 3059 2113 3106 opere
2143 3061 2204 3093 ne

1199 3121 1392 3170 verbum
1415 3121 1620 3186 quidem.
1639 3121 1739 3170 Cfr.
1765 3123 1938 3171 erudita
1954 3124 2114 3174 adnot.
2139 3142 2203 3192 72

1198 3201 1406 3251 Cotelerii
1429 3203 1486 3251 ad
1498 3219 1657 3269 cap.9‚
1671 3203 1752 3250 lib.
1770 3220 1821 3251 111
1842 3203 2201 3271 Constitapost.

1271 3283 1337 3347 (Ξ)
1374 3283 1511 3331 Hunc
1550 3301 1642 3332 esse
1687 3301 1872 3333 sensum
1918 3285 2205 3350 rebaptizan-

1201 3367 1319 3413 tium
1338 3403 1350 3426 ‚
1373 3382 1469 3412 non
1497 3365 1686 3413 obscure
1713 3354 1939 3430 colligitur
1962 3385 2015 3414 ex
2034 3366 2087 3414 E
2081 3369 2202 3432 pist.

1202 3444 1508 3493 Firmiliaui.
1552 3463 1651 3510 pag.
1702 3444 1796 3512 149
1837 3456 1880 3494 et
1927 3444 2017 3494 150
2039 3482 2056 3507 ‚
2087 3447 2202 3497 edit.

1204 3527 1354 3576 Maur.
1375 3524 1643 3591 Refragatur
1660 3537 1815 3574 tamen
1836 3526 2043 3575 Petavius
2058 3561 2075 3588 ,
2100 3527 2203 3576 loco

1206 3626 1311 3657 mox
1337 3608 1520 3656 citando
1548 3608 1772 3656 disserens
1795 3607 1851 3656 de
1874 3607 1922 3654 S.
1948 3607 2132 3656 Basilio.

1269 3689 1339 3756 (3)
1374 3688 1473 3740 cfr.
1507 3689 1759 3741 vallarsius
1785 3690 1836 3738 in
1857 3685 1984 3739 huno
2011 3685 2100 3738 loc.
